1893 3225
611 243 1014 273 EpianMMA'reM
1053 243 1145 272 mn.
1178 243 1271 273 xri.
1580 234 1664 276 871

208 338 313 379 mihi
335 350 461 378 aures
484 342 581 379 tuas
599 340 852 392 exciperem
875 338 1127 378 adventoria
1146 344 1258 378 sua.g

1316 337 1384 378 Tu
1402 339 1531 379 velim
1563 339 1663 389 ista,

212 419 309 460 quae
325 410 489 446 tantum
511 406 630 459 apud
644 410 683 446 te
704 419 788 446 non
811 406 1123 459 periclitantur,
1149 406 1378 458 diligenter
1398 408 1620 447 aestimare
1635 413 1664 436 ¹³

211 479 255 514 et
288 478 493 515 excutere
526 488 611 514 non
651 474 866 526 graveris·

856 506 866 524 ,
900 479 960 523 et,
995 473 1112 526 quod
1144 474 1222 513 tibi
1255 472 1557 514 difficillimum
1579 479 1661 524 est,

213 541 266 582 de
301 542 429 595 nugis
460 543 625 583 nostris
654 542 834 595 judices
864 542 1008 583 nitore
1042 539 1274 595 seposito,¹¹
1304 554 1357 581 ne
1381 540 1586 590 Romam,
1625 543 1666 582 si

212 609 279 649 ita
299 609 563 660 decreveris,
578 613 613 639 ¹4
641 622 726 650 non
744 607 1116 663 Hispaniensemi
1135 609 1294 649 librum
1316 608 1558 658 mittamus,
1588 610 1664 650 sed

215 676 479 730 Hispanum.

212 776 363 807 rissimas.
410 777 451 808 Te
466 787 541 816 rogo
557 782 591 808 ut
607 781 747 808 accurate
759 778 819 808 ista
834 778 1015 818 perpendas,
1037 781 1066 808 et
1080 777 1238 817 patienter
1254 776 1376 815 exigas,
1393 785 1461 816 quoe
1476 777 1573 806 solum
1588 781 1670 817 apud

214 822 245 849 te
260 823 328 850 tuta
350 823 436 858 sunt,
458 824 488 851 et
502 822 580 860 qnod
596 821 654 851 tibi
677 820 892 861 difficillimum
914 824 971 860 est,
984 821 1109 859 judices
1124 822 1160 851 de
1173 819 1266 859 nugis
1280 819 1394 850 nostris
1410 819 1601 858 benignitate
1617 831 1665 851 re-

214 865 310 900 mota,
334 872 382 903 ne,
403 863 431 893 si
448 863 493 894 ita
516 864 681 903 censueris,
703 864 835 894 Romam
860 864 1021 895 mittamus
1037 863 1149 894 librum
1165 873 1226 894 non
1250 862 1505 902 Hispaniensem,
1527 863 1580 893 sed
1596 863 1673 894 His-

213 914 341 943 panum.

818 958 1055 973 eeeeeeeeeee

216 1004 414 1044 Consueram,
436 1007 468 1035 et
496 1005 597 1034 statui
629 1004 661 1034 in
688 1003 907 1035 iisden1.--l3
932 1005 1130 1036 Existimare
1145 1002 1438 1034 Beverland.—14
1463 1002 1674 1033 Deci-everam

213 1046 316 1078 idem.

869 1089 1009 1121 NOTAE

258 1158 273 1179 ἔ
288 1154 481 1184 Ado-euteria
496 1154 567 1193 sua]
593 1154 742 1185 Turneb.
758 1154 813 1185 lib.
827 1163 917 1185 xxx.

214 1214 290 1245 cap.
304 1207 356 1236 26.
376 1205 424 1236 sic
438 1206 589 1246 explicat
605 1206 690 1236 hunc
704 1206 827 1236 locum.
863 1206 918 1236 De

214 1255 302 1286 libro
320 1260 483 1288 autemut
508 1258 516 1273 ‘
530 1256 573 1287 de
587 1256 786 1287 adventoria
803 1257 913 1288 coena'

213 1306 375 1347 loquitur,
391 1317 456 1348 qua
480 1307 642 1347 excipere
668 1308 813 1338 solemus
840 1308 917 1338 ami-

215 1366 272 1388 cos
288 1366 431 1398 peregre
454 1358 650 1398 redeuntes,
671 1362 731 1389 aut
752 1358 852 1398 longo
867 1358 917 1388 in-

216 1408 362 1439 tervallo
378 1408 420 1439 ad
437 1418 497 1439 nos
514 1409 703 1440 venientes.

259 1456 273 1477 ¹¹
291 1459 404 1490 Nitore
417 1458 562 1499 seposito]
585 1458 738 1490 Raderus
761 1462 856 1489 recte
869 1458 917 1488 ni-

218 1513 326 1539 torem
344 1508 471 1540 referre
497 1509 630 1540 videtur
653 1508 697 1540 ad
718 1508 918 1549 elegantiam

219 1565 255 1590 et
283 1561 541 1600 humanitatem,
569 1570 668 1601 quam
700 1559 839 1590 Priscus
877 1557 919 1589 ad

974 1154 1121 1185 carmina
1134 1153 1303 1184 Martialis
1320 1151 1442 1183 afferre
1459 1151 1600 1184 solebat.

1015 1205 1114 1236 iNon
1130 1203 1384 1245 Hispaniensem]
1417 1203 1458 1233 Id
1484 1207 1547 1241 est,
1570 1204 1673 1243 scrip-

974 1260 1046 1287 tum
1065 1257 1099 1287 in
1123 1256 1304 1296 Hispania,
1325 1253 1382 1284 sed
1397 1262 1533 1293 prorsus
1550 1253 1674 1292 Hispa-

974 1316 1066 1346 num,
1110 1315 1170 1336 seu
1204 1305 1428 1344 inelegantem
1471 1308 1506 1334 et
1542 1303 1673 1334 rudem.

973 1356 1208 1397 Hispaniensis
1226 1360 1339 1386 autem
1357 1359 1409 1385 est
1431 1354 1488 1384 ille
1508 1353 1564 1394 qui
1581 1353 1675 1384 inco-

973 1407 1013 1438 lit
1026 1406 1239 1446 Hispaniam,
1255 1405 1335 1435 licet
1359 1403 1496 1434 aliunde
1513 1402 1675 1433 oriundus

974 1458 1039 1488 sit:
1065 1456 1240 1496 Hispanus
1256 1464 1337 1485 vero
1354 1459 1407 1485 est
1427 1454 1482 1484 ille
1499 1453 1556 1494 qui
1576 1459 1677 1483 natus

974 1511 1028 1538 est
1048 1506 1082 1536 iu
1106 1505 1283 1545 Hispania,
1300 1514 1400 1545 quem
1427 1504 1481 1536 hic
1497 1504 1599 1535 sumit
1615 1513 1677 1544 pio

974 1556 1120 1588 barbaro
1137 1560 1171 1587 et
1186 1556 1323 1587 inculto.

782 1765 848 1795 AD
882 1763 1109 1794 EUNDEM.

223 1833 385 1874 RETlA
407 1833 509 1873 dum
533 1838 722 1882 cessant,
742 1833 1063 1885 latratoresque
1085 1830 1290 1878 Molossi,

279 1900 337 1942 Et
357 1913 442 1941 non
463 1901 641 1941 invento
662 1901 787 1955 sylva
809 1900 999 1954 quiescit
1019 1912 1151 1953 apro:

222 1968 341 2017 Otia,
358 1967 526 2018 Prisce,
546 1968 671 2009 brevi
691 1969 858 2022 poteris
879 1968 1040 2008 donare
1060 1966 1223 2007 libello.

278 2036 408 2077 Hora
429 2049 509 2077 nec
531 2037 691 2078 aestiva
711 2041 793 2086 est,
810 2049 892 2077 nec
911 2036 991 2076 tibi
1013 2038 1105 2076 tota
1125 2034 1252 2088 perit.

266 2151 353 2182 Dum
367 2151 447 2182 retia
461 2144 690 2192 conquiescunt,
712 2155 744 2182 et
766 2151 897 2182 Molossi
911 2152 1089 2190 latratores,
1110 2154 1141 2181 et
1166 2150 1254 2189 sylva
1278 2148 1348 2178 silet
1365 2156 1425 2177 non
1440 2148 1561 2186 reperto
1583 2155 1677 2184 apro:

225 2194 256 2226 O
274 2194 395 2234 Prisce,
419 2196 536 2235 poteris
559 2196 632 2226 dare
647 2205 770 2236 operam
785 2195 869 2225 brevi
884 2194 972 2225 libro.
998 2193 1065 2224 Nec
1086 2197 1131 2224 est
1147 2192 1223 2223 hora
1237 2192 1357 2230 aestiva,
1386 2199 1441 2220 nec
1464 2189 1571 2229 perdis
1587 2189 1672 2219 illam
1726 2208 1729 2211 -

226 2241 322 2269 totam
329 2260 337 2268 .

836 2289 952 2300 eeeeee

956 2289 1071 2301 eeeeee

267 2343 307 2374 In
323 2343 400 2375 edd.
417 2348 502 2375 vett.
539 2345 591 2375 Ad
608 2343 831 2375 Priscum—4
858 2344 978 2374 Cartha
991 2352 1052 2385 pro
1065 2346 1131 2374 tota
1145 2339 1352 2372 Beverland.

881 2431 1025 2463 NOTAE

272 2497 286 2524 1
308 2493 402 2524 Retia
417 2495 503 2535 dum]
527 2496 618 2526 Dum
630 2504 696 2526 non
709 2500 762 2528 est
779 2495 925 2526 venandi

228 2550 375 2586 tempus.

274 2596 419 2637 Molossi]
455 2597 564 2627 Canes
591 2597 758 2636 acerrimi,
777 2596 825 2628 sic
841 2596 925 2628 dicti

229 2656 250 2678 a
278 2647 435 2678 Molossis
455 2646 549 2687 Epiri
569 2647 715 2687 populis,
738 2647 797 2678 ubi
827 2650 926 2678 erant

231 2698 364 2739 optimi.

274 2750 294 2778 4
313 2748 379 2779 Nec
394 2747 502 2779 oestiva
515 2748 575 2788 est]
596 2747 671 2779 Hoc
686 2752 752 2787 est,
767 2758 834 2780 non
846 2758 930 2789 opus

233 2804 285 2830 est
321 2798 404 2830 hora
449 2798 642 2840 longissima
674 2798 716 2829 ad
753 2799 931 2840 legendum

978 2505 1091 2526 meum
1106 2493 1241 2525 librum.
1282 2491 1385 2522 Diem
1408 2488 1574 2525 aestivum,
1591 2490 1626 2517 nt
1644 2490 1679 2516 et

977 2546 1177 2587 hybernum,
1187 2544 1221 2574 in
1234 2540 1413 2573 duodecim
1426 2543 1538 2580 partes
1553 2537 1682 2567 divide-

978 2598 1064 2629 bant
1082 2600 1238 2632 veteres3
1266 2593 1355 2624 unde
1376 2588 1569 2621 necessario
1589 2588 1679 2617 liorae

980 2639 1563 2686 aestivaehybernismultolongiores
1573 2641 1682 2667 erant.

982 2696 1070 2728 Vide
1090 2696 1150 2727 lib.
1174 2703 1224 2726 iv,
1244 2692 1347 2733 Epig.
1362 2693 1394 2721 S.
1440 2689 1529 2719 Hinc
1545 2692 1681 2717 constat

983 2748 1073 2778 hunc
1103 2746 1225 2776 librum
1254 2742 1375 2774 Prisco
1401 2739 1548 2771 oblatum
1578 2736 1681 2768 fuisse

985 2798 1038 2828 vel
1069 2801 1222 2828 extremo
1254 2798 1427 2829 autumno,
1461 2793 1519 2819 aut
1553 2787 1680 2818 brumae
