1893 3225
526 264 934 294 ffl›1G1z.-xn1MA'r[¹n1
974 264 1068 295 me.
1103 265 1172 294 ix.
1491 257 1546 297 70

1549 256 1576 297 0¹

119 360 330 411 Quaerite,
352 359 425 413 qui
449 360 572 400 malit
594 359 686 400 fieri
709 360 899 401 conviva
920 360 1141 402 Tonantis
1160 374 1170 413 ;

172 426 248 467 Me
270 441 395 468 meus
418 428 462 468 in
485 428 608 469 terris
628 427 820 481 Jupiter,
843 441 961 478 ecce,
985 432 1117 470 tenet.

1546 364 1574 403 Οἱ

111 527 207 556 remla
221 529 260 557 ud
282 528 432 567 Superos.-
459 528 602 564 Quam-ite
615 528 716 561 alium
732 529 786 571 qui
801 529 891 561 malit
913 529 1073 561 convivari
1094 539 1162 561 cum
1180 530 1330 572 Tonante,
1355 541 1389 561 en
1407 539 1488 562 meus
1514 531 1574 561 Ju-

111 571 198 609 piter
210 571 240 601 ιή
256 571 352 602 terris
366 572 501 612 possidet
517 581 575 603 me.

755 674 945 716 XCIII.

647 764 712 793 AD
744 763 1040 795 coNnYLUM.

117 830 241 880 QUAE
261 830 376 870 mala
397 830 486 871 sint
507 829 688 881 domini,
707 844 810 885 quae
831 831 945 873 servi
969 833 1206 874 commoda
1230 833 1392 883 nescis,

173 896 392 951 Condylo,
417 899 492 951 qui
515 912 686 940 servum
710 905 753 940 te
775 900 915 953 gemis
935 913 1030 941 esse
1053 901 1143 941 diu.

120 966 208 1006 Dat
235 965 315 1006 tibi
337 979 518 1007 securos
542 967 643 1008 vilis
663 967 901 1021 tegeticula
920 981 1122 1010 somnos:

173 1034 367 1086 Pervigil
389 1034 434 1074 in
455 1035 606 1088 pluma
621 1035 775 1086 Caius,
798 1049 916 1087 ecce,
929 1035 1067 1090 jacet.
1542 1083 1546 1086 ,

116 1100 255 1141 Caius
278 1114 304 1142 a
326 1103 469 1155 prima
487 1103 794 1144 tremebundus
814 1104 910 1145 luce
929 1104 1095 1145 salutat
1554 1104 1582 1144 5

173 1168 261 1210 Tot
283 1169 487 1211 dominos
505 1184 514 1211 :
546 1174 592 1211 at
613 1176 677 1220 tu,
701 1169 916 1225 Condyle,
938 1184 1019 1212 nec
1041 1171 1280 1213 dominum.

117 1235 253 1287 Quod
273 1237 422 1287 debes,
444 1236 541 1288 Cai,
563 1237 710 1288 redde,
733 1238 876 1292 inquit
895 1238 1115 1290 Phoebus,
1137 1242 1178 1280 et
1198 1239 1325 1280 illinc

173 1304 415 1347 Cinnamus
433 1320 442 1348 :
475 1306 558 1347 hoc
581 1306 701 1357 dicit,
722 1305 940 1360 Condyle,
959 1320 1088 1348 nemo
1107 1308 1201 1350 tibi.

114 1373 342 1415 Tortorem
365 1375 556 1416 metuis?
589 1376 801 1429 podagra,
821 1375 1122 1430 cheragraque
1148 1380 1323 1417 secatur

176 1441 314 1484 Caius
338 1456 349 1495 3
381 1448 425 1484 et
446 1443 602 1484 mallet
622 1444 806 1484 verbera
820 1443 940 1484 mille
961 1444 1071 1497 pati.
1532 1443 1587 1484 10

162 1553 194 1584 Ο
211 1554 361 1594 Condyle,
382 1554 509 1593 ignoras
523 1565 591 1594 quoe
603 1558 675 1585 sunt
689 1555 771 1586 mala
786 1555 867 1593 heri,
889 1558 925 1585 et
939 1564 1007 1594 qnoe
1021 1554 1177 1584 commodo
1192 1554 1286 1589 serti,
1309 1553 1360 1593 qm·
1377 1553 1460 1584 doles
1481 1557 1512 1584 te
1533 1553 1589 1585 diu

118 1606 183 1627 csse
199 1597 233 1627 in
256 1597 418 1629 servitute.
468 1597 547 1628 Vilis
571 1598 714 1628 lecticula
729 1599 899 1628 commodat
923 1598 983 1628 tibi
1009 1600 1092 1628 tutos
1113 1607 1252 1627 somnos:
1275 1607 1312 1627 en
1337 1597 1432 1626 Caius
1452 1597 1591 1636 pervigil

112 1640 199 1677 jacet
213 1641 247 1670 in
271 1640 390 1679 pluma.
437 1640 563 1670 Summo
579 1651 669 1670 mane
687 1642 784 1671 Caius
800 1641 1020 1671 tremebundus
1041 1640 1159 1670 salutat
1176 1643 1222 1670 tot
1249 1639 1405 1669 dominos.-
1429 1641 1481 1670 sed
1497 1643 1544 1678 tn,
1569 1650 1590 1671 ο

122 1683 273 1722 (ἶοηίίῃῐε,
297 1692 351 1713 nec
366 1683 522 1713 dominum
537 1683 674 1714 salutas.
723 1684 752 1713 Ο
779 1684 850 1719 Cai,
872 1683 954 1713 sobre
978 1683 1127 1721 debitum,
1149 1682 1196 1712 ait
1224 1682 1370 1721 Phoebus,
1393 1684 1483 1722 atqu‘e
1504 1683 1591 1714 illinc

101 1725 311 1764 sCinnumus:
337 1735 356 1756 o
383 1727 533 1766 Condyle,
556 1727 658 1757 nullus
682 1725 740 1757 tibi
761 1726 837 1757 dicit
854 1726 921 1756 hoc.
967 1725 1021 1756 An
1051 1726 1143 1756 times
1164 1723 1339 1756 tortorem?
1378 1727 1474 1756 Caius
1499 1727 1591 1757 ardet

102 1772 108 1776 “
117 1769 264 1808 podagra
280 1772 309 1799 et
325 1768 486 1809 chaugy-0,
509 1773 540 1800 et
557 1770 659 1800 mallet
669 1769 739 1809 pati
755 1769 838 1800 mille
843 1769 988 1810 flogella.
1015 1768 1033 1786 *
1056 1768 1074 1785 ²⁴⁵

734 1843 972 1856 eeeeeeeeeeee

165 1889 182 1917 l
207 1886 278 1917 Pro
294 1886 393 1917 nescis
408 1885 567 1918 Pulman.
584 1888 659 1919 eod.
678 1887 763 1929 legit
775 1887 903 1928 quoeris,
918 1892 953 1919 et
968 1897 1033 1928 pro
1049 1887 1114 1928 qui,
1130 1889 1274 1918 cum.-—3
1289 1886 1356 1918 Alii
1373 1886 1590 1918 lecticula.-7

120 1930 130 1947 ‘
145 1930 247 1962 Quod
260 1935 385 1969 tentas,
398 1940 459 1970 pro
473 1930 573 1970 inquit
585 1930 729 1971 legendo
744 1931 815 1961 hinc
831 1931 891 1970 ait,
904 1932 1007 1962 unice
1023 1929 1277 1961 admittendum
1295 1929 1464 1961 arbitror:
1483 1930 1593 1961 consi-

121 1973 205 2004 dera
228 1982 309 2004 vero
324 1973 527 2004 varietatem
542 1975 619 2005 cod.
636 1975 766 2005 Thuan.
792 1975 828 2005 in
846 1973 965 2004 eodem
985 1984 1032 2005 vs.
1052 1975 1109 2015 qui
1127 1983 1188 2014 pro
1205 1974 1279 2012 Ca'z',
1296 1974 1376 2003 Ca'io
1389 1973 1591 2004 substituit:

122 2015 320 2047 discrimine
336 2017 417 2047 satis
431 2017 576 2056 ingenti,
590 2017 650 2048 sed
670 2027 792 2048 vereor
810 2022 849 2048 ut
861 2016 895 2047 id
911 2021 1007 2048 recte
1024 2017 1136 2047 sensui
1149 2016 1375 2047 convenerit.’
1392 2016 1594 2056 Anonymus

122 2059 261 2099 quidam
273 2059 307 2089 in
321 2060 386 2100 Ep.
405 2060 493 2091 Crit.
506 2060 548 2090 ad
564 2060 647 2091 Ant.
664 2060 707 2091 de
721 2061 830 2100 Rooy.
861 2059 870 2075 ‘
886 2060 944 2091 Nil
964 2060 1149 2101 quidquam
1163 2060 1218 2090 hic
1234 2063 1364 2090 temere
1377 2060 1595 2092 mutaverim.

122 2102 191 2133 Sed
216 2103 278 2133 hoc
303 2103 386 2142 scio,
410 2112 476 2133 non
493 2104 597 2134 semel
612 2104 779 2134 Veterum
803 2103 879 2133 loca
906 2103 1075 2143 imperitis
1091 2102 1216 2141 dicam,
1233 2111 1276 2133 an
1293 2102 1593 2140 imprudentibus?

122 2154 190 2176 non
207 2145 387 2177 observata
410 2146 581 2186 Synizesi,
597 2145 701 2177 fuisse
717 2146 929 2187 depravata:
949 2146 1017 2177 vid.
1036 2155 1112 2186 quae
1129 2149 1228 2176 notat
1243 2145 1406 2185 Ampliss.
1424 2145 1593 2185 Vonkius,

123 2188 225 2220 Lect.
249 2189 379 2222 Lanu.
396 2192 428 2221 6.
453 2189 522 2220 Sed
539 2189 582 2221 ad
596 2189 775 2221 Nostrum.
821 2189 956 2220 Vellem
974 2189 1134 2230 equidem
1157 2188 1242 2219 alius
1275 2188 1394 2220 Poetae
1425 2188 1593 2229 (Cornicis

124 2231 215 2262 enim
232 2241 299 2263 non
317 2232 516 2264 inusitatum
532 2243 539 2263 :
565 2232 635 2264 vid.
662 2232 771 2264 Wasii
798 2232 916 2263 Senar.
945 2242 974 2264 c.
1003 2231 1054 2273 9.)
1083 2231 1279 2272 exemplum
1307 2235 1526 2263 succurreret
1546 2232 1593 2262 ait

123 2275 371 2316 monosyllabi3
395 2276 514 2317 quovis
539 2275 685 2316 pignore
703 2275 965 2315 contenderem,
993 2275 1172 2316 scripsisse
1200 2274 1346 2305 Poetam
1380 2275 1471 2310 Quod
1492 2274 1595 2314 debes,

124 2318 197 2358 Ca'z,
218 2319 325 2356 redde,
347 2319 419 2350 hinc
440 2319 488 2349 ait
518 2319 666 2357 Pltoebus,
689 2322 719 2350 et
750 2318 838 2349 illinc
865 2318 1049 2349 Cinnamus.
1096 2319 1140 2349 Et
1160 2317 1268 2349 cuivis
1281 2317 1383 2358 paulo
1398 2317 1596 2350 accuratius

125 2360 322 2401 inspicienti
339 2362 538 2403 apparebit,
560 2362 631 2393 hinc
647 2362 694 2393 ait
717 2361 821 2393 facile
839 2372 858 2392 a
875 2362 982 2393 sciolo
1001 2361 1157 2392 Librario
1180 2360 1213 2391 iu
1229 2360 1331 2400 inquit
1352 2361 1479 2392 mutari
1497 2364 1596 2400 potu-

126 2403 206 2435 isse.
251 2406 457 2447 Quanquam
481 2405 612 2446 nescio,
628 2415 669 2436 an
687 2415 754 2436 non
771 2405 832 2436 sub
849 2406 893 2435 τῶ
911 2404 1043 2437 Phoebus
1056 2404 1150 2435 aliud
1162 2413 1284 2435 nomen
1295 2404 1473 2445 proprium
1487 2404 1595 2445 dissy-

172 2535 247 2574 Teg.
272 2534 461 2575 [Lenticula]
484 2534 667 2577 Significat
690 2545 833 2577 parvum
889 2541 992 2567 tores.

128 2586 269 2616 lectum.
930 2589 951 2616 9
977 2586 1151 2626 Tortorem]
1189 2578 1220 2617 A
1237 2595 1302 2627 quo
1333 2585 1516 2627 aliquando
1540 2594 1596 2617 va-

172 2638 193 2666 4
219 2634 332 2675 Cuius]
354 2635 521 2667 Dominus
538 2641 627 2668 tirus.
891 2636 998 2677 pulas.

173 2689 194 2718 ὓ
220 2686 277 2717 Tot
299 2686 450 2726 dominos]
473 2687 568 2719 Quot
582 2697 705 2728 nempe
731 2686 836 2718 habet
934 2688 1086 2727 Podagra
1098 2685 1324 2727 cheragraque]
1348 2688 1434 2719 Quae
1448 2690 1527 2717 sunt
1543 2695 1598 2717 ve-

132 2740 310 2778 patronos.
891 2738 1068 2769 hementes
1079 2737 1113 2768 in
1126 2737 1249 2778 pedum
1262 2741 1296 2768 et
1305 2746 1460 2768 manuum
1473 2737 1597 2769 articu-

177 2788 245 2818 Nec
265 2785 437 2827 dominum]
460 2786 578 2818 Caium
595 2788 736 2820 scilicet.
892 2789 932 2819 lis
946 2788 1090 2829 dolore-S,
1105 2788 1238 2820 Gallice
1255 2788 1297 2818 les
1309 2789 1431 2827 goutes.

176 2841 195 2868 7
236 2837 369 2869 Phoebus
398 2841 427 2868 et
460 2837 645 2877 Cinnamus]
684 2838 839 2868 Foenera-

222 2892 334 2932 Delph.
350 2895 378 2921 rt
402 2891 473 2921 Var.
494 2891 575 2921 Clas.
798 2893 944 2923 Illurliul.
1439 2894 1458 2921 2
1482 2892 1511 2921 Y
