1893 3225
240 201 325 243 766
717 214 767 244 M.
802 214 914 244 vAi..
948 215 1222 246 MARTiALxs

243 305 349 346 Non
370 318 485 359 opus
507 308 574 347 est
594 307 721 348 nobis
743 308 925 348 nimium
944 309 1110 350 lectore
1126 309 1292 361 guloso.
1668 314 1695 353 5

298 372 434 414 Hunc
455 373 574 423 volo,
588 374 665 426 qui
685 373 765 415 fiat
785 388 873 416 non
893 375 985 416 sine
1004 389 1121 429 pane
1142 380 1279 416 satur.

238 473 319 501 cent.
365 470 437 500 Non
459 470 635 510 indigemus
656 473 768 503 lectore
790 473 921 505 nimium
931 475 1062 512 guloso.-
1086 474 1166 505 hunc
1187 474 1264 513 volo,
1288 475 1340 513 qui
1362 478 1527 507 saturetur
1550 487 1608 508 non
1624 477 1691 508 sine

236 522 327 552 pane.

847 578 1085 590 ‘neoto-teter

239 620 302 649 -6
326 619 411 650 Pene
426 618 481 649 ed.
506 619 588 650 Par.
615 623 710 652 1617.
734 621 744 639 ‘
761 622 847 652 Pene
869 621 946 652 cod.
971 631 1033 662 pro
1057 621 1165 653 cauda
1181 632 1207 653 s,
1233 621 1311 654 fine.
1336 623 1428 654 Hinc
1452 624 1461 641 ‘
1479 622 1545 655 offa
1561 624 1692 664 penita’

235 670 290 701 ap.
308 661 448 693 Festum
461 666 497 693 et
513 662 621 693 alios.’
647 664 833 694 Becerland.
868 664 1095 695 Consulendae
1112 670 1193 696 sunt
1211 665 1292 696 Not.
1308 666 1390 696 Var-

892 736 1038 767 NOTAE

281 802 299 829 5
325 800 397 830 Non
412 809 486 840 opus
507 798 567 838 est]
591 799 741 831 Eandem
759 801 937 832 continuat
992 801 1054 831 bus
1070 802 1286 834 carminibus.
1330 803 1386 834 Sic
1408 805 1553 836 conviva
1568 805 1695 845 placet,

235 849 480 890 metaphoram.
523 850 647 881 Sensus
669 855 741 881 est:
767 851 852 882 Mihi
868 852 938 891 pla·
993 851 1049 892 qui
1077 862 1143 883 non
1169 854 1248 884 solis
1270 854 1427 894 cupediis
1454 855 1585 896 expleri
1610 856 1694 897 vult,

237 903 293 930 cet
310 900 421 930 lector
437 900 508 939 ille,
531 901 586 941 qui
602 910 669 931 non
687 901 766 931 solis
787 901 878 941 jocis
902 906 938 932 et
994 902 1053 933 sed
1070 912 1158 943 pane
1175 903 1278 935 etiam
1296 904 1457 936 vescitur.

236 949 345 990 nugis,
382 950 442 982 sed
473 951 668 983 delectatur
694 952 798 984 etiam
827 951 936 992 gravi-

913 1091 1020 1134 LX.

819 1181 883 1210 DF.
920 1180 1117 1210 MUNNA.

234 1244 263 1285 J
272 1255 373 1286 URA
397 1246 523 1287 trium
544 1246 672 1300 petiit
692 1260 718 1288 a
740 1247 919 1289 Caesare
943 1248 1279 1302 discipulorum,

291 1311 516 1354 Assuetus
539 1326 717 1367 semper
739 1315 913 1356 Munna
930 1315 1088 1356 docere
1112 1315 1236 1355 duos.

278 1409 400 1441 Munna
410 1411 505 1450 petiit
521 1421 539 1441 ιι
557 1411 681 1442 Coesare
688 1411 745 1449 jus
759 1412 855 1442 trium
869 1412 1102 1452 discipulorum,
1116 1413 1224 1443 solitus
1239 1414 1345 1445 docere
1357 1415 1443 1446 duos.

891 1485 1125 1497 eeeeeeeeeeee

278 1527 396 1558 Nauna
410 1526 486 1559 cod.
510 1527 693 1559 Pulmann.
710 1527 744 1558 in
761 1527 862 1559 titulo
875 1533 910 1559 et
926 1528 959 1559 in
977 1528 1247 1569 Epigrammate.

892 1614 1033 1646 NOTAE

233 1681 246 1708 1
273 1677 334 1708 Jus
344 1675 458 1716 trium]
473 1676 577 1709 Jocus
593 1676 725 1717 petitur
739 1677 843 1719 ajiire
856 1677 959 1710 trium
969 1678 1167 1719 liberorum,
1183 1677 1225 1709 de
1244 1687 1311 1720 quo
1323 1678 1422 1720 Epig.
1439 1681 1491 1711 91.
1506 1681 1540 1711 et
1550 1682 1602 1712 92.
1614 1680 1637 1712 l.
1650 1690 1689 1712 n.

890 1808 1023 1850 LXI.

687 1895 1002 1927 EPITAPHIUM
1038 1896 1223 1927 EROTII.

230 1960 329 2001 ch
352 1960 560 2002 festinata
579 1962 819 2015 requiescit
840 1962 1031 2003 Erotion
1051 1963 1220 2012 umbra,

286 2027 480 2069 Crimine
502 2041 634 2081 quam
654 2028 736 2069 fati
758 2033 887 2071 sexta
908 2030 1094 2084 peremit
1114 2029 1287 2083 hyems.

232 2094 452 2148 Quisquis
474 2095 562 2136 eris
582 2096 722 2137 nostri
741 2099 847 2149 post
866 2110 938 2138 me
957 2100 1160 2150 regnator
1183 2096 1327 2150 agelli,

285 2160 504 2202 Manibus
526 2162 702 2215 exiguis
721 2175 871 2204 annua
892 2162 1019 2217 justa
1039 2163 1159 2204 dato.

269 2258 338 2289 Hic
352 2258 440 2297 jacet
457 2259 605 2290 Erotium
620 2263 718 2291 morte
732 2259 914 2299 immatura,
929 2260 1020 2301 quam
1046 2260 1206 2298 interfecit
1227 2263 1318 2291 sexta
1339 2260 1446 2301 hyems
1467 2260 1683 2299 criminesati.

228 2300 259 2333 Ο
279 2306 329 2342 tu,
345 2302 482 2342 quisquis
491 2302 662 2342 possidebis
675 2307 816 2334 nostrum
830 2304 965 2343 agellum
985 2307 1056 2344 post
1071 2313 1131 2343 me,
1141 2303 1200 2341 fac
1213 2303 1426 2334 anniversaria
1443 2313 1533 2334 sacra
1542 2305 1685 2335 manibus

838 2376 897 2387 eet

267 2420 288 2448 2
308 2416 318 2434 ‘
336 2418 468 2457 Peregit
495 2418 612 2458 hyems.
658 2417 714 2449 Ita
732 2417 920 2449 Scriverius
943 2416 1055 2449 edidit
1077 2426 1140 2458 pro
1155 2417 1295 2458 vulgato
1319 2419 1473 2458 peremit:
1497 2423 1602 2452 recte.
1625 2420 1682 2452 Sic

226 2469 302 2500 sup.
316 2460 418 2491 lib.v.
431 2460 533 2500 Epig.
544 2463 597 2490 37.
611 2459 654 2491 de
665 2460 785 2492 eadem
798 2460 933 2491 Erotio:
958 2460 967 2478 ‘
980 2460 1088 2492 Quam
1105 2460 1326 2500 pessimorum
1340 2463 1403 2492 διο.
1427 2462 1533 2493 Sexta
1547 2463 1683 2503 peregit

224 2501 371 2542 hyeme.'
395 2502 468 2533 Lib.
477 2511 542 2533 v11.
556 2502 720 2542 Epig.47.
731 2503 893 2544 ‘Jamque
906 2506 1067 2543 peractus
1078 2501 1175 2534 eras!
1189 2502 1324 2535 Consul.
1334 2509 1370 2535 et
1383 2504 1500 2537 Burm.
1513 2505 1556 2535 ad
1565 2505 1682 2537 Valer.

226 2545 341 2576 Flacc.
357 2552 384 2575 1.
400 2544 489 2576 1463
532 2543 614 2576 Ant.
630 2545 667 2575 de
683 2545 783 2586 Rooy.
881 2586 1021 2618 NOTAE

270 2653 287 2681 1
312 2649 490 2690 Requiescit
504 2650 650 2690 Erotion]
672 2651 725 2682 De
736 2659 802 2692 qua
813 2650 928 2691 puella
982 2649 1093 2682 teriit.

226 2699 358 2731 dietum
375 2700 477 2740 Epig.
494 2701 546 2731 34.
565 2705 602 2731 et
627 2702 680 2731 37.
704 2700 762 2731 lib.
787 2709 821 2731 v.
851 2710 925 2741 quae
1023 2705 1043 2733 4
1065 2701 1216 2733 Manibus
1243 2702 1384 2742 exiguis]
1408 2702 1483 2734 Hoc
1518 2705 1584 2743 est,
1610 2712 1679 2735 um-

225 2749 375 2781 nondum
398 2759 460 2781 sex
484 2759 589 2782 annos
605 2750 756 2790 integros
780 2754 861 2781 nata
877 2750 925 2781 in·
980 2751 1050 2784 brae
1065 2752 1174 2784 Erotii
1192 2752 1334 2792 puellae:
1353 2752 1411 2784 lib.
1426 2761 1461 2783 v.
1477 2752 1566 2793 epig.
1582 2754 1635 2785 34.
