1893 3225
253 255 338 318 596
723 265 773 295 Μ.
809 263 922 295 VAL.
959 261 1238 295 MAwriAnls

255 362 314 403 Et
335 362 458 416 prius
480 373 642 401 arcano
664 361 844 401 satietur
860 359 1022 400 lumine
1044 359 1224 409 Phoebi,

312 429 554 471 Nascentis
577 427 702 470 Circe
725 441 858 482 quam
874 427 997 469 videt
1017 441 1094 468 ora
1113 428 1266 482 patris.
1659 427 1714 468 10

254 496 387 546 Haec,
409 495 622 549 Auguste,
642 499 800 546 tamen,
819 509 915 549 quae
940 496 1102 536 vertice
1127 495 1274 536 sidera
1292 495 1456 549 pulsat,

309 565 398 606 Par
418 565 575 606 domus
596 568 664 604 est
684 564 798 605 coelo
815 578 825 605 :
860 563 937 604 sed
956 564 1099 605 minor
1118 568 1184 604 est
1202 563 1391 604 domino.

251 685 374 724 Phoebi,
400 695 490 726 quam
515 685 605 716 Circe
629 685 790 715 intuentur
819 695 873 715 ora
901 684 1056 724 genitoris
1079 684 1220 716 orientis.
1266 683 1494 723 Nihilominus,
1518 693 1537 715 ο
1560 683 1716 723 Auguste,

253 729 301 759 hae
315 730 395 760 <edes
416 739 484 770 quae
512 729 644 759 culmine
674 731 808 767 tangunt
837 732 936 768 astra,
960 738 1052 768 pares
1074 731 1144 759 sunt
1168 728 1264 765 coelo;
1286 729 1339 758 sed
1359 731 1431 759 sunt
1448 728 1647 767 angustiores
1661 728 1714 758 do-

252 782 347 802 mmo.

909 824 1055 857 NOTAE

296 905 317 933 9
345 901 388 931 Et
400 899 488 942 prius
503 899 630 940 arcano]
656 900 734 931 Hoc
759 905 824 939 est,
838 901 959 941 palatii
1015 904 1111 932 tuum
1126 898 1302 940 palatium.

255 963 343 994 apex
378 952 471 993 prius
503 950 689 982 offunditur
713 952 839 982 lumine
867 952 962 991 solis,
1059 954 1099 982 12
1124 949 1322 990 Pnrdomus]
1357 949 1456 981 Licet
1471 953 1529 982 tua
1548 949 1679 990 domus,
1696 961 1716 982 ο

255 1015 354 1047 quam
383 1011 545 1034 cacumen
571 1002 697 1033 montis
724 1002 856 1040 Circes,
883 1012 958 1042 quae
1016 1002 1226 1039 Domitiane,
1244 1000 1425 1033 altitudine
1442 1005 1545 1042 atque
1561 1002 1718 1041 amplitu-

254 1056 336 1087 solis
351 1053 421 1085 filia
436 1053 531 1084 dicta
558 1057 619 1084 est.
659 1052 761 1083 ovid.
779 1053 865 1084 Met.
882 1061 959 1082 mv.
1015 1053 1094 1083 dine
1126 1053 1246 1084 coelum
1279 1055 1406 1092 aequet,
1436 1056 1548 1082 tamen
1570 1061 1635 1082 non
1666 1057 1718 1083 est

254 1108 392 1144 Arcano,
408 1103 485 1145 quia
501 1103 632 1134 >cilicet
646 1102 740 1143 prius
756 1112 855 1144 quam
878 1102 959 1133 alibi
1013 1104 1094 1134 satis
1121 1099 1246 1145 amula,
1270 1113 1345 1145 quae
1381 1107 1416 1135 te
1447 1103 1562 1134 Deum
1592 1113 1716 1145 capere

253 1160 420 1198 appareat
448 1155 575 1194 lumen,
594 1154 667 1195 jam
699 1154 749 1185 sol
774 1154 957 1185 illustravit
1012 1154 1133 1196 possit.

819 1338 1099 1381 XXXVII.

751 1441 817 1470 AD
854 1440 1216 1470 POLYCARMUM.

258 1513 407 1564 QUOD
430 1513 645 1557 Caietano
665 1517 828 1568 reddis,
853 1518 1130 1572 Polycarme,
1152 1518 1358 1568 tabellas,

314 1581 465 1623 Millia
485 1586 526 1623 te
547 1588 722 1625 centum
745 1599 847 1626 num
869 1587 1077 1627 tribuisse
1097 1591 1228 1639 putas
1245 1588 1263 1627 ’ἔ

255 1649 420 1690 Debuit
439 1649 553 1700 haec,
570 1652 742 1706 inquis:
775 1654 855 1695 tibi
875 1654 1006 1704 habe,
1028 1654 1303 1708 Polycarme,
1325 1653 1527 1704 tabellas,

308 1716 367 1757 Et
388 1716 603 1761 Caietano
626 1721 764 1763 millia
787 1722 914 1763 crede
939 1722 1040 1763 duo.

299 1839 330 1870 O
357 1839 551 1881 Polycarme‚
572 1852 612 1872 αη
638 1842 740 1873 credis
765 1846 796 1874 te
819 1843 938 1873 dedisse
955 1845 1076 1874 centum
1098 1842 1199 1873 millia
1231 1842 1394 1881 Caietano,
1411 1842 1489 1882 quod
1513 1842 1618 1872 reddis
1631 1841 1719 1872 tabu-

256 1882 327 1955 lgsssf
341 1929 353 1956 t
371 1883 492 1914 Debuit
515 1884 592 1924 hoec,
614 1886 679 1916 ais:
711 1885 742 1916 O
772 1886 971 1927 Polycarme,
994 1896 1083 1916 serva
1099 1885 1158 1916 tibi
1174 1885 1306 1925 tabulas,
1321 1888 1352 1916 et
1367 1888 1473 1916 mutuo
1489 1885 1529 1915 da
1544 1885 1644 1916 millia
1667 1888 1719 1916 tuo

289 1935 338 1956 aze
355 1936 426 1958 ano.
1276 1935 1278 1938 ’

879 1981 1106 1993 “ure-‘me

300 2042 319 2070 2
346 2039 454 2071 Miltia
471 2043 641 2072 tercentum
661 2051 720 2072 ποη
736 2041 845 2072 codex
862 2041 1056 2072 Pnlmanni.
1102 2041 1212 2072 Miltia
1226 2045 1257 2072 te
1286 2044 1408 2072 centum
1432 2051 1491 2072 non
1516 2040 1593 2072 Ald.
1622 2040 1721 2073 Junt.

259 2081 366 2113 Coliu.
381 2084 512 2124 Gryph.
525 2086 588 2115 ἃς.
634 2085 741 2114 Miltia
757 2088 787 2115 te
803 2088 923 2115 centum
947 2095 1018 2115 num
1048 2084 1166 2116 Plant.
1188 2085 1326 2117 Junian.
1342 2085 1470 2125 Delph.
1489 2084 1593 2116 Grut.
1609 2084 1720 2116 Scriv.

259 2130 294 2156 et
307 2125 549 2158 Schrevel.—4
572 2127 780 2158 Beverlandi
797 2128 865 2159 ΜΞ.
888 2128 988 2158 millia
1003 2129 1095 2159 redde
1110 2129 1181 2160 duo.
1212 2127 1282 2159 Alii
1298 2129 1386 2159 crede
1401 2131 1465 2159 tuo.

301 2300 321 2328 2
347 2297 388 2328 Te
399 2298 536 2338 centum]
570 2298 651 2340 Alii,
666 2302 847 2342 tercentum,
861 2301 963 2333 millia
1017 2311 1084 2332 non
1100 2306 1164 2340 est,
1185 2304 1288 2342 atque
1311 2300 1360 2331 ita
1375 2300 1457 2331 licet
1472 2309 1539 2330 non
1555 2298 1720 2330 reddidis-

258 2356 381 2388 nempe
398 2350 606 2380 sestertium.
1019 2363 1084 2393 ses,
1110 2353 1289 2393 pecuniam
1322 2358 1438 2383 tamen
1463 2356 1580 2383 mutuo
1604 2351 1720 2382 datam

301 2399 386 2429 Num
397 2398 558 2439 tribuisse]
572 2400 652 2440 Alii,
662 2412 733 2441 non,
743 2402 853 2434 minus
863 2402 962 2434 benc.
1017 2413 1188 2444 nunquam
1205 2412 1455 2444 recuperasseS.

258 2447 384 2479 Sensus
399 2453 472 2480 est:
512 2450 543 2481 Ο
566 2450 783 2492 Polycarme,
812 2452 963 2484 creditor
1060 2457 1080 2485 4
1102 2453 1211 2484 Μὶὶῐία
1237 2453 1339 2493 crede]
1375 2454 1502 2484 Rursus
1542 2445 1728 2493 pecuniam'

259 2498 412 2530 liberalis
427 2499 544 2531 haberi
564 2502 699 2542 nequis,
716 2503 805 2543 quod
828 2513 962 2544 nomen,
1017 2503 1059 2535 da
1085 2509 1215 2546 mutuo,
1244 2504 1292 2535 sic
1320 2513 1400 2536 vere
1424 2502 1603 2536 munificus
1625 2502 1719 2534 vide-

259 2549 400 2581 creditae
417 2551 571 2591 pecunia»
587 2558 835 2594 argumentum,
851 2555 963 2585 reddi·
1017 2555 1121 2586 heris.

260 2599 351 2632 deris
375 2602 553 2644 Caietano,
574 2603 632 2644 qui
654 2613 777 2645 nempe
800 2605 963 2636 solvendo
