1924 3225
313 248 396 290 546
790 261 840 291 M.

874 261 986 292 VAL.
1020 260 1298 292 MARTIALIS

482 356 576 401 Aut
594 359 766 412 grandis
787 373 899 410 reus,
918 363 993 402 aut
1012 365 1173 414 potens
1195 360 1392 402 amicus:
1743 362 1771 403 5

482 427 573 469 Seu
591 428 709 482 quod
731 432 772 469 te
794 430 945 483 potius
963 430 1093 484 juvat
1113 430 1329 483 capitque,

482 494 558 536 Sic
580 497 732 537 vincas
755 496 1041 550 Noviumque
1065 497 1366 550 Publiumque

481 562 685 605 Mandris
706 570 751 606 et
771 566 911 606 vitreo
931 566 1097 606 latrone
1119 565 1327 617 clausos3

481 631 556 674 Sic
576 633 771 687 palmam
793 634 873 674 tibi
895 633 948 673 de
971 634 1137 685 trigone
1159 632 1280 672 nudo

480 699 639 743 Unctae
663 701 737 742 det
756 702 881 743 favor
901 701 1061 742 arbiter
1081 714 1275 751 coronae,

1712 702 1769 743 10

481 767 580 809 Nec
600 769 749 810 laudet
771 769 930 823 Polybi
951 769 1095 821 magis
1116 769 1346 809 sinistras:

480 835 528 876 Si
550 838 782 890 quisquam
803 850 901 878 mea
923 837 1086 878 dixerit
1106 837 1327 889 malignus

307 952 409 982 lances
422 954 477 981 aut
491 952 597 991 pocula
612 961 755 982 avorum.-
776 952 839 982 sire
854 953 932 992 quod
948 956 978 982 te
1000 953 1131 983 delectat
1152 955 1182 983 et
1198 955 1292 983 tenet.
1339 951 1393 982 Sic
1419 961 1543 992 superes
1568 951 1707 982 Novium
1734 955 1765 983 et

307 994 452 1024 Publium
461 995 577 1025 clausos
591 995 727 1024 mandris
739 999 766 1025 ct
781 996 877 1025 vitreo
892 996 1010 1026 latrone
1025 1007 1034 1026 .-
1054 996 1099 1025 sic
1107 995 1203 1032 favor
1218 995 1317 1025 turboe
1334 995 1543 1033 unctaejudex
1555 994 1614 1025 tibi
1637 994 1764 1025 addicat

302 1037 464 1075 praemium
477 1038 514 1068 de
529 1037 650 1076 trigone
666 1038 758 1077 nudo,
780 1047 833 1068 nec
854 1039 956 1077 magis
977 1039 1165 1069 commendet
1187 1038 1334 1069 sinistras
1362 1037 1496 1078 Polybii.
1541 1037 1579 1069 δι’
1601 1037 1762 1078 quisquam

911 1113 1028 1124 oooooo

1030 1113 1149 1124 eeeeee

304 1156 382 1195 quod
398 1154 601 1186 Beverlandi
626 1155 776 1186 M.e.—10
805 1156 932 1187 Nuncta
957 1159 987 1187 te
1001 1155 1098 1193 favor
1124 1157 1157 1188 iu
1181 1156 1300 1189 codice
1325 1157 1622 1189 Florentium—11
1650 1156 1764 1197 Polybi

304 1208 411 1229 manus
424 1199 569 1230 sinistras
584 1198 692 1229 codex
709 1198 900 1230 Pulmanni.

960 1253 992 1284 N
998 1252 1100 1284 OTAE

344 1318 364 1346 4
388 1315 449 1346 Sed
464 1315 578 1355 lances]
603 1315 701 1356 Epig.
717 1318 771 1347 47.
787 1326 904 1357 supra.

344 1365 480 1406 Scyphos
491 1366 631 1406 avorum]
644 1365 717 1397 Hoc
727 1371 791 1406 est,
803 1368 927 1407 pocula
940 1376 1002 1398 an-

303 1417 409 1457 tiqua,
427 1423 462 1448 et
479 1418 590 1457 magni
606 1418 721 1457 pretii.

341 1471 360 1498 5
389 1468 528 1499 Grandis
542 1468 626 1509 reus]
652 1468 764 1499 Cliens
789 1468 883 1499 dives
901 1479 1000 1510 quem

301 1516 500 1550 defendisti,

341 1571 360 1598 7
376 1569 569 1610 Noviumque
581 1570 799 1611 Publiumque]
826 1569 1000 1601 Peritissi-

297 1629 367 1650 mos
384 1629 504 1660 nempe
522 1621 727 1651 calculorum
745 1621 884 1651 lusores.
925 1621 998 1652 Cal-

297 1669 469 1709 cagninus,
483 1669 524 1700 de
539 1671 743 1702 calculorum
761 1671 852 1709 ludo,
866 1671 914 1701 sic
929 1671 996 1702 cal-

296 1722 390 1751 culos
407 1722 577 1761 explicat:
603 1723 693 1756 Quin
711 1726 745 1753 et
774 1722 942 1753 latronum
961 1728 997 1754 et

296 1783 415 1804 cauum
428 1774 559 1804 nomine
570 1775 762 1805 celebratos
780 1775 926 1806 calculos
940 1786 996 1815 ag-

295 1833 419 1855 nosco:
442 1831 540 1856 erant
567 1826 696 1856 scilicet
712 1825 745 1856 in
763 1825 882 1865 abaco,
898 1835 997 1867 quem

295 1880 328 1905 et
351 1874 488 1906 πλίνθων
520 1881 738 1915 vocaverunt,
756 1886 814 1906 seu
841 1882 877 1906 tu
894 1877 997 1907 later·

294 1926 402 1956 culum
415 1926 557 1966 dixeris,
575 1927 732 1966 regiones
750 1926 844 1956 lineis
861 1926 1001 1957 distinc-

295 1982 338 2006 1ae
356 1987 362 2006 :
386 1977 442 2007 has
470 1976 569 2007 urbes
596 1977 850 2016 nuncupabant.
889 1977 1000 2008 Erant

294 2026 345 2056 hae
362 2028 517 2067 regiones
535 2027 736 2068 plerumque
748 2027 900 2068 quinque
913 2027 999 2058 line-

293 2077 366 2116 olis,
383 2078 718 2119 transversariisque,
736 2083 771 2109 et
785 2078 996 2109 decussatio-

293 2127 389 2159 uibus
418 2129 612 2160 alternatim
644 2129 818 2168 dimensae,
848 2129 996 2169 quinque

294 2184 328 2208 et
357 2179 475 2219 xiginti
503 2189 661 2211 numero:
686 2179 824 2218 singulis
847 2179 996 2210 latrones

294 2229 441 2270 quinque
472 2231 676 2270 insidebant,
692 2235 820 2271 przeter
836 2230 996 2271 mediam,

292 2280 483 2311 miitantum
501 2287 646 2322 quatuor
664 2281 920 2312 tribuebantur:
937 2291 997 2311 ex·

293 2329 462 2360 cubabant
471 2331 583 2372 itaque
596 2332 755 2371 utrinque
764 2331 926 2370 latrones,
938 2341 997 2362 seu

292 2389 390 2410 canes
399 2381 502 2412 mavis
511 2382 636 2421 dicere,
646 2382 813 2413 coloribus
825 2381 994 2421 distincti,

291 2429 406 2461 hostili
419 2432 528 2462 animo
541 2432 751 2464 insidiantes,
778 2433 826 2463 Ea
843 2431 907 2463 fuit
925 2432 994 2463 ludi

291 2481 391 2519 ratio,
416 2486 452 2512 ut
475 2482 502 2512 si
526 2492 610 2513 unus
639 2493 681 2513 ex
704 2484 818 2513 hostili
858 2483 992 2523 agmine

290 2531 508 2563 incomitatus
537 2533 864 2573 deprehenderetur,
879 2534 928 2564 ita
956 2538 993 2564 ut

291 2583 526 2614 circumveniri
544 2590 673 2624 posset,
691 2585 848 2625 captivus
865 2595 907 2616 ex
920 2585 992 2615 acie

290 2633 493 2665 traheretur.
532 2635 577 2666 Et
595 2636 694 2675 paulo
721 2635 820 2673 infra,
844 2638 899 2667 De
925 2637 993 2667 cal·

290 2684 389 2722 culis,
417 2684 537 2725 inquit,
561 2686 786 2716 meminerunt
812 2687 994 2725 Martialis,

290 2734 350 2764 lib.
380 2743 458 2765 X1v.
484 2735 584 2775 Epig.
602 2739 654 2766 20.
683 2737 945 2768 ‘Insidiosorum
964 2738 992 2768 si

293 2785 380 2815 ludis
408 2786 498 2816 bella
516 2787 695 2825 latronum,
721 2788 902 2819 Gemmeus
927 2790 989 2820 iste

289 2836 350 2866 tibi
367 2835 475 2876 miles,
492 2842 527 2867 et
542 2836 645 2868 hostis
660 2838 725 2869 erit
739 2839 759 2868 ε’
783 2844 816 2869 et
842 2840 986 2871 Ovidius

1057 1317 1100 1349 de
1118 1317 1204 1350 Arte
1216 1318 1371 1350 amandi:
1394 1319 1404 1336 ‘
1416 1319 1497 1350 Sive
1511 1318 1684 1350 latrocinii
1697 1319 1759 1349 sub

1056 1369 1204 1409 imagine
1230 1369 1381 1400 calculus
1397 1369 1471 1405 ibit,
1488 1369 1557 1400 Fac
1575 1372 1697 1409 pereat
1713 1368 1761 1399 vi·

1056 1424 1129 1450 treo
1160 1420 1256 1451 miles
1276 1420 1318 1451 ab
1342 1420 1440 1451 hoste
1458 1419 1559 1451 tuus!
1604 1420 1680 1451 Nec
1710 1426 1759 1451 ta-

1057 1479 1134 1500 men
1158 1480 1211 1501 me
1237 1471 1407 1511 praeterit,
1422 1471 1470 1501 sic
1487 1469 1602 1511 pergit
1617 1470 1761 1510 Calcag-

1058 1520 1168 1559 ninus,
1197 1530 1366 1561 gemmeos
1397 1522 1476 1561 quin
1505 1525 1541 1551 et
1578 1520 1705 1551 vitreos
1742 1530 1761 1550 a

1058 1570 1220 1602 Martiale
1233 1571 1382 1602 calculos
1396 1570 1580 1611 appellari:
1603 1569 1679 1600 ‘Sic
1689 1569 1761 1600 viu·

1055 1631 1111 1652 cas
1143 1622 1292 1653 Novium
1329 1621 1560 1662 Publiumque
1592 1620 1764 1661 Mandris,

1055 1677 1091 1703 et
1108 1673 1217 1703 vitreo
1234 1673 1366 1703 latrone
1390 1671 1546 1703 clausos-³
1594 1671 1759 1702 Mandras

1055 1724 1143 1755 enim
1161 1724 1271 1755 dictas
1288 1729 1385 1764 puto,
1409 1732 1490 1764 quas
1506 1722 1661 1763 regiones
1679 1722 1759 1753 Pol-

1052 1775 1109 1805 lux
1127 1780 1242 1812 vocat,
1274 1779 1309 1805 et
1332 1773 1544 1805 Eustathius:
1576 1782 1652 1803 cuin
1676 1782 1758 1803 vero

1052 1825 1208 1856 distincti
1224 1824 1338 1856 forent
1355 1825 1421 1855 suis
1438 1822 1606 1855 coloribus
1621 1823 1761 1862 calculi,

1052 1879 1088 1906 et
1111 1885 1153 1905 ex
1178 1875 1216 1905 iis
1233 1875 1289 1905 ille
1304 1875 1480 1915 deperiret
1496 1874 1551 1915 qui
1568 1875 1658 1905 inter
1674 1875 1758 1905 duos

1055 1925 1288 1965 deprehensus
1301 1924 1405 1956 facile
1428 1925 1666 1956 circumveniri
1685 1935 1760 1966 pos-

1055 1981 1119 2015 set,
1135 1976 1214 2006 hinc
1233 1976 1275 2007 ab
1292 1975 1411 2006 eodem
1438 1975 1602 2006 Martiale
1626 1975 1757 2006 dictum

1054 2031 1233 2067 putamus:
1260 2027 1268 2042 ‘
1283 2027 1441 2057 Discolor
1468 2026 1521 2057 hic
1539 2026 1672 2066 gemino
1689 2026 1756 2056 vie-

1055 2083 1106 2108 tus
1125 2077 1167 2108 ab
1184 2078 1279 2109 hoste
1302 2077 1418 2118 perit.’
1464 2077 1562 2108 Idem
1577 2077 1756 2117 Calcagni-

1052 2138 1112 2159 nus
1139 2133 1238 2169 putat
1254 2129 1344 2158 hunc
1359 2127 1566 2159 calculorum
1579 2126 1694 2158 ludum
1708 2126 1758 2157 di-

1052 2188 1184 2209 versum
1199 2188 1274 2209 esse
1292 2188 1311 2209 a
1328 2178 1452 2219 scapis,
1469 2178 1616 2217 Gallice,
1629 2177 1758 2215 Echecs,

1053 2240 1136 2271 quos
1149 2230 1206 2260 alii
1219 2230 1227 2246 ‘
1243 2229 1468 2260 Latruucnlos
1489 2228 1498 2242 ’
1516 2234 1647 2260 vocant.

1096 2286 1116 2314 9
1140 2283 1191 2314 De
1222 2284 1346 2323 trigone
1369 2282 1465 2322 nudo]
1505 2283 1562 2313 De
1592 2282 1654 2313 hoc
1675 2282 1753 2322 pilae

1053 2343 1180 2374 genere.
1197 2333 1256 2365 lib.
1275 2343 1325 2366 1v.
1340 2333 1440 2374 Epig.
1454 2336 1505 2363 19.
1519 2341 1618 2373 quem
1635 2331 1751 2363 ludum

1054 2386 1136 2417 nudi
1154 2392 1189 2417 et
1207 2387 1301 2418 uncti
1318 2384 1539 2417 exercebant.

1094 2440 1131 2468 ll
1157 2437 1285 2478 Polybi]
1309 2437 1447 2468 Lusoris
1473 2445 1555 2466 sane
1580 2434 1683 2475 periti
1709 2435 1752 2465 si-

1048 2487 1156 2518 nistra
1179 2497 1247 2518 non
1263 2487 1368 2528 magis
1384 2486 1543 2517 laudetur
1555 2496 1656 2527 quam
1678 2491 1749 2517 tua.

1048 2537 1205 2569 Observa
1217 2538 1389 2569 sinistram
1400 2537 1545 2568 maxime
1559 2537 1632 2567 usui
1644 2535 1749 2567 fuisse

1048 2588 1084 2618 in
1106 2588 1169 2619 hoc
1198 2588 1287 2620 ludo.
1340 2587 1428 2618 Vide
1457 2587 1516 2618 lib.
1549 2595 1624 2618 xiv.
1649 2587 1751 2628 Epig.

1047 2642 1102 2670 46.

1092 2693 1132 2721 12
1156 2689 1194 2720 Si
1209 2688 1382 2729 qnisquam]
1406 2689 1486 2719 Meo
1500 2689 1634 2719 nomine
1646 2687 1750 2719 famo-

1049 2750 1085 2770 sa
1117 2740 1269 2770 carmina
1289 2739 1447 2777 ediderit,
1476 2749 1529 2771 me
1547 2739 1588 2771 ab
1603 2740 1666 2771 hac
1690 2749 1745 2770 ca·

1046 2790 1173 2821 lumnia
1189 2788 1350 2821 defendas
1367 2799 1461 2831 rogo.
