1893 3225
215 247 299 288 762
691 260 739 290 M.
775 261 887 293 VAL.
921 262 1193 293 MARTIALIS

881 421 1013 463 LIII.

673 508 985 540 EPITAPHHJM
1019 509 1208 540 scoRPI.

214 573 336 613 ILLE
359 586 442 626 ego
463 585 561 614 sum
583 573 798 628 Scorpus,
821 576 1008 617 clamosi
1027 576 1168 630 gloria
1189 575 1326 626 Circi,

271 641 480 690 Plausus,
502 640 666 691 Roma,
687 642 766 692 tui,
789 643 1051 698 deliciaeque
1072 645 1251 685 breves:

212 707 372 749 Invida
392 721 522 761 quem
542 708 755 751 Lachesis
772 715 945 764 raptum
966 711 1188 752 trieteride
1209 724 1344 761 nona,

269 775 387 815 Dum
407 781 606 816 numerat
626 776 820 829 palmas,
842 777 1030 818 credidit
1051 791 1152 819 esse
1174 791 1333 819 senem.

254 884 286 915 Ο
305 884 418 923 Roma,
432 893 488 923 ego
503 894 569 915 sum
580 884 631 915 ille
646 884 790 926 Scorpus,
805 887 896 918 decus
911 886 1035 918 clamosi
1051 886 1149 922 Circi,
1162 889 1288 928 plausus
1303 888 1363 928 tui,
1378 890 1409 918 et
1423 887 1541 918 delicia.²
1553 886 1670 925 breves,

212 937 302 966 quem
317 930 444 967 raptum
457 937 537 958 nona
557 927 723 959 trieteride
745 929 853 960 invida
868 929 1015 961 Lachesis
1035 930 1159 970 putavit
1181 940 1244 962 esse
1258 931 1409 970 vetulum,
1431 931 1504 961 dum
1525 932 1668 961 numerat

209 969 369 1000 victorias.

813 1023 1049 1035 memmo-

254 1063 332 1094 Hoc
349 1063 569 1105 Epigramma
591 1066 737 1097 collocat
753 1066 984 1098 ed.Barbouii
1007 1071 1086 1107 post
1107 1067 1171 1107 Ep.
1193 1070 1247 1098 50.
1294 1066 1441 1105 Ejusdem
1463 1065 1668 1107 Epitaphium

208 1106 419 1180 {iffi-32:112&
436 1117 537 1148 quem
563 1107 623 1139 dat
645 1109 704 1139 illa
726 1108 907 1140 Parisiana
932 1109 1037 1140 editio
1063 1115 1180 1141 nostro
1196 1109 1520 1150 Epigrammati.—3
1544 1109 1672 1140 Laceris

868 1194 1016 1226 NOTAE

252 1258 269 1286 1
294 1255 352 1286 Ille
366 1255 438 1296 ego]
461 1255 551 1287 Vide
567 1257 668 1297 Epig.
684 1260 738 1289 50.
752 1266 868 1297 supra.
968 1258 1057 1290 enim
1074 1258 1257 1289 triennium
1269 1261 1339 1289 est:
1356 1257 1458 1298 Epig.
1475 1260 1527 1288 38.
1543 1257 1602 1289 lib.
1618 1266 1669 1290 νι.

251 1308 269 1335 3
299 1305 473 1337 Trieterz'de
494 1306 591 1346 nona]
609 1307 686 1338 Hoc
703 1314 771 1346 est,
793 1312 911 1338 natum
1009 1311 1029 1339 4
1041 1308 1127 1339 Dum
1139 1311 1281 1339 numerat
1292 1307 1428 1348 palmas]
1444 1308 1537 1340 Quas
1548 1307 1581 1338 in
1596 1307 1670 1339 Cir-

208 1355 328 1395 viginti
360 1360 396 1386 et
433 1362 566 1397 septem
605 1357 723 1389 annis:
763 1357 912 1389 trieteris
968 1367 1009 1389 co
1027 1359 1191 1398 plurimas
1206 1357 1398 1398 reportavit
1413 1358 1575 1399 Scorpus.

875 1469 1000 1511 LIV.

819 1557 871 1587 lN
906 1558 1060 1588 OLUM.

208 1624 434 1675 MENSAS,
458 1623 559 1675 Ole,
579 1625 721 1666 bonas
741 1625 898 1679 ponis:
931 1625 1011 1665 sed
1032 1627 1165 1679 ponis
1186 1631 1382 1681 opertas.

262 1692 522 1733 Ridiculum
544 1697 640 1733 est:
672 1705 858 1747 possum
878 1693 943 1734 sic
965 1706 1046 1746 ego
1067 1694 1229 1736 habere
1250 1697 1408 1736 bonas.

249 1797 316 1835 Ole,
329 1797 458 1837 apponis
473 1797 564 1828 bonos
576 1796 682 1833 cibos;
703 1799 737 1827 at
750 1796 881 1837 apponis
893 1799 1001 1829 tectos.
1046 1798 1192 1839 Ineptum
1208 1802 1275 1830 est:
1291 1799 1347 1830 hoc
1367 1799 1456 1830 modo
1472 1809 1594 1840 possum
1610 1810 1665 1841 ego

206 1839 318 1871 habere
334 1841 445 1871 lautos.

866 1882 899 1913 N
903 1882 1012 1914 OTAE

250 1948 266 1975 1
286 1944 428 1984 Mensas]
447 1944 532 1977 Olus
544 1944 706 1976 laudabat
718 1945 812 1976 cibos
822 1955 909 1986 quos
964 1946 1058 1977 illum
1085 1946 1209 1978 irridet
1237 1946 1366 1978 Poeta:
1391 1947 1440 1980 sic
1466 1948 1555 1980 enim
1570 1957 1669 1990 posse

205 1995 416 2036 apponebat,
442 1996 502 2026 sed
528 1996 578 2026 ita
604 2000 716 2026 tectos
733 2000 770 2026 ut
786 2005 806 2025 a
831 2005 910 2026 con·
965 2007 1002 2028 se
1018 1998 1149 2029 lautum
1163 1998 1402 2039 essejocatur.

206 2046 291 2077 vivis
321 2046 407 2077 sumi
443 2046 635 2088 nequirent,
664 2045 753 2077 unde
782 2045 908 2078 festive

740 2249 791 2278 IN
826 2249 1131 2280 MARULLAM.

322 2316 609 2358 ARREc'rUM
635 2317 811 2370 quoties
832 2315 1028 2358 Marulla
1047 2331 1206 2370 penem

319 2384 537 2425 Pensavit
556 2383 722 2436 digitis,
744 2383 909 2435 diuque
929 2396 1086 2424 mensa
1107 2389 1189 2434 est,

320 2451 493 2501 Libras,
517 2451 746 2505 scriptula,
770 2450 1062 2503 sextulasque
1083 2450 1205 2492 dicit.

805 2537 1024 2550 Oe‘eeaeoaeeaeae
1030 2538 1047 2549 e

248 2586 266 2614 3
290 2582 444 2623 Scrupula
455 2581 532 2613 edd.
550 2585 637 2613 vett.
652 2581 816 2613 Nostram
834 2582 914 2613 lect.
932 2582 992 2613 dat
1004 2582 1071 2614 Ms.
1090 2581 1269 2614 Pulmann.

865 2655 1006 2689 NOTAE

250 2713 270 2742 3
294 2709 458 2750 Sextulas]
480 2709 623 2742 Sextula
638 2713 691 2741 est
704 2712 805 2740 sexta
827 2719 906 2750 pars
961 2715 1034 2742 tam
1060 2715 1222 2743 accurate
1254 2715 1427 2753 pensaret,
1458 2716 1492 2743 et
1523 2711 1661 2744 metire-

207 2761 328 2793 unciae.
374 2760 504 2791 Facete
530 2759 642 2791 Poeta
664 2763 830 2791 stateram
855 2759 906 2792 di-
962 2766 1029 2802 tur,
1044 2763 1108 2795 &c.

207 2812 254 2843 cit
272 2810 459 2844 libidinosae
478 2810 635 2844 Marullae
651 2819 799 2852 manum,
830 2820 905 2853 quae
