1893 3225
1585 247 1605 283 sd!

575 252 980 284 EPIGRAMMATUM
1019 254 1111 284 1213.
1149 254 1195 284 X.
1522 245 1587 286 '750'

1579 351 1606 389 0¹

155 347 374 390 Vaticana
394 348 540 397 bibas,
561 348 599 388 si
622 346 854 387 delectaris
883 349 1033 387 aceto:

212 414 318 455 Non
336 415 444 456 facit
463 414 520 454 ad
540 412 813 454 stomachum
834 417 986 452 nostra
1006 412 1169 464 lagena
1189 415 1320 453 tuum.

148 524 257 554 rodere
272 526 397 555 costum.
443 524 540 554 Potes
556 522 720 563 Vaticana,
741 522 769 553 si
791 526 912 553 acetum
925 523 1025 563 placet
1041 521 1119 553 tibi.-
1141 525 1247 552 nostra
1264 522 1373 562 lagena
1385 532 1443 553 non
1460 524 1599 554 convenit

151 569 205 597 tuo
220 567 387 598 stomacho.

805 605 950 638 NOTAE

192 675 210 701 5
241 670 408 712 Vaticana]
443 670 533 702 Vina
567 671 700 703 scilicet
734 670 850 702 acerbi
946 672 967 700 6
994 669 1111 700 Nostra
1139 668 1266 708 lagena]
1290 668 1366 700 Hoc
1391 673 1456 709 est,
1483 669 1602 701 Nostri

151 721 301 761 saporis:
320 720 378 751 lib.
397 730 419 752 1.
442 721 542 762 Epig.
562 723 614 752 19.
903 731 1021 753 versus
1038 721 1099 753 tibi
1116 729 1180 751 non
1197 719 1413 751 conveniunt.

682 964 731 993 IN
771 964 1069 994 MATHONEM.

150 1018 322 1069 OMNIA
344 1029 412 1070 vis
431 1029 555 1079 belle,
579 1029 747 1080 Matho,
767 1031 937 1072 dicere:
971 1030 1043 1072 dic
1067 1029 1305 1084 aliquando

206 1096 264 1137 Et
283 1097 392 1137 bene
410 1110 419 1137 :
451 1096 522 1137 dic
543 1101 772 1139 neutrum:
805 1098 878 1139 dic
899 1097 1138 1152 aliquando
1160 1097 1288 1137 male.

188 1214 220 1247 Ο
230 1215 360 1288 cyatho,
382 1214 430 1246 vis
444 1214 545 1245 dicere
568 1215 674 1246 omnia
690 1214 765 1247 belle
779 1226 789 1246 .·
812 1215 862 1247 dic
884 1215 1049 1256 aliquando
1064 1218 1094 1247 et
1116 1219 1207 1256 apte:
1230 1215 1280 1246 <lic
1297 1218 1459 1247 neutrum.-
1483 1217 1532 1248 dic
1543 1219 1600 1248 ali-

149 1267 228 1298 quan
251 1268 268 1288 o
282 1267 331 1288 ma
345 1267 371 1289 e.

802 1310 946 1342 NOTAE

190 1377 207 1405 1
231 1372 361 1413 ΜαίΙιο]
385 1373 439 1404 De
455 1382 522 1414 quo
538 1372 597 1404 lib.
610 1382 662 1405 xv.
678 1373 777 1415 Epig.
794 1377 845 1406 80.
900 1375 1072 1406 interdum
1088 1374 1269 1406 rhetoricae
1285 1378 1474 1415 praecepta,
1491 1379 1527 1406 et
1542 1385 1602 1406 nn-

145 1423 204 1465 qui
221 1423 332 1454 omnia
345 1423 522 1463 eleganter
538 1422 654 1454 dicere
672 1425 821 1456 volebat.
900 1424 976 1455 dam
1004 1424 1182 1455 veritatem
1210 1433 1343 1464 expone
1357 1434 1365 1454 :
1390 1425 1458 1465 vel,
1489 1429 1526 1455 ut
1552 1426 1600 1457 ait

189 1476 209 1504 2
233 1473 278 1503 Et
293 1471 383 1512 bene]
408 1472 483 1503 Hoc
496 1476 563 1512 est,
577 1473 619 1504 ad
633 1483 703 1505 rem
719 1483 844 1515 propo·
900 1473 1286 1511 Farnabius,1nterdum
1299 1474 1351 1504 vel
1365 1474 1600 1514 potentissimo

147 1523 258 1555 sitam.
898 1523 982 1554 vitia
997 1523 1180 1562 exprobra,
1195 1532 1258 1553 nec
1271 1532 1407 1563 semper
1422 1523 1517 1555 dicas
1532 1534 1600 1556 om-

186 1573 361 1613 Aliquando
385 1573 478 1614 male]
501 1571 579 1604 Hoc
598 1576 664 1613 est,
695 1572 844 1613 Neglige
899 1573 955 1604 nia
969 1573 1011 1604 ad
1028 1572 1292 1604 assentationem
1309 1572 1463 1605 divitum.

768 1727 974 1769 XLVII.

547 1815 614 1844 AD
646 1815 838 1846 JUfflUM
874 1815 1196 1847 MARTIALEM.

258 1880 429 1922 V1TAM
455 1893 555 1934 quae
576 1881 744 1922 faciunt
765 1884 1023 1933 beatiorem,

258 1947 287 1989 J
291 1947 589 1988 ucundissime
611 1947 848 1998 Martialis,
871 1949 969 1990 haec
988 1954 1112 1989 sunt:

259 2014 356 2056 Res
376 2026 464 2055 non
485 2017 613 2067 parta
632 2015 796 2064 labore,
817 2015 896 2056 sed
917 2015 1076 2056 relicta
1093 2030 1104 2066 ;

258 2080 363 2121 Non
383 2080 579 2133 ingratus
600 2093 728 2133 ager3
758 2081 883 2122 focus
903 2082 1129 2134 perennis;

186 2194 218 2225 Ο
236 2194 396 2225 carissime
411 2194 589 2234 Martialis,
604 2195 670 2225 haec
690 2197 764 2224 sunt
779 2204 849 2234 quoe
864 2195 1000 2236 officiunt
1015 2194 1112 2225 vitam
1126 2193 1304 2232 feliciorem
1317 2203 1327 2225 .·
1349 2204 1400 2225 res
1418 2205 1477 2226 non
1493 2197 1596 2235 acqui-

147 2236 210 2267 sita
225 2236 341 2277 labore,
354 2238 408 2268 sed
422 2237 555 2268 relicta.-
577 2246 654 2276 ager
671 2246 732 2268 non
749 2237 881 2277 sterilis,
889 2236 983 2274 focus
994 2240 1172 2278 perpetuzw,
1187 2237 1226 2267 lis
1240 2246 1405 2277 nunquam,
1420 2247 1494 2269 rara
1508 2242 1596 2277 toga,

742 2320 845 2332 wetere
850 2319 986 2332 ‘noeto

188 2371 241 2403 Aa
256 2372 292 2402 J.
315 2372 365 2402 M.
381 2372 498 2403 Filium
527 2373 604 2404 cod.
625 2373 764 2405 Beverl.
809 2372 862 2404 Ad
883 2374 1013 2415 seipsum
1039 2374 1118 2406 edd.
1143 2379 1229 2406 vett.
1251 2375 1261 2392 ‘
1275 2374 1353 2405 Hoc
1370 2374 1499 2415 insigne
1516 2375 1597 2415 Epi-

144 2423 295 2453 gramma
327 2423 394 2444 non
416 2419 498 2455 apte
525 2415 736 2448 inscribitur.
788 2415 919 2447 Scribit
947 2417 1036 2448 enim
1056 2417 1110 2448 hic
1133 2421 1168 2448 et
1191 2416 1271 2448 alibi
1287 2417 1399 2448 Petita
1423 2423 1538 2448 noster
1554 2417 1595 2448 ad

795 2499 936 2533 NOTAE

183 2560 236 2593 Ad
250 2560 373 2591 Julium
389 2560 585 2602 Martialem]
609 2562 662 2594 De
679 2573 745 2604 quo
770 2564 840 2604 egi·
894 2569 953 2596 ant
967 2564 1033 2596 alio
1049 2564 1161 2597 modo.

139 2621 214 2642 mus
229 2611 290 2642 lib.
306 2620 355 2642 ιν.
370 2611 469 2652 Epig.
484 2615 537 2644 64.
551 2618 586 2644 et
598 2614 656 2646 lib.
668 2623 719 2646 vl.
739 2614 840 2655 Epig.
936 2617 956 2646 4
980 2616 1080 2647 Focus
1100 2613 1261 2656 perennis]
1290 2614 1503 2655 Metonynna
1528 2618 1595 2653 est,

142 2665 174 2692 l.
210 2660 252 2691 In
282 2661 390 2691 veteri
418 2661 538 2693 codice
568 2662 767 2696 inscribitur
798 2666 840 2696 ad
894 2669 930 2695 et
945 2663 1057 2696 focum
1074 2674 1136 2706 pro
1152 2665 1243 2697 victu
1261 2665 1388 2705 posuit,
1404 2664 1513 2705 inquit
1528 2665 1594 2694 Ra-

139 2711 282 2751 seipsum.
893 2713 1004 2746 derus.

184 2763 203 2792 3
226 2760 288 2792 Sed
302 2761 426 2802 relicta]
458 2762 675 2795 Testamento
704 2771 839 2804 nempe,
