1893 3225
277 212 363 253 626
727 218 773 245 M.
810 217 919 246 vm„
955 213 1233 244 MAR‘riAms

940 309 1080 343 NOTA-3

330 385 344 413 l
372 377 615 420 Hoplomachus]
648 377 684 409 Is
709 381 770 417 est,
801 377 857 419 qui
883 376 982 408 armis
1039 375 1129 406 mala
1142 379 1194 405 est
1209 372 1297 404 oculi
1313 370 1460 402 affectio.

285 436 427 473 pugnat,
442 430 506 461 hoc
530 428 799 469 est,gladiator:
827 428 985 468 ophthal-
1082 429 1101 456 2
1128 424 1242 455 Fecisti
1265 421 1413 461 medicus]
1437 419 1616 460 Imperitia
1632 419 1737 450 homi-

284 484 391 514 micus
406 491 484 513 vero
497 480 650 512 medicus
663 484 716 511 est
730 479 786 520 qui
800 484 896 511 curat
908 488 987 510 ocu·
1040 485 1101 506 nes
1119 474 1263 511 necasti,
1280 482 1354 502 oum
1377 480 1466 501 esses
1483 469 1645 509 medicus,
1660 479 1741 510 quos

284 537 346 575 los,
374 534 421 565 sic
450 533 560 563 dictus
584 531 627 562 ab
658 531 881 572 ophthalmia,
910 539 986 571 quae
1042 530 1077 557 et
1095 535 1182 556 nunc
1200 522 1328 555 occidis
1351 521 1529 562 gladiator.

909 645 1118 687 LXXV.

754 737 815 766 DE
847 736 1009 766 GALLO
1047 734 1276 765 mucouo.

286 809 404 850 DUM
423 804 580 860 repetit
601 816 702 845 sera
723 804 969 845 conductos
992 807 1117 844 nocte
1140 802 1330 843 Penates

342 875 567 927 Lingonus
585 883 611 912 a
630 870 772 911 Tecta
793 870 1102 924 Flaminiaque
1123 882 1290 919 recens,

286 942 472 996 Expulit
492 938 656 980 offenso
676 937 881 978 vitiatum
903 937 1064 991 pollice
1083 937 1236 986 talum,

343 1010 401 1051 Et
412 1008 560 1062 jacuit
580 1010 670 1048 toto
692 1018 874 1059 corpore
894 1005 1018 1046 fusus
1038 1005 1175 1047 humi.

290 1077 409 1131 Quid
429 1075 593 1116 faceret
614 1073 790 1122 Gallus,
814 1085 901 1126 qua
919 1086 967 1114 se
989 1073 1157 1114 ratione
1178 1073 1404 1113 moveret?
1719 1069 1748 1108 5

345 1142 519 1195 Ingenti
539 1141 716 1182 domino
738 1141 946 1181 servulus
971 1153 1084 1181 unus
1105 1144 1218 1189 erat,

287 1209 401 1250 Tam
422 1221 584 1258 macer,
601 1213 649 1249 ut
670 1208 899 1248 minimam
919 1212 1072 1261 posset
1091 1207 1169 1247 vix
1189 1206 1297 1247 ferre
1318 1207 1546 1247 lucernam
1565 1220 1574 1245 z

346 1277 571 1318 Succurrit
591 1275 750 1316 misero
773 1288 923 1324 caSUS,
943 1287 1162 1328 opemque
1184 1274 1298 1315 tulit.

290 1344 497 1396 Quatuor
518 1343 716 1397 inscripti
737 1343 977 1397 portabant
998 1342 1082 1383 vile
1105 1342 1309 1390 cadaver,

343 1411 526 1465 Accipit
546 1410 697 1452 infelix
719 1410 869 1464 qualia
888 1409 1010 1450 mille
1029 1422 1174 1462 rogus.
1694 1407 1748 1448 10

288 1478 391 1519 Hos
413 1490 561 1519 comes
581 1476 803 1518 invalidus
826 1476 1049 1517 submissa
1071 1489 1179 1517 voce
1201 1481 1417 1530 precatur,

343 1545 409 1586 Ut
428 1558 704 1599 quocumque
726 1544 876 1593 velint,
896 1557 1060 1597 corpus
1081 1544 1212 1584 inane
1230 1544 1389 1585 ferant.

332 1655 420 1686 Dum
432 1653 592 1693 Lingonus
607 1664 626 1684 a
641 1657 725 1684 recta
740 1654 791 1684 via
807 1657 836 1684 et
855 1653 1010 1684 Flaminia
1026 1664 1122 1685 novus
1133 1654 1214 1685 redit
1224 1655 1345 1684 domum
1357 1654 1537 1684 conductam
1558 1654 1645 1682 nocte
1668 1659 1750 1687 sera,

287 1698 370 1730 elisit
391 1701 572 1737 corruptum
586 1698 684 1727 lulum
698 1697 805 1736 pollice
820 1697 904 1736 loeso,
924 1701 953 1727 et
975 1700 1095 1728 stratus
1119 1697 1203 1727 humi
1218 1697 1379 1736 procubuit
1395 1700 1458 1727 toto
1483 1704 1619 1736 corpore.
1666 1692 1751 1728 Quid

289 1745 397 1781 ageret
421 1740 543 1775 Gallus,
559 1741 705 1779 quomodo
725 1743 859 1769 moveret
879 1738 935 1771 se?
981 1740 1095 1778 Ingens
1109 1741 1250 1770 dominus
1265 1739 1395 1771 habebat
1411 1749 1505 1770 unum
1519 1739 1672 1769 servulum
1685 1740 1752 1766 tam

288 1788 422 1820 tenuem,
450 1785 484 1812 ut
497 1782 552 1813 vix
565 1785 665 1822 posset
687 1784 815 1821 portare
830 1782 990 1812 minimam
1006 1783 1158 1812 lacernam
1170 1793 1179 1812 :
1192 1782 1325 1819 fortuna
1342 1782 1483 1813 subvenit
1495 1780 1627 1819 infelici,
1644 1783 1674 1809 et
1681 1779 1750 1816 fuit

288 1826 434 1858 subsidio.
483 1825 808 1863 Qualuorstigmatz'ci
815 1823 962 1861 ferebant
976 1825 1033 1856 vile
1049 1826 1193 1863 cadaver,
1214 1826 1317 1864 qualia
1329 1825 1412 1855 mille
1428 1825 1511 1864 cupit
1535 1824 1629 1854 miser
1643 1831 1749 1860 rogus

290 1869 439 1911 Infirmus
460 1877 557 1899 comes
582 1870 673 1906 rogat
696 1866 749 1897 hos
762 1876 831 1897 voce
843 1867 1004 1907 submissa,
1020 1871 1054 1898 ut
1069 1871 1194 1907 portent
1206 1878 1314 1908 corpus
1329 1868 1433 1906 inane,
1447 1876 1633 1908 quocumque
1647 1866 1753 1895 libeat.

921 1939 1140 1950 eeeeeeeeeee

333 1986 387 2016 Ad
405 1985 563 2016 Lucanum
587 1983 786 2015 inscribitur
809 1984 844 2014 in
860 1983 978 2015 codice
996 1983 1253 2015 Pulmanni.—7
1279 1984 1349 2015 Pro
1360 1986 1527 2023 lacernam,
1549 1983 1638 2025 quod
1656 1982 1748 2013 exhi-

293 2028 376 2059 bent
392 2028 471 2059 edd.
496 2032 581 2058 vett.
608 2027 693 2058 Rob.
709 2027 823 2058 Titius
842 2027 932 2067 conj.
956 2027 1119 2062 laternam,
1136 2028 1187 2058 vel
1204 2029 1385 2064 lucernam‚·
1409 2028 1471 2058 hoc
1498 2027 1625 2058 habent
1648 2025 1747 2057 codd.

299 2072 449 2102 Florent.
467 2071 548 2102 Vat.
579 2075 616 2101 et
637 2079 719 2100 unus
735 2070 936 2101 chartaceus
953 2069 1172 2100 Beverlandi.
1216 2070 1306 2101 Vide
1319 2070 1376 2101 lib.
1395 2080 1473 2102 ΧΠ.
1516 2070 1617 2111 Epig.
1631 2071 1684 2100 61.
1697 2071 1749 2099 62.

295 2117 380 2144 —12
404 2113 487 2145 Ant.
505 2113 545 2144 de
563 2114 658 2154 Rooy
674 2113 813 2144 dubitat
838 2123 879 2143 an
905 2122 970 2144 non
996 2112 1060 2142 hoc
1088 2113 1187 2143 modo
1215 2113 1260 2144 sit
1286 2112 1583 2154 dispungendum:
1612 2112 1750 2152 Ut,qu⁰-

292 2166 418 2196 cumque
434 2157 530 2187 velint
546 2165 656 2194 corpus
672 2156 908 2194 im1ne,ferant.
954 2156 1001 2186 Ut
1018 2155 1104 2185 adeo
1122 2165 1184 2195 per
1206 2165 1315 2195 corpus
1331 2158 1423 2187 inane
1439 2166 1519 2194 non,
1532 2160 1569 2186 ut
1585 2165 1604 2186 a
1629 2155 1748 2195 pleris-

295 2209 361 2239 que
377 2199 428 2238 fit,
448 2199 661 2239 intelligatur
677 2199 807 2236 Gallus,
819 2199 876 2228 sed
893 2198 954 2228 vile
965 2199 1109 2236 cadaver,
1128 2198 1170 2229 de
1184 2208 1248 2239 quo
1262 2209 1312 2229 vs.
1331 2202 1363 2230 9.
1395 2200 1522 2230 Ferant
1539 2208 1586 2228 sc.
1605 2198 1637 2228 in
1652 2197 1748 2227 Puti-

290 2243 383 2272 culas
410 2242 556 2272 aliumve
582 2241 773 2272 istiusmodi
798 2242 923 2279 locum,
949 2250 1013 2281 quo
1037 2241 1245 2280 plebeiorum
1272 2242 1443 2272 cadavera
1460 2240 1744 2282 projiciebantur.

292 2284 380 2316 Vide
397 2285 619 2315 Kirchmann.
643 2284 686 2314 de
703 2284 825 2315 Funer.
841 2284 899 2314 lib.
916 2292 956 2314 ιι.
975 2293 1005 2314 c.
1021 2286 1074 2315 24.
1099 2289 1134 2315 et
1150 2284 1309 2315 Perizon.
1326 2285 1366 2315 ad
1381 2285 1505 2315 AElian.
1518 2284 1574 2314 lib.
1589 2292 1655 2314 xri.
1670 2291 1746 2322 cap.

951 2359 1091 2391 NOTAE

337 2425 357 2453 2
381 2421 556 2462 Lingonus]
567 2422 623 2453 Sic
639 2422 762 2463 dictus,
775 2428 814 2454 ut
827 2423 923 2455 aiunt
939 2422 994 2454 In-
1051 2423 1095 2454 tis
1109 2428 1144 2455 et
1160 2425 1281 2463 literis,
1298 2435 1373 2466 quae
1388 2424 1615 2465 improborum
1632 2422 1750 2454 fronti-

295 2477 480 2513 terpretes,
510 2482 530 2503 a
563 2473 706 2504 civitate
742 2474 932 2515 Lingonum
962 2474 996 2505 in
1052 2474 1113 2505 bus
1130 2475 1364 2507 inurebantur.

306 2522 432 2562 Gallia,
446 2522 560 2562 hodie,
574 2523 726 2563 Langres.
1094 2528 1133 2556 10
1157 2526 1278 2564 Infelix
1293 2526 1400 2566 rogus]
1424 2526 1501 2558 Hoc
1528 2530 1593 2564 est,
1621 2535 1748 2566 paupe-

338 2572 368 2604 A
389 2572 482 2603 Tecta
495 2571 610 2613 [recta]
631 2574 699 2604 Via
715 2578 809 2605 recta
823 2574 996 2606 Flaminiae
1051 2586 1123 2607 rum
1141 2586 1253 2616 rogus,
1268 2577 1301 2607 in
1326 2587 1423 2618 quem
1440 2577 1571 2608 scilicet
1584 2577 1680 2608 multi
1704 2577 1748 2607 si-

294 2627 369 2654 erat
385 2623 553 2663 proxima,
568 2623 753 2655 Martianus
769 2625 791 2657 l.
807 2634 853 2656 vr.
869 2635 897 2656 c.
915 2627 979 2658 ult.
1051 2627 1118 2658 mul
1135 2627 1395 2666 conjicerentur.

337 2677 358 2705 6
381 2673 510 2713 Ingenti
544 2674 680 2714 domino]
717 2675 793 2707 Hoc
822 2682 886 2717 est,
922 2686 995 2708 cor·
1094 2679 1130 2707 ll
1157 2677 1324 2717 Precatur]
1357 2678 1429 2709 Hos
1461 2687 1582 2718 nempe
1618 2678 1742 2718 vespil-

299 2733 382 2765 pore
396 2724 494 2755 valde
508 2724 622 2755 obeso.
1049 2726 1155 2758 lones.

339 2778 359 2806 9
385 2775 524 2810 Quatuor
542 2775 700 2816 inscripti]
722 2777 778 2809 Sic
800 2777 883 2809 dicti
902 2787 921 2809 a
936 2788 995 2810 no·
1095 2780 1132 2809 12
1159 2779 1277 2819 Corpus
1288 2779 1394 2819 inane]
1412 2779 1486 2810 Hoc
1500 2783 1562 2817 est,
1574 2783 1743 2810 mortuum
