1893 3225
259 235 344 276 734

737 249 784 278 M.
819 249 930 281 VAL.
969 250 1247 281 MARTIALIS

374 343 507 383 Seras
530 343 663 384 tutior
683 343 771 384 ibis
793 344 851 386 ad
871 344 1091 387 lucernas.

374 409 491 451 Haec
511 410 618 452 hora
637 416 704 452 est
725 416 816 462 tua,
840 426 940 453 cum
961 412 1066 453 furit
1088 412 1266 467 Lyaeus,

374 478 487 519 Cum
509 483 661 533 regnat
682 493 797 530 rosa,
821 494 921 521 cum
942 481 1119 521 madent
1141 482 1318 535 capilli:

1629 482 1721 528 '20

373 546 499 587 Tunc
520 561 590 588 me
611 548 683 588 vel
703 547 830 601 rigidi
851 548 997 600 legant
1019 547 1224 591 Catones.

261 635 443 671 Ciceronis,·
466 636 567 667 tutior
582 636 643 667 ibis
665 638 706 667 ad
720 646 805 667 seras
822 637 974 667 lucernas.

1020 636 1103 667 Hoec
1126 638 1201 668 hora
1216 641 1261 668 εει
1282 641 1349 676 tna,
1364 638 1437 669 (lum
1461 638 1605 670 Bacchus
1620 640 1719 681 furit,

255 689 322 709 cum
345 689 414 710 rosa
439 683 565 720 regnat,
587 690 656 711 cum
683 690 777 710 comae
793 680 917 711 madent
950 681 1155 720 unguentis:
1181 684 1255 713 tunc
1276 691 1322 713 me
1348 682 1453 721 legant
1469 683 1519 713 ‘cel
1541 684 1641 715 severi
1659 685 1719 715 Ca-

257 726 354 753 tone&

863 775 1107 787 cotemnen-

256 819 312 851 Sic
329 820 404 852 cod.
421 820 560 852 Beverl.
585 820 672 852 Dum
685 818 765 850 edd.
781 823 866 851 vett.
884 823 920 850 et
932 820 1064 861 Delph.

916 896 1056 929 NOTAE

302 954 340 982 17
365 951 511 993 Arpinis]
555 950 675 983 Cicero
699 951 787 983 enim
808 950 874 983 fuit
898 950 962 982 Ar-

257 1012 366 1044 pinas.

1058 955 1100 983 20
1126 953 1207 983 Cum
1219 955 1331 992 regnat
1346 952 1431 993 rosa]
1453 952 1554 984 Rosis
1567 954 1722 986 coronati

1015 1004 1117 1045 genio
1133 1004 1359 1045 indulgebant
1374 1010 1520 1037 veteres.

927 1094 1049 1137 XX.

831 1185 899 1215 AD

935 1186 1157 1217 MANIUM.

255 1253 419 1294 Docw
443 1251 499 1293 ad
522 1251 734 1293 auriferas
757 1253 877 1306 quod
899 1267 966 1295 me
989 1254 1097 1296 Salo
1121 1254 1314 1296 Celtiber
1334 1267 1450 1305 oras,

315 1320 521 1361 Pendula
541 1320 661 1374 quod
684 1322 841 1373 patriae
864 1322 1006 1362 visere
1027 1326 1142 1364 tecta
1163 1322 1295 1374 libet3

253 1388 321 1429 Tu
338 1388 442 1428 mihi
465 1388 759 1441 simplicibus,
787 1389 929 1438 Mani,
953 1390 1146 1431 dilectus
1166 1391 1223 1431 ab
1245 1389 1383 1439 annis,

314 1456 370 1497 Et
391 1459 656 1509 praetextata
677 1457 825 1497 cultus
846 1457 1061 1506 amicitia,

254 1522 323 1563 Tu
344 1524 483 1574 facis3
505 1524 549 1564 in
571 1524 711 1574 terris,
730 1538 820 1578 quo
842 1538 928 1565 non
950 1530 1019 1566 est
1038 1525 1147 1567 alter
1169 1525 1310 1567 Iberis
1695 1528 1723 1567 5

314 1592 513 1642 Dulcior,
536 1596 580 1633 et
599 1605 703 1632 vero
725 1592 882 1644 dignus
903 1606 1052 1634 amore
1073 1594 1232 1646 magis.

254 1659 427 1700 Tecum
449 1673 528 1713 ego
547 1660 617 1701 vel
639 1660 749 1700 sicci
774 1660 952 1702 Gaetula
968 1661 1161 1715 mapalia
1179 1660 1328 1712 Poeni,

314 1728 371 1769 Et
391 1732 591 1783 poteram
613 1728 847 1782 Scythicas
869 1728 1031 1783 hospes
1053 1741 1199 1770 amare
1221 1743 1366 1771 casas.

298 1827 328 1859 O
348 1829 452 1867 Mani,
469 1832 502 1859 tn
525 1830 602 1859 milii
625 1839 716 1859 carus
738 1840 756 1860 α
773 1830 890 1860 teneris
912 1829 1015 1868 annis,
1038 1832 1069 1860 et
1085 1830 1186 1859 cultus
1207 1828 1349 1859 amicitia
1370 1832 1574 1868 proeiextata,
1591 1839 1648 1869 quo
1662 1839 1723 1860 non

253 1875 297 1902 est
311 1872 438 1910 gratior
452 1872 485 1902 in
498 1873 593 1902 terris
606 1872 718 1910 Iberis,
741 1883 795 1903 uec
806 1873 935 1911 dignior
951 1883 1022 1903 vero
1037 1882 1154 1911 amore,
1171 1875 1206 1902 tu
1222 1872 1254 1902 in
1269 1881 1361 1902 causa
1374 1881 1416 1912 es,
1431 1882 1486 1903 cur
1499 1872 1636 1902 Celtiber
1649 1872 1722 1902 Salo

256 1917 349 1945 ducat
364 1925 411 1945 me
438 1916 478 1945 ad
504 1915 649 1954 regiones
674 1915 844 1954 auriferas,
873 1919 903 1946 et
929 1926 986 1946 car
1007 1917 1131 1955 placeat
1163 1915 1295 1946 revisere
1318 1916 1423 1945 domos
1446 1916 1615 1955 pendentes
1638 1925 1723 1946 meae

249 1957 378 1998 patriae.
425 1958 569 1998 Mapalia
585 1959 633 1989 vel
650 1959 779 1989 Goetuca
796 1958 887 1989 Poeni
902 1959 999 1999 aridi,
1015 1962 1046 1989 et
1060 1969 1139 1989 casoe
1159 1958 1315 1999 Scythica>
1329 1961 1474 1998 poterant
1496 1959 1618 1999 placere
1643 1959 1723 1989 mihi

869 2032 887 2043 φ
890 2032 1049 2043 -e-e-eo‘sem‘
1052 2032 1091 2043 -ee
1095 2032 1112 2042 o

298 2078 317 2106 3
345 2076 446 2106 Causa
472 2086 504 2106 es
518 2079 695 2108 mansuetus
710 2075 786 2108 cod.
803 2076 1000 2114 Pulmanni‚
1016 2076 1072 2117 qui
1091 2076 1151 2115 ait,
1175 2086 1211 2107 se
1236 2075 1282 2107 ibi
1298 2075 1449 2107 libenter
1463 2085 1536 2107 esse
1553 2077 1723 2108 lecturum

257 2119 350 2150 Mani
364 2123 464 2155 notus,
479 2119 505 2150 si
519 2120 698 2151 vocativus
713 2124 803 2150 esset
817 2120 981 2151 Graecus:
1000 2124 1059 2150 aut
1076 2119 1168 2149 Mani
1183 2123 1318 2158 amatus,
1333 2129 1372 2150 eo
1391 2119 1480 2159 quod
1498 2120 1621 2151 clarior
1634 2119 1726 2151 vide·

256 2168 334 2193 atur
352 2163 601 2194 sententia—4
624 2162 700 2194 ίΑ1.
726 2164 771 2194 Et
791 2163 896 2204 pueris
912 2162 1018 2194 inita?
1044 2168 1184 2194 notatur
1198 2163 1232 2193 in
1249 2172 1355 2203 marg.
1370 2162 1434 2194 Ed.
1452 2163 1563 2195 Paris.
1582 2166 1722 2194 1617.—

258 2210 276 2235 ὅ
294 2205 408 2236 Hostis
423 2206 498 2237 cod.
516 2206 698 2237 Pulmann.

916 2249 948 2280 N
955 2248 1057 2280 OTAE

302 2316 314 2343 1
346 2313 448 2343 Ducit
463 2314 503 2344 ad
518 2314 689 2355 auriferas]
722 2314 800 2346 Hoc
816 2318 881 2353 est,
896 2315 963 2354 Tu,

257 2375 276 2396 ο
292 2364 403 2403 Mani,
420 2365 452 2394 in
468 2375 570 2396 causa
587 2375 635 2405 es,
651 2376 712 2397 cur
731 2367 844 2397 redire
862 2366 964 2397 velim

254 2416 289 2446 in
319 2415 518 2455 Hispaniam
552 2415 753 2447 aurifodinis
777 2416 963 2456 celebrem,

257 2466 357 2507 Epig.
376 2469 427 2496 16.
445 2476 570 2506 snpra-3
596 2471 631 2497 et
647 2468 793 2498 revisere
803 2467 963 2498 Salonem

255 2516 409 2557 fluvium,
426 2522 461 2548 et
475 2517 638 2557 Bilbilim,
660 2518 758 2558 cujus
784 2518 876 2549 urbis
903 2518 961 2549 do-

256 2579 330 2600 mus
346 2573 445 2599 erant
462 2568 635 2609 pendulae,
649 2570 726 2610 quia
749 2570 814 2600 sita
831 2574 904 2601 erat
928 2570 962 2600 in

254 2621 330 2651 loco
346 2619 482 2661 declivi,
494 2624 529 2650 et
546 2619 800 2660 praecipiti,lib.
816 2629 840 2651 1.
859 2620 959 2662 Epig.

256 2673 310 2703 50.

312 2723 332 2752 4
371 2720 588 2761 Proetextata]
632 2720 817 2752 Praetexta
854 2721 960 2752 vestis

255 2775 343 2810 erat,
358 2780 424 2812 qua
441 2771 654 2811 potissimum
671 2772 768 2812 pueri
785 2772 825 2802 ad
837 2781 959 2803 annum

255 2832 362 2864 usque
407 2822 710 2862 septemdecimum
757 2822 957 2854 utebantur.

257 2873 335 2904 Hoc
366 2878 431 2915 est,
465 2873 496 2904 O
528 2873 635 2914 Mani,
661 2883 761 2915 quem
786 2883 805 2905 a
829 2874 957 2905 teneris

1020 2314 1115 2346 annis
1133 2315 1234 2346 colui.

1062 2369 1079 2395 5
1105 2365 1211 2395 Terris
1236 2363 1351 2404 Iberis]
1385 2364 1547 2406 Intellige
1573 2375 1648 2397 eam
1674 2376 1723 2399 re-

1020 2415 1156 2456 gionem
1182 2425 1257 2456 quae
1287 2420 1340 2446 est
1371 2415 1413 2446 ad
1441 2415 1578 2448 Iberum
1597 2416 1724 2459 Hispa-

1019 2467 1085 2498 niae
1099 2465 1239 2497 fluvium
1254 2466 1337 2497 satis
1353 2471 1482 2498 notum.

1060 2520 1079 2547 7
1107 2517 1233 2548 Goetula
1248 2516 1398 2558 mapalia]
1423 2518 1575 2549 Gaetulia
1594 2517 1720 2551 Africae

1017 2568 1194 2608 provincia
1210 2572 1273 2600 est.
1318 2569 1412 2600 Poem·
1425 2568 1514 2609 sicci]
1536 2569 1635 2601 Poeni
1650 2570 1722 2601 dic-

1016 2619 1041 2650 ti
1077 2626 1157 2650 sunt
1186 2620 1289 2650 etiam
1321 2619 1630 2660 Carthaginenses:
1669 2621 1721 2652 hic

1015 2674 1129 2701 autem
1145 2675 1324 2702 sumuntur
1335 2680 1398 2711 pro
1410 2671 1484 2712 ipsa
1499 2669 1619 2702 Africa
1629 2672 1723 2703 sicca

1015 2726 1051 2752 et
1067 2722 1171 2754 arida.
1214 2723 1340 2754 Sensus
1356 2726 1424 2754 est:
1451 2723 1596 2761 Tecum,
1611 2733 1630 2753 o
1649 2724 1722 2754 Ma-

1014 2772 1062 2811 ni,
1079 2774 1133 2804 vel
1155 2773 1188 2804 in
1217 2773 1350 2812 Africa,
1372 2773 1427 2804 vel
1451 2773 1484 2804 in
1509 2774 1647 2815 Scythia
1671 2775 1721 2805 in-

1014 2824 1175 2864 hospitali
1192 2825 1309 2856 lubens
1321 2823 1524 2856 habitarem.
