1893 3225
177 204 289 245 1060
654 215 703 243 Μ.
737 214 851 244 VAL.
884 215 1164 246 MARTIAMS

836 310 867 342 N
873 311 977 343 0¹?AE

177 375 343 406 stantibus
362 379 394 404 et
412 375 535 406 erectis
556 380 742 416 pugnatur,
766 375 799 406 in
817 385 883 416 qua

177 426 295 456 vicisse
323 430 398 455 cinit
422 425 656 456 adversarium
687 426 758 457 solo
791 426 882 466 deje-

176 478 275 507 cisse.
322 477 427 507 Secus
443 477 555 507 omnia
574 476 608 507 iu
636 478 831 518 pancratio,
849 478 880 508 in

177 538 242 568 quo
268 533 303 558 et
328 527 546 559 succubuisse
568 533 644 560 erat
667 529 774 560 artis:
805 539 881 560 nam

177 584 211 608 et
229 578 318 608 humi
337 578 526 609 volutantes
551 587 657 610 nexus
673 588 750 610 suos
777 589 881 620 expe-

176 628 319 658 diebant
347 627 658 670 impediebantque‚
689 630 882 671 viribusque

176 679 369 718 superiores
411 678 620 710 adversarios
649 690 882 720 saepenumero

177 731 226 759 sic
257 729 449 761 vincebant.
511 730 589 761 Non
628 730 726 761 aliter
755 731 883 772 quippe

178 780 286 810 victus
301 780 467 820 quispiam
485 780 673 821 putabatur
687 781 720 811 in
739 791 882 822 pancra-

939 376 976 407 tii
991 377 1097 413 lucta,
1113 377 1175 407 uisi
1194 376 1340 407 animum
1357 375 1587 417 desponderet
1604 389 1642 410 ac

938 428 1065 459 victum
1082 437 1119 458 se
1134 426 1318 458 fateretur.

980 481 999 509 2
1022 476 1287 517 Ἀνακλινοπάλη]
1310 478 1386 509 Vox
1404 483 1457 509 est
1470 478 1550 510 ficta
1567 489 1643 520 quae,

937 529 1016 560 alibi
1030 539 1096 559 non
1113 529 1297 570 reperitur.
1346 529 1504 569 Clinopale
1520 529 1646 570 legitur

938 579 1028 620 apud
1061 579 1260 611 Suetonium
1284 579 1318 610 in
1344 580 1543 612 Domitiano
1567 590 1644 621 cap.

937 634 990 663 22.
1034 631 1135 662 Unde
1153 631 1256 673 aliqui
1282 635 1416 672 turpem
1434 641 1567 663 sensum
1584 633 1643 663 eli-

937 681 1034 712 ciunt
1047 690 1088 711 ex
1104 681 1167 712 hoc
1183 681 1339 713 disticho.
1356 682 1525 713 Ἀνακλίνω
1548 684 1644 714 recli-

937 741 992 768 no,
1009 729 1094 773 πάλῃ
1111 732 1293 773 palaestrae.

834 974 979 1016 CCII.

782 1075 1040 1105 SIMIUS.

177 1156 439 1198 CALmuth
459 1154 648 1195 emissas
671 1154 849 1196 eludere
867 1155 1024 1196 simius
1044 1155 1213 1205 hastas,

234 1225 283 1265 S1
309 1223 415 1264 mihi
436 1222 578 1264 cauda
597 1223 723 1273 foret,
745 1224 1081 1278 cercopithecus
1104 1237 1239 1265 eram.

216 1345 333 1375 Simius
348 1346 454 1375 doctus
469 1345 624 1376 ‹let-linare
637 1345 742 1376 hastas
758 1345 906 1385 vibratas,
928 1347 956 1376 si
971 1345 1111 1376 haberem
1127 1346 1272 1384 caudam,
1295 1354 1379 1375 eram
1395 1345 1634 1385 cercopithecus.

836 1437 977 1468 NOTAE

217 1504 236 1532 2
252 1500 505 1542 Cercopitlzecus]
517 1500 694 1532 Simiarum
706 1501 760 1532 vel
769 1500 880 1531 simio-

175 1562 247 1583 rum
265 1553 358 1583 varia
375 1557 454 1584 suut
466 1562 604 1593 genera,
618 1557 653 1584 et
665 1552 775 1583 cauda
788 1552 881 1583 inter

175 1612 210 1633 se
235 1602 500 1643 distinguuntur.
545 1603 660 1634 Simiae
681 1602 753 1634 sine
770 1602 881 1634 cauda

174 1653 337 1685 dicuntur
351 1664 369 1684 a
395 1654 528 1686 Graecis
544 1653 683 1691 πίθηκοιῑ
711 1663 785 1695 quae
802 1663 880 1685 cau-

936 1499 1013 1530 dam
1026 1499 1168 1540 habent,
1183 1498 1395 1540 κερκοπίθηκοι
1408 1510 1416 1530 :
1435 1498 1539 1539 κέρκος
1551 1500 1641 1531 enim

936 1549 1109 1591 significat
1131 1550 1288 1583 caudam.
1333 1549 1423 1582 Vide
1451 1551 1550 1591 Epig.
1570 1553 1642 1582 128.

936 1611 1051 1642 supra.

827 1833 998 1875 CCIII.

656 1933 854 1963 PUELLA
883 1933 1161 1964 GADl'rANA.

174 2010 286 2050 Tm
311 2012 542 2052 tremulum
565 2013 739 2061 crissat‚
764 2017 852 2054 tam
874 2013 1087 2055 blandum
1109 2016 1266 2068 prurit,
1290 2021 1339 2056 ut
1360 2015 1508 2068 ipsum

232 2078 612 2122 Masturbatorem
633 2081 784 2122 fecerit
808 2082 1126 2137 Hippolytum.

785 2201 943 2212 eet-‘seut
947 2202 1024 2213 een

216 2246 234 2273 2
258 2242 328 2274 Alii
345 2244 464 2283 legunt
482 2245 757 2285 Mastupratorem.

835 2311 978 2344 NOTAE

216 2373 290 2405 Lib.
308 2384 333 2406 1.
361 2375 528 2416 Epig.42.
574 2376 662 2407 vide
689 2381 725 2407 et
750 2377 874 2409 Juven-

174 2425 245 2457 Sat.
265 2434 315 2456 xx.
340 2436 428 2458 vers.
456 2430 528 2460 162.
554 2432 589 2458 et
611 2427 684 2458 Sat.
710 2437 762 2459 w.
788 2438 875 2461 vers.

173 2478 246 2507 326.

219 2530 234 2557 1
260 2527 535 2569 Masturbatorem,
550 2528 617 2569 δῖα]
643 2529 691 2560 Ut
715 2529 875 2562 incende-

931 2383 984 2410 ret
998 2379 1051 2409 vel
1067 2375 1248 2409 castissimi
1265 2374 1434 2416 propositi
1450 2374 1572 2413 virum,
1589 2375 1639 2406 in-

930 2429 1125 2469 citaretque
1156 2426 1198 2458 ad
1230 2425 1408 2456 libidinem
1435 2423 1614 2456 nefandam
1630 2436 1639 2456 ε

929 2480 991 2513 lib.
1009 2489 1061 2511 lx.
1079 2478 1181 2520 Epig.
1200 2480 1250 2510 42.
1263 2481 1298 2508 et
1312 2476 1372 2508 lib.
1389 2485 1456 2508 xu.
1469 2476 1568 2517 Epig.
1581 2478 1636 2508 97.
