1893 3225
510 285 914 315 EPIGRAMMATUM
955 285 1044 315 1113.
1080 284 1173 314 X11.
1486 275 1572 316 913

279 383 337 423 Et
356 382 513 435 dignus
535 382 665 435 cupis
686 381 771 421 hoc
793 385 913 421 metu
935 380 1104 421 videri:

279 450 365 490 Sed
386 450 548 490 frustra
568 449 741 498 metuis,
764 448 982 502 cupisque
1004 447 1184 490 frustra.

280 517 332 558 In
351 522 501 558 tauros
525 516 686 569 Libyci
708 516 897 556 fremunt
917 515 1096 567 leones;
1543 519 1572 559 5

280 585 388 626 Non
410 588 514 625 sunt
535 583 841 637 papilionibus
864 583 1057 624 molesti.

281 652 488 704 Quaeras,
509 664 685 701 censeo,
707 651 745 691 si
765 650 852 703 legi
872 651 1068 702 laboras,

285 720 412 773 Nigri
432 719 616 760 fornicis
638 719 805 759 ebrium
827 718 1031 772 poetamg

282 787 374 838 Qui
395 789 587 829 carbone
607 786 718 836 rudi,
740 787 947 840 putrique
969 792 1092 828 creta

282 855 445 896 Scribit
466 855 675 905 carmina,
697 866 799 908 quae
820 854 968 907 legunt
989 859 1214 896 cacantes.
1518 857 1573 897 10

282 923 420 964 Frons
435 922 531 964 haec
554 922 762 974 stigmate
785 934 870 963 non
891 935 989 963 mco
1010 922 1205 964 notanda
1227 927 1310 964 est.

109 1025 198 1062 optas
214 1022 314 1053 videri
330 1023 445 1062 dignus
460 1023 514 1053 hoc
529 1022 658 1054 timore.-
683 1025 717 1054 at
733 1024 938 1064 nequicquam
954 1023 1058 1062 times,
1070 1026 1101 1054 et
1110 1026 1197 1063 optas
1212 1023 1419 1064 nequicquam.
1464 1022 1574 1064 Libyci

110 1065 210 1096 leones
224 1069 319 1096 ruunt
329 1066 362 1096 in
378 1070 495 1103 tauros,
510 1076 571 1096 non
586 1069 703 1096 vexant
714 1067 894 1106 papiliones.
919 1067 957 1097 Si
968 1076 1058 1097 curas
1073 1067 1147 1106 legi,
1159 1076 1264 1098 moneo
1276 1072 1313 1097 ut
1323 1076 1446 1106 quaerus
1458 1066 1574 1097 ebrium

108 1107 231 1147 po'e'lam
245 1108 331 1146 nigri
337 1108 486 1148 fornicis,
504 1109 557 1148 qui
571 1109 644 1139 rudi
659 1110 789 1140 carbone
811 1113 840 1141 et
862 1113 947 1141 crela
959 1111 1088 1150 putrida
1101 1110 1210 1141 scribit
1225 1119 1330 1140 versus
1345 1120 1418 1150 quos
1432 1111 1573 1140 evolvunt

109 1154 269 1182 cacantes:
294 1151 359 1182 hoec
376 1156 435 1182 tua
441 1151 536 1189 frons
552 1161 613 1182 non
628 1155 675 1182 est
686 1151 843 1191 signanda
858 1163 922 1184 meo
938 1153 1100 1192 stigmate.

731 1230 965 1242 “Muom

155 1278 171 1306 1
201 1276 245 1306 Ut
259 1275 334 1307 cod.
350 1276 490 1308 Beverl.
506 1281 542 1308 et
557 1276 761 1308 lividum—5
779 1275 857 1307 Hoc
873 1275 991 1307 melius
1006 1280 1125 1308 censet
1148 1276 1322 1309 Schrevel.
1367 1277 1476 1308 Ruunt
1495 1277 1572 1310 cdd.

113 1322 199 1350 vett.
214 1323 250 1350 et
267 1319 481 1350 Farnab.—8
504 1319 649 1351 Servium
663 1329 724 1361 pro
736 1319 853 1350 ebrium
868 1318 945 1351 cod.
961 1319 1090 1351 Thuan.

775 1395 807 1426 N
815 1393 917 1425 OTAE

155 1456 174 1484 5
192 1453 232 1484 In
243 1455 348 1484 tauros
361 1453 488 1494 Libyci]
506 1453 582 1485 Hoc
599 1453 709 1493 est‚in
723 1451 814 1484 feras
912 1456 933 1484 9
957 1453 1022 1489 Qui
1047 1453 1177 1486 carbone
1202 1454 1290 1495 rudi]
1324 1454 1491 1487 Carbonis
1516 1460 1576 1487 aut

113 1503 262 1534 minores
285 1513 351 1534 uon
375 1504 522 1535 saeviunt
544 1504 670 1543 leones,
694 1508 729 1534 et
745 1503 816 1544 qui-
871 1507 973 1534 cretae
990 1508 1070 1534 nota
1083 1505 1151 1535 cito
1167 1506 1363 1537 evanescit:
1380 1505 1427 1537 sic
1443 1506 1575 1538 obscuri

114 1553 192 1584 dem
209 1553 452 1593 generosiores.
469 1553 526 1584 Sic
542 1553 653 1585 Poeta
667 1564 703 1585 se
715 1554 819 1595 leoni,
873 1553 988 1594 poetae
1006 1553 1158 1585 carmina
1173 1554 1241 1585 cito
1258 1560 1416 1595 pereunt.

116 1603 274 1644 Liguram
292 1604 457 1644 papilioni
480 1609 667 1645 comparat.
917 1607 955 1635 11
983 1605 1083 1635 Frons
1103 1605 1183 1645 hoec]
1207 1605 1248 1636 Id
1264 1611 1339 1637 est:
1362 1606 1499 1636 Servilis
1517 1611 1576 1637 tna

158 1656 177 1684 7
201 1653 239 1684 Si
252 1653 316 1693 legi
329 1654 466 1694 laboras]
489 1654 524 1686 Si
541 1655 638 1696 cupis
652 1665 725 1687 esse
740 1665 818 1696 cog·
873 1653 968 1685 frons
984 1664 1050 1685 non
1064 1660 1116 1686 est
1130 1655 1230 1695 digna
1245 1656 1298 1686 cui
1310 1665 1373 1696 ego
1385 1656 1574 1697 imprimam

115 1704 218 1735 nitus.
873 1706 999 1737 victuri
1015 1706 1171 1737 carminis
1188 1711 1295 1739 notas.
1340 1707 1429 1738 Vide
1444 1707 1503 1739 lib.
1521 1716 1570 1738 νι.

161 1757 180 1785 8
206 1754 466 1796 Nigrisornicis]
490 1756 567 1788 Hoc
594 1762 660 1795 est,
684 1756 819 1788 obscuri
876 1757 976 1798 Epig.
993 1760 1046 1788 64.

115 1805 182 1836 loci
196 1810 231 1836 et
248 1806 324 1836 vilis
342 1810 431 1838 notae
449 1807 584 1847 poetam
599 1817 746 1848 quaeras.

765 1931 923 1973 LXII.

338 2020 405 2049 AD
439 2021 721 2051 SATURNUM
757 2021 849 2051 PRO
884 2021 1057 2051 vulsco
1091 2023 1359 2053 TERENTIO.

119 2085 341 2136 ANTIQU1
364 2101 442 2129 rex
465 2102 622 2142 magne
644 2090 754 2144 poli,
775 2089 1018 2144 mundique
1036 2091 1212 2145 prioris,

177 2154 269 2196 Sub
290 2168 380 2208 quo
399 2156 522 2209 pigra
544 2158 686 2210 quies,
708 2170 788 2199 nec
808 2158 936 2199 labor
955 2159 1070 2200 ullus
1091 2165 1202 2210 erat,

121 2221 219 2263 Nec
236 2223 382 2275 regale
401 2224 532 2265 nimis
552 2225 735 2275 fulmen,
758 2239 839 2267 nec
858 2226 1039 2268 fulmine
1061 2228 1205 2282 digna,

180 2289 335 2331 Scissa
354 2303 433 2331 nec
455 2291 512 2333 ad
536 2292 708 2342 Manes,
730 2293 808 2334 sed
831 2294 917 2334 sita
939 2295 1062 2336 dives
1082 2295 1261 2337 humus:

167 2399 198 2430 Ο
214 2410 329 2432 summe
343 2402 516 2432 dominator
529 2403 626 2443 prisci
641 2403 722 2442 coeli,
748 2405 778 2432 et
802 2403 916 2442 prioris
931 2404 1047 2441 soeculi,
1062 2404 1117 2434 sub
1131 2414 1189 2443 quo
1203 2405 1299 2435 otium
1311 2406 1405 2445 iners,
1427 2417 1480 2437 nec
1495 2408 1574 2438 ullus

124 2441 210 2472 labor
224 2446 303 2482 erat,
327 2453 382 2474 nec
397 2444 518 2482 fulmen
540 2446 634 2476 nimis
655 2446 868 2486 imperiosum,
890 2455 945 2476 nec
968 2449 1051 2476 terra
1067 2447 1163 2485 digna
1172 2446 1320 2487 fulmine,
1342 2459 1396 2480 nec
1410 2449 1522 2490 ‹ffossu
1537 2452 1575 2480 ad

731 2519 748 2530 e
753 2519 767 2529 a
770 2519 928 2530 ‘veoaeaeuv‘
932 2520 948 2530 e
952 2520 969 2530 e

167 2561 187 2590 2
205 2559 315 2590 Somno
331 2569 392 2600 pro
405 2559 469 2591 Sub
484 2572 512 2602 q.
530 2563 605 2594 cod.
624 2564 824 2597 Beverl.—3
841 2565 946 2604 Digni
962 2565 1158 2596 Palat.-11
1180 2566 1298 2602 Quanti
1321 2576 1382 2607 pro
1401 2568 1499 2603 Quam
1517 2578 1575 2597 non

168 2688 189 2716 2
231 2686 334 2725 Pigra
363 2687 464 2727 quies]
507 2687 658 2720 Aureum
682 2690 822 2732 quippe
877 2691 990 2730 mine3
1021 2692 1164 2723 necdum
1193 2698 1286 2724 erant
1316 2702 1397 2733 opes
1414 2698 1574 2734 repertas,

127 2735 266 2767 Saturni
280 2737 438 2768 saeculum
449 2736 551 2769 fuisse
562 2743 688 2771 canunt
698 2740 821 2780 poetae.
875 2742 934 2773 sed
951 2743 983 2773 in
1004 2742 1190 2774 visceribus
1213 2748 1316 2775 terrae
1334 2753 1448 2775 aurum
1471 2750 1574 2786 atque

169 2789 187 2816 3
214 2786 280 2817 Nec
296 2785 430 2822 fulmine
451 2788 562 2828 digna]
585 2789 722 2822 Scelera
733 2792 822 2822 enim
876 2798 1055 2833 argentum
1073 2799 1169 2825 erant
1188 2794 1374 2826 recondita.

126 2840 209 2868 tunc
223 2846 288 2868 non
317 2838 605 2878 perpetrabantur
631 2839 733 2881 digna
760 2840 823 2872 ful-

217 2890 336 2931 Delph.
352 2894 381 2921 el
404 2891 477 2923 Vur.
496 2892 579 2923 Clas.
795 2895 938 2929 Mar-aial.
1409 2902 1426 2929 3
1453 2900 1488 2930 M
