1893 3225
580 225 987 255 mmRAMMATUM
1025 227 1117 256 mu.
1155 226 1205 257 x.
1535 218 1616 258 751

284 320 448 362 Lucem
469 320 670 362 redderet
691 319 891 375 Atropos
912 321 982 363 vel
1004 336 1150 373 unam,

283 389 461 439 Malles,
484 402 617 443 quam
638 389 815 442 Pyliam
837 396 994 444 quater
1015 398 1249 434 senectam.

165 501 230 532 dies
242 501 362 531 mariti.
400 501 453 531 Ex
468 500 532 531 illis
546 500 574 531 εἰ
590 499 725 541 Atropos
740 500 799 532 eibi
811 501 993 532 restitueret
1009 502 1057 532 vel
1070 511 1163 532 unam
1176 502 1273 533 lucem
1287 502 1340 532 diu
1347 502 1492 543 petitam,
1508 503 1614 535 malles·

167 554 259 584 quam
275 544 403 585 Pyliam
416 547 524 584 quater
539 547 704 575 senectam.

819 597 964 629 NOTAE

211 662 251 691 14
274 659 401 700 Malles]
422 659 487 692 vel
499 671 601 692 unum
616 670 658 692 ex
671 660 735 692 illis
751 659 870 692 diebus
928 661 1022 692 aetati
1039 661 1213 700 Nestoris,
1237 661 1277 692 de
1295 672 1360 703 quo
1380 662 1437 694 lib.
1452 673 1501 695 ix.
1516 665 1619 707 Epig.

169 710 230 741 tibi
273 710 442 743 redditum
481 711 663 752 praeferres
704 712 869 753 longaevae
926 713 978 742 30.

766 884 1024 926 XXXIX.

682 974 746 1005 IN
802 974 1037 1005 LEsniA
1058 974 1109 1007 M.

167 1040 405 1083 Consum
426 1047 467 1084 te
488 1042 628 1084 Bruto
647 1043 753 1096 quid
767 1043 910 1097 juras,
933 1043 1270 1093 Lesbia‚natam
1289 1047 1307 1086 ἵ

224 1109 452 1152 Mentiris:
480 1115 584 1151 nata
604 1124 667 1161 es,
690 1111 869 1161 Lesbia,
891 1124 993 1164 rege
1020 1111 1184 1153 Numa.

167 1177 241 1218 Sic
263 1192 438 1232 quoque
459 1179 657 1220 mentiris
676 1193 685 1220 ε
715 1192 922 1233 namque,
945 1184 994 1220 ut
1013 1184 1089 1221 tua
1109 1181 1277 1222 saecula
1296 1186 1485 1232 narrant,

225 1246 357 1287 Ficta
377 1246 588 1289 Prometh
602 1261 655 1289 eo
673 1247 835 1288 diceris
856 1261 954 1289 esse
974 1248 1080 1289 luto.

209 1358 240 1389 Ο
257 1357 382 1397 Lesbia,
399 1358 474 1398 quid
481 1358 574 1396 juras
588 1361 618 1389 te
633 1361 739 1388 natam
754 1358 875 1388 consule
891 1355 1021 1389 Bruto?
1043 1359 1194 1391 Mentiris
1205 1372 1216 1392 .·
1239 1371 1258 1392 o
1273 1362 1399 1402 Lesbia,
1413 1366 1489 1394 nata
1506 1373 1536 1394 es
1550 1374 1622 1403 rege

167 1401 290 1475 {gaug}
328 1400 493 1475 Sitajzzzfiam
513 1400 671 1432 mentiris.-
696 1400 810 1432 etenim
827 1404 862 1431 ut
877 1404 1094 1441 computantur
1110 1403 1157 1434 tui
1176 1405 1263 1445 anni,
1285 1405 1399 1437 diceris
1417 1416 1480 1438 esse
1485 1407 1568 1448 ficta
1583 1417 1621 1438 ex

214 1455 230 1474 ο
292 1455 357 1475 ome
427 1468 434 1476 .

780 1494 1017 1508 eeeeeeeeeeee

210 1554 226 1582 1
247 1551 336 1586 Quod
348 1551 416 1582 Ms.
430 1551 632 1582 Beverl.—3
649 1550 658 1567 ‘
672 1549 740 1581 Alii
752 1559 860 1581 narres
871 1555 905 1581 et
917 1550 1024 1581 noris)
1037 1551 1208 1585 Schrevel.
1225 1553 1302 1585 Hoc
1314 1554 1398 1595 legit
1412 1556 1600 1587 Barbouius
1614 1569 1622 1595 3

164 1594 246 1625 illud
259 1594 401 1626 exhibet
417 1594 493 1626 cod.
508 1594 644 1626 Beverl.
668 1594 811 1625 Narrant
828 1594 895 1624 Ms.
913 1593 1095 1626 Pulmann.

825 1678 966 1710 NOTAE

208 1758 228 1785 2
253 1754 374 1795 Numa]
397 1755 465 1788 Qui
480 1754 546 1787 fuit
559 1755 729 1787 secundus
746 1755 866 1786 Roma-
922 1754 1032 1794 turpis
1055 1765 1102 1796 es,
1131 1761 1167 1787 ut
1183 1758 1330 1790 videaris
1356 1759 1438 1791 ficta
1453 1759 1559 1792 fuisse
1582 1771 1624 1792 ex

166 1815 287 1836 norum
317 1815 400 1836 rex:
439 1807 502 1837 hoc
531 1810 597 1846 est,
627 1805 800 1848 antiquior
830 1815 866 1837 es
922 1804 994 1836 luto
1007 1806 1220 1847 Promethei,
1236 1809 1279 1840 de
1294 1820 1360 1851 quo
1375 1810 1435 1842 lib.
1454 1821 1504 1843 ix.
1521 1813 1621 1853 Epig.

166 1856 320 1888 omnibus
337 1857 544 1889 consulibus.
924 1860 977 1888 ⁴6.
1000 1857 1093 1889 Huic
1120 1858 1228 1890 simile
1254 1865 1309 1892 est
1329 1861 1428 1902 Epig.
1445 1864 1497 1895 67.
1522 1862 1623 1901 infra,

209 1911 228 1939 4
252 1907 360 1948 Ficta]
391 1908 467 1940 Hoc
495 1913 562 1948 est,
584 1909 667 1941 Tam
682 1918 809 1942 annosa
835 1915 870 1941 et
926 1912 961 1939 et
977 1907 1036 1939 lib.
1054 1916 1080 1939 1.
1097 1909 1280 1950 Epig.10}.

609 2239 675 2269 AD
710 2239 884 2270 LUPUM
919 2240 982 2270 DE
1017 2241 1192 2271 POLLA.

283 2305 488 2347 SEMPER
510 2320 613 2348 cum
634 2307 740 2349 mihi
762 2308 979 2350 diceretur
1003 2322 1102 2351 esse

287 2374 468 2416 Secreto
491 2389 588 2417 mea
608 2376 742 2417 Polla
762 2390 861 2418 cum
883 2377 1077 2419 cinaedo:

285 2441 448 2496 Irrupi‚
467 2443 591 2499 Lupe
610 2458 620 2486 :
652 2458 739 2486 non
760 2450 853 2487 erat
869 2446 1083 2488 cinaedus.

768 2544 885 2555 ΝΜ
889 2545 1005 2556 ΝΜΟ

216 2594 268 2625 De
283 2594 376 2625 Polla
390 2595 549 2628 nesciunt
565 2595 644 2629 Ald.
658 2598 680 2631 J
684 2603 756 2631 unt.
773 2600 882 2632 Colin-

833 2676 978 2708 NOTAE

215 2737 233 2765 3
260 2734 331 2767 Non
347 2738 413 2767 erat
429 2735 578 2777 cinaedus]
608 2736 728 2770 Scelus
744 2739 880 2771 videtur
903 2741 1056 2781 innuere,
1071 2740 1113 2771 de
1130 2750 1195 2782 quo
1207 2740 1266 2773 lib.
1283 2750 1324 2772 n.
1344 2741 1409 2783 Ep.
1427 2746 1480 2774 47.
