1893 3225
213 236 298 279 792
703 240 752 268 M.
785 236 895 267 VAL.
930 234 1205 265 MAR'mAms

211 340 328 382 Haec
350 339 499 392 igitur,
521 336 671 377 media
693 348 792 390 quae
813 338 916 375 sunt
937 332 1041 373 mihi
1063 336 1168 371 nata
1189 330 1399 378 Suburra,
1646 340 1674 367 υ

280 406 503 448 Mittimus
527 403 729 445 autumni
751 415 880 444 cerea
901 413 1036 455 poma
1058 399 1163 439 mei.

209 508 321 548 furem.
365 504 528 536 ssIz'ttz'mus
553 514 625 544 ergo
651 504 715 535 haec
732 503 886 544 flaventia
912 510 1004 541 poma
1029 498 1087 529 mei
1115 495 1282 535 Autumni,
1315 505 1383 535 quoe
1408 494 1485 525 mihi
1511 496 1673 525 creverunt

216 551 321 581 media
345 549 498 580 Saburra.

834 594 1071 608 eeeeeeeeeeee

260 648 276 676 1
304 645 377 676 Non
402 644 480 676 mihi
496 643 572 676 cod.
596 643 842 674 Palmam—5
866 640 963 671 Modo
976 642 1050 670 nata
1071 637 1116 668 id.
1140 646 1216 668 cum
1234 634 1313 666 edd.
1329 633 1635 665 Schrevel.Maitt.
1649 636 1686 664 et

215 687 323 721 Barb.
882 724 1024 757 NOTAE

260 800 278 827 5
304 795 390 826 Mihi
401 798 474 826 nata
487 794 642 834 Suburra]
661 792 737 823 Hoc
751 795 818 829 est,
833 795 925 821 emta
984 788 1086 829 Epig.
1104 790 1156 818 61.

217 847 355 878 Romae:
372 845 522 876 Suburra
534 845 661 885 quippe
676 844 768 873 vicus
780 846 854 872 crat
867 841 923 872 ubi
1025 843 1045 870 6
1069 836 1236 876 Autumni]
1255 835 1294 866 Id
1307 841 1358 866 est
1370 835 1475 875 horti,
1489 833 1542 864 vel
1554 837 1688 864 matura

218 906 320 938 poma
334 901 370 928 et
385 896 503 927 herbae
527 894 778 933 vendebantur,
794 892 855 923 lib.
873 900 923 923 rx.
983 890 1150 922 Autumni
1167 894 1331 928 tempore.

877 1048 1028 1090 XCV.

790 1141 855 1170 AD
889 1139 1111 1169 GALLAM.

225 1211 492 1252 INFANTEM
518 1210 600 1251 tibi
620 1209 703 1259 vir,
725 1209 826 1257 tibi,
845 1207 994 1257 Galla,
1015 1206 1185 1247 remisit
1203 1202 1388 1245 adulter.

286 1278 367 1329 Hi,
388 1282 515 1331 puto,
537 1290 627 1318 non
647 1277 779 1318 dubie
801 1289 849 1317 se
870 1276 1063 1316 futuisse
1083 1277 1256 1326 negant.

889 1379 1030 1411 NOTAE

268 1448 403 1480 Neuter
419 1447 572 1488 agnoscit
586 1455 680 1477 suam
697 1455 770 1477 esse
789 1445 930 1486 prolem,
987 1444 1091 1483 ergo?
1125 1441 1214 1472 Vide
1239 1440 1297 1472 lib.
1325 1449 1379 1471 lx.
1408 1440 1508 1481 Epig.
1536 1443 1568 1470 5.
1597 1442 1695 1470 tacet

226 1505 263 1532 ut
289 1500 345 1541 qui
371 1504 484 1530 tecum
509 1508 577 1529 rem
603 1497 794 1529 habuerint.
839 1495 932 1528 Quid
988 1495 1059 1527 scil.
1083 1494 1199 1533 Galia,
1212 1492 1268 1523 lib.
1283 1501 1338 1522 111.
1354 1491 1453 1532 Epig.
1469 1493 1521 1521 96.

861 1652 1041 1695 XCVI.

804 1744 871 1773 AD
905 1742 1117 1773 AVITUM.

234 1817 374 1858 SAEPE
394 1815 556 1868 loquar
575 1812 760 1853 nimium
783 1815 938 1864 gentes
961 1809 1097 1864 quod,
1118 1809 1269 1859 Avite‚
1291 1811 1498 1856 remotas,

290 1882 486 1931 Miraris,
510 1880 639 1922 Latia
657 1879 805 1920 sactus
821 1880 865 1919 in
886 1879 995 1919 urbe
1020 1890 1176 1926 senex,

235 1951 581 2002 Auriferumque
598 1947 772 2002 Tagum
796 1948 962 1997 sitiam,
984 1946 1267 2000 patriumque
1289 1944 1519 1992 Salonem,

292 2019 350 2061 Et
372 2022 569 2072 repetam
593 2021 754 2058 saturae
778 2015 958 2057 sordida
977 2027 1080 2056 rura
1105 2027 1240 2055 casae.

282 2130 313 2162 Ο
331 2129 438 2168 Anile,
453 2128 580 2159 miraris
595 2129 672 2168 quod
691 2137 755 2168 ego
765 2127 876 2165 sactus
891 2137 988 2159 senex
1003 2127 1113 2157 Romae
1133 2125 1166 2156 in
1182 2124 1256 2155 urbe
1270 2134 1352 2164 scepc
1368 2122 1462 2153 nimis
1474 2121 1641 2163 proedz'cem
1654 2131 1702 2152 re·

237 2178 338 2205 motas
354 2173 509 2212 nationes,
531 2175 561 2202 et
577 2171 686 2202 sitiam
703 2171 878 2210 auriferum
897 2171 1030 2211 Tagum,
1046 2173 1076 2200 et
1094 2169 1239 2200 Salonem
1258 2167 1411 2208 putrium,
1423 2169 1452 2196 et
1464 2167 1585 2196 redeam
1597 2165 1629 2195 in
1641 2175 1705 2195 sor-

848 2243 1046 2255 aeummae
1051 2243 1089 2254 ee

280 2293 298 2321 3
325 2291 519 2330 Portumque
532 2288 569 2320 S.
586 2290 654 2321 Ms.
675 2289 877 2320 BeverL—ai
900 2288 969 2319 ‘Ut
984 2288 1072 2327 quod
1091 2286 1200 2317 sentio
1215 2284 1338 2322 dicam,
1353 2291 1419 2313 non
1436 2280 1552 2321 placet
1566 2278 1604 2309 τὸ
1619 2282 1703 2309 sutu-

237 2344 282 2364 τω
307 2343 399 2364 casae.
436 2332 513 2363 An?
540 2333 585 2363 Et
601 2336 737 2372 repetam
753 2332 834 2374 (an?
858 2330 1007 2372 referam)
1032 2331 1186 2370 Hispunoe
1208 2339 1234 2359 s.
1250 2337 1276 2357 r.
1292 2327 1406 2366 plagoe.
1446 2324 1486 2355 In
1515 2323 1704 2362 Anglicano

238 2376 314 2408 eod.
329 2376 444 2417 patriae
462 2375 527 2415 legi
552 2384 614 2416 pro
630 2379 745 2406 saturae
762 2379 876 2406 monet
893 2375 1084 2405 Gruterus:
1112 2371 1200 2413 quod
1226 2369 1404 2401 confestim
1421 2367 1619 2406 arriperem,
1641 2365 1705 2396 nisi

233 2421 303 2461 jam
334 2429 382 2450 νε.
407 2419 561 2459 proximo
588 2417 743 2449 dedisset
766 2418 830 2449 hoc
853 2417 1044 2457 epitheton.
1089 2415 1136 2446 At
1158 2414 1252 2456 (quid
1270 2413 1358 2444 enim
1374 2410 1579 2442 dissimulem
1593 2409 1621 2450 ἓ)
1638 2417 1704 2439 uon

238 2463 380 2494 multum
394 2461 492 2492 abest
508 2461 588 2502 quin
605 2460 649 2491 ibi
664 2461 818 2500 gelidum,
829 2461 981 2500 rigidum,
997 2459 1050 2490 vel
1066 2458 1175 2489 simile
1190 2456 1376 2498 reponend.
1394 2459 1429 2485 et
1444 2454 1509 2484 huc
1527 2451 1563 2482 τὸ
1574 2453 1704 2492 patrioe,

238 2511 399 2547 tanquam
426 2505 459 2536 in
486 2513 581 2535 suam
610 2504 739 2544 sedem,
766 2503 952 2535 reducend.
970 2512 1044 2534 esse
1060 2500 1221 2532 credam.'
1246 2500 1297 2531 De
1313 2500 1413 2539 Rooy.
1456 2496 1584 2528 Patriae
1600 2495 1704 2525 estin

285 2659 300 2686 1
329 2654 491 2695 Remotas]
514 2655 688 2696 Hispanas
701 2655 870 2696 intellige.
1000 2654 1082 2686 tiam
1099 2652 1277 2694 Hispaniae
1294 2650 1425 2682 urbem.

285 2709 304 2737 3
332 2706 453 2745 Tagum
476 2705 598 2746 sitiam]
622 2706 748 2737 Gratas
773 2706 863 2747 Tagi
886 2715 945 2736 un-
1041 2704 1200 2744 Salonem]
1224 2704 1281 2735 De
1298 2712 1365 2744 quo
1377 2699 1480 2732 fluvio
1496 2698 1625 2731 dictum
1642 2696 1702 2727 lib.

243 2757 316 2797 das,
342 2767 425 2798 quas
452 2757 592 2788 sitiebat
615 2757 741 2796 Poeta,
768 2758 943 2798 intellige:
1001 2766 1026 2788 1.
1042 2757 1207 2798 Epig.50.

242 2809 411 2841 Domitius
430 2809 518 2840 male
535 2808 672 2840 videtur
687 2808 880 2849 intelligere
896 2809 947 2840 Si-
