1893 3225
545 221 906 251 neieRAMm‘ru
920 221 947 249 31
986 220 1078 249 niu.
1114 222 1160 250 x.
1489 211 1571 251 7521-

529 450 578 479 ΙΝ
615 449 914 479 MALEDIGUM
950 450 1162 479 POETAM.

238 518 482 568 QiilthJls
503 518 682 558 stolaeve
704 531 960 571 purpuraeve
982 521 1239 567 contemtor,

240 586 367 635 Quos
387 586 529 627 colere
547 585 690 635 debet,
712 585 830 626 laesit
848 585 987 638 impio
1011 599 1168 638 versu;

239 655 365 695 Erret
383 667 461 707 per
480 654 635 694 urbem
657 654 810 706 pontis
833 654 935 694 exul
956 657 998 694 et
1021 653 1141 702 clivi,

238 722 445 775 Interque
465 735 625 763 raucos
642 722 822 763 ultimus
842 726 1064 774 rogatores

240 789 346 831 Oret
366 791 548 831 caninas
570 791 698 844 panis
718 791 906 844 improbi
926 791 1109 831 buccas.
1552 791 1579 828 5

239 858 314 899 Illi
337 858 582 899 December
600 859 775 912 longus,
797 863 841 899 et
859 857 1042 899 madens
1063 858 1234 905 bruma,

241 925 522 979 claususque
538 926 684 967 fornix
705 926 828 966 triste
848 925 985 977 frigus
1007 925 1234 966 extendat.

240 993 389 1034 Vocet
408 993 564 1034 beatos
585 993 872 1047 clamitetque
893 993 1065 1043 felices,

241 1061 480 1102 Orciniana
501 1061 577 1114 qui
597 1061 793 1102 feruntur
814 1062 860 1102 in
880 1060 1078 1114 sponda:

239 1129 315 1179 Et,
336 1142 436 1170 cum
452 1142 666 1182 supremae
685 1128 761 1169 fila
781 1129 978 1169 venerint
997 1128 1130 1178 horae,
1530 1126 1585 1166 10

245 1197 446 1251 Diesque
467 1196 631 1246 tardus,
652 1198 816 1237 sentiat
835 1209 991 1237 canum
1011 1197 1146 1245 litem,

241 1264 496 1318 Abigatque
515 1268 635 1305 moto
657 1264 813 1305 noxias
834 1277 938 1304 aves
960 1277 1130 1318 panno3

173 1366 323 1405 Quisquis
338 1368 506 1396 contemtor
521 1366 576 1394 aut
595 1364 683 1394 stolae
707 1367 762 1394 aut
779 1373 927 1403 purpura>
954 1362 1084 1404 offendit
1099 1363 1192 1403 impio
1218 1363 1365 1401 carmine,
1388 1371 1463 1402 quos
1486 1361 1585 1392 obser-

129 1419 201 1440 vare
216 1409 303 1440 debet
314 1420 325 1445 ;
345 1408 498 1448 profugus
513 1410 644 1446 vagetur
654 1416 710 1446 per
724 1410 831 1446 pontes
849 1406 943 1445 urbis,
964 1410 995 1437 et
1017 1407 1124 1445 clivos,
1149 1410 1239 1446 atque
1253 1407 1335 1436 inter
1351 1415 1458 1435 raucos
1472 1405 1586 1435 mendi*

128 1462 179 1482 cos
199 1452 326 1482 ultimus
339 1454 426 1490 petat
439 1450 666 1487 cuninafrusla
679 1449 770 1488 punis
785 1449 917 1489 improbi
928 1461 938 1479 .-
962 1449 1132 1480 December
1147 1450 1269 1488 longus,
1291 1452 1380 1488 atque
1396 1448 1500 1488 hyems
1524 1457 1587 1477 mu-

130 1495 215 1533 dida,
230 1495 382 1532 etfornim
398 1494 520 1524 clausus
536 1494 683 1532 producat
701 1492 747 1522 illi
763 1492 853 1522 triste
860 1491 992 1531 frigus;
1015 1493 1144 1532 appellet
1150 1493 1273 1530 felices,
1294 1495 1323 1522 et
1338 1492 1473 1521 clamitet
1480 1491 1589 1528 sortu-

131 1540 234 1575 natos,
255 1537 308 1576 qui
323 1536 497 1576 efferuntur
509 1537 542 1566 in
556 1535 728 1575 sandapila.
774 1535 830 1572 Et,
852 1535 988 1576 cnmfila
1003 1536 1122 1565 ultima:
1137 1536 1231 1573 horae,
1252 1537 1282 1565 et
1297 1534 1362 1564 dies
1379 1534 1486 1563 tardus
1500 1542 1587 1563 vene-

130 1581 209 1620 rint,
232 1580 411 1620 experiatur
437 1579 524 1609 litem
549 1588 670 1617 canum,
691 1580 721 1607 et
747 1581 827 1607 moto
849 1587 952 1618 panno
977 1579 1111 1617 expellat
1138 1579 1236 1608 malas
1261 1578 1418 1607 volucres.-
1442 1586 1493 1606 nec
1508 1584 1589 1606 mors

746 1649 980 1661 musteo!-

176 1702 194 1729 3
219 1699 227 1715 ‘
245 1697 301 1729 Sic
318 1697 393 1728 Pal.
409 1699 525 1727 mente
546 1695 627 1726 satis
646 1694 715 1725 acri
733 1699 767 1725 et
782 1699 894 1725 acuta.
919 1695 959 1725 In
976 1694 1089 1735 vulgg.
1102 1693 1284 1735 legebatur
1299 1694 1414 1724 Pontes
1433 1702 1492 1732 per
1505 1691 1592 1722 urbis

135 1744 216 1773 erret
227 1753 254 1771 e.
269 1743 300 1771 et
312 1738 430 1770 clivos?
447 1738 591 1770 Farnab.
611 1738 785 1768 Schrevel.
818 1739 826 1754 ‘
845 1737 996 1768 Ruderus
1013 1737 1147 1777 legend.
1165 1742 1283 1768 censet
1299 1736 1401 1766 orbis.-
1426 1734 1592 1776 quomodo

133 1786 222 1816 enim
239 1783 331 1821 exul,
348 1782 376 1813 si
401 1783 436 1812 in
452 1782 558 1812 urbe?
604 1781 661 1811 Sic
682 1779 785 1810 Ovid.
812 1779 847 1810 in
870 1780 947 1810 Ibin
969 1781 1105 1811 inimico
1135 1790 1194 1810 suo
1221 1780 1453 1819 imprecatur:
1478 1779 1487 1795 ‘
1506 1777 1594 1808 Exul

132 1827 230 1867 inops
274 1835 381 1862 erreS‚
415 1824 593 1864 alienaque
627 1823 743 1853 limina
774 1823 911 1861 lustres,
948 1824 1185 1863 Exiguumque
1215 1828 1314 1863 petas
1341 1830 1398 1852 ore
1425 1825 1596 1852 tremente

134 1870 270 1902 cibum.’
308 1868 464 1900 Schretel.
509 1867 518 1883 ‘
536 1867 602 1898 Per
626 1866 754 1902 urltem5
777 1866 820 1896 al.
854 1875 910 1906 per
934 1866 1046 1897 orbem.
1074 1864 1208 1896 Rader!
1237 1865 1307 1896 VV.
1336 1864 1404 1895 LL.
1430 1863 1595 1894 Burbouz'i.

137 1914 298 1944 Nostram
325 1912 407 1942 lect.
434 1910 518 1941 dant
547 1909 837 1940 recentiores.—5
863 1908 968 1939 Bacas
1000 1909 1068 1939 Ms.
1105 1908 1305 1939 Beverl.—7
1333 1908 1501 1946 Clususque
1524 1906 1594 1936 Ms.

135 1956 317 1988 Pulmann.
348 1960 384 1986 et
411 1952 467 1985 ed.
492 1952 756 1984 Barbouii.-—10
781 1951 914 1982 Nes-erit
928 1952 1062 1983 Ferrar.
1090 1951 1245 1982 Neoerint
1261 1950 1361 1981 Horae
1376 1950 1442 1981 Ms.
1459 1949 1595 1979 Beverl.

796 2015 937 2046 NOTAE

181 2076 197 2104 1
226 2072 375 2113 Quisquis
396 2071 497 2112 stolae]
521 2069 653 2110 Aspere
670 2068 841 2099 invehitur
897 2069 1032 2100 satelles
1056 2069 1187 2109 Dignus
1213 2067 1370 2098 Aricinos
1393 2065 1450 2107 qui
1471 2064 1599 2096 mendi-

135 2124 171 2155 in
187 2122 331 2154 eundem
344 2131 423 2152 sane
438 2121 589 2161 poetam,
601 2119 644 2150 de
659 2128 724 2160 quo
742 2118 841 2159 Epig.
898 2124 993 2151 caret
1026 2119 1068 2150 ad
1096 2118 1201 2150 axes.'
1255 2119 1372 2149 Pontes
1404 2126 1460 2157 per
1497 2115 1599 2146 orbis:

137 2178 170 2206 3.
186 2183 298 2214 supra.
343 2172 439 2203 Stola
460 2171 600 2211 propria
625 2175 701 2201 erat
717 2174 842 2200 matro-
898 2176 993 2202 recte
1009 2171 1097 2201 enim
1111 2170 1331 2211 conjungitur
1342 2178 1417 2199 cum
1433 2171 1599 2206 sequente

138 2234 279 2262 narum3
315 2223 416 2264 Epig.
445 2225 499 2253 36.
521 2222 578 2252 lib.
603 2212 629 2252 ¹1.
676 2219 843 2252 Attamen
898 2231 982 2252 voce
997 2221 1005 2237 ‘
1024 2222 1102 2251 exul
1116 2220 1134 2250 :’
1157 2218 1323 2260 quomodo
1340 2218 1427 2248 enim
1444 2216 1600 2255 exu1‚iu-

139 2274 279 2316 Bayfius
299 2274 342 2305 de
369 2274 420 2304 Re
433 2272 607 2303 Vestiaria
622 2280 697 2311 cap.
711 2273 741 2301 l.
756 2270 844 2300 exis·
901 2272 973 2313 quit
987 2271 1154 2309 Raderus,
1170 2270 1197 2300 si
1218 2271 1249 2299 in
1273 2268 1376 2300 urbe?
1398 2267 1447 2299 At
1462 2267 1534 2298 exul
1546 2276 1600 2296 su-

140 2327 241 2358 timat
266 2326 387 2357 stolam
401 2333 520 2355 vocem
544 2332 617 2354 esse
634 2331 846 2353 communem
901 2323 1005 2353 mitur
1020 2321 1073 2352 hic
1100 2330 1176 2351 meo
1191 2319 1324 2361 judicio
1348 2329 1409 2359 pro
1426 2327 1548 2349 errone
1564 2321 1600 2348 et

141 2377 185 2408 ad
202 2386 301 2407 omne
323 2385 430 2415 genus
452 2373 657 2405 vestimenti.
687 2372 849 2411 Purpura
902 2383 986 2413 vago
1002 2371 1149 2404 homine.
1195 2370 1276 2410 Alii,
1304 2371 1400 2402 Erret
1421 2378 1478 2410 per
1498 2367 1602 2400 urbem

146 2436 228 2458 vero
244 2426 324 2457 olim
342 2425 445 2456 solius
470 2424 697 2464 Magistratus
714 2426 789 2452 erat
801 2421 849 2451 in·
899 2425 1004 2466 pontis
1018 2424 1143 2462 exul,et
1153 2422 1236 2453 clivi.

143 2478 239 2518 signe
255 2487 263 2507 :
289 2481 325 2507 at
343 2476 483 2507 labente
511 2475 690 2515 disciplina
705 2473 850 2504 lacernis
945 2478 965 2506 7
991 2472 1314 2514 Cluicsusquefomix]
1343 2471 1384 2502 In
1400 2480 1464 2512 quo
1479 2478 1601 2509 nempe

146 2527 326 2570 purpureis
356 2527 407 2557 usi
426 2531 505 2558 sunt
527 2525 599 2557 fere
621 2534 760 2563 omnes;
787 2524 845 2555 lib.
903 2527 976 2558 sine
992 2526 1069 2566 igne
1082 2524 1228 2555 mendici
1245 2523 1400 2554 latebant
1416 2523 1549 2562 hyeme.

148 2588 183 2611 v.
199 2577 299 2618 Epig.
314 2579 344 2608 8.
942 2580 962 2607 9
988 2575 1159 2606 Orciniana
1177 2573 1309 2614 sponda]
1345 2572 1528 2613 Sandapila
1555 2571 1602 2602 sie

191 2631 210 2660 3
236 2628 347 2666 Erret,
362 2629 414 2666 sse.
434 2627 566 2666 [Pontes
576 2636 631 2667 per
645 2625 746 2665 urbis]
778 2623 847 2656 Ubi
903 2627 995 2658 dicta
1012 2631 1064 2657 est
1078 2625 1119 2656 ab
1135 2633 1226 2663 orco,
1245 2623 1334 2665 quod
1352 2622 1474 2653 mortui
1490 2621 1532 2653 ad
1553 2631 1603 2652 or-

146 2677 295 2710 mendici
320 2681 443 2717 rogant
458 2676 592 2717 stipem.
634 2676 702 2706 Suo
714 2675 850 2706 inimico
905 2687 980 2709 cum
995 2680 1086 2706 eant.

149 2729 241 2760 idem
279 2728 487 2768 imprecatur
521 2725 668 2756 Ovidius
702 2726 736 2755 in
762 2724 851 2755 Ibin.
951 2723 986 2750 ll
1015 2719 1146 2757 Diesque
1160 2716 1282 2756 tardus]
1326 2715 1449 2747 Mortis
1473 2723 1608 2753 nempe,

150 2779 325 2814 Juvenalis
339 2779 411 2810 Sat.
425 2786 477 2807 ιν.
499 2776 508 2793 ‘
523 2776 696 2817 Dirusque
713 2786 731 2806 a
749 2780 854 2815 ponte
909 2780 1005 2811 quam
1018 2769 1149 2809 jamdiu
1165 2767 1363 2808 expetebat.

239 2832 352 2873 Deiph.
368 2834 396 2863 el·
418 2831 491 2863 ναΐ.
509 2830 594 2860 Clas.
802 2827 950 2859 Martinl.
1451 2822 1469 2847 2
1495 2817 1520 2846 Ζ
