1893 3225
507 244 912 277 EP1GRAMMA'1‘UM
952 246 1043 276 mn.
1076 245 1190 276 xm.
1501 236 1587 277 979

170 342 185 369 l
204 339 261 370 Sic
282 339 357 371 cod.
375 340 408 371 in
430 350 537 381 marg.
554 341 608 372 ed.
628 342 707 372 Par.
724 344 819 372 1617.
844 341 996 371 Pontinos
1014 340 1092 371 edd.
1116 345 1203 371 vett.
1251 340 1411 371 Pomtinos
1434 340 1488 371 ed.
1507 340 1585 370 Far-

125 382 201 413 nab.
247 383 416 423 Pompilios
431 385 496 415 Ms.
515 385 650 415 Beverl.
704 384 798 415 Vinea
816 393 877 424 pro
894 384 982 414 Setia
1000 383 1044 414 id.
1063 383 1185 415 codex.

784 470 929 501 NOTAE

170 536 183 563 1
212 533 352 564 Pendula
377 533 480 573 Setia]
506 533 578 565 Lib.
598 543 632 565 x.
658 533 825 574 Epig.74.
881 533 1012 564 Plinius
1037 532 1095 565 lib.
1121 542 1200 564 xrv.
1226 542 1301 573 cap.
1319 536 1349 564 6.
1373 533 1501 563 ‘Divus
1519 531 1587 563 Au-

124 583 133 598 ‘
146 583 219 614 Nec
234 593 306 624 qum
316 584 456 624 paludes
465 584 613 615 delicata
625 584 825 625 Pomptinas
881 589 997 624 gustus
1011 584 1161 614 Setinum
1176 584 1331 624 praetulit
1344 583 1494 629 cunetis:
1515 592 1587 612 nas-

125 633 176 663 Ex
205 643 281 665 aree
321 635 398 666 clivi
428 638 564 675 spectat
597 645 661 666 uva
691 635 825 667 Setini!
881 635 970 665 citur
985 643 1088 675 supra
1102 634 1208 665 forum
1224 633 1354 674 Appii.’

761 758 953 801 CXIII.

711 848 1015 879 FUNDANUM.

124 912 170 952 H
179 924 245 952 AEc
268 913 482 956 Fundana
503 915 602 957 tulit
622 915 731 956 felix
754 921 990 957 autumnus
1011 916 1163 970 Opimi
1183 931 1192 958 z

179 980 411 1036 Expressit
430 987 623 1024 mustum
645 984 814 1034 consul,
836 987 879 1025 et
899 984 996 1038 ipse
1016 985 1142 1025 bibit.

126 1134 133 1141 .
164 1092 472 1167 Beatus-tantumn&
490 1095 611 1136 Opimii
628 1096 779 1136 produxit
803 1096 869 1127 haec
892 1095 1064 1128 Fundana.-
1093 1097 1198 1127 consul
1220 1096 1372 1137 expressit
1396 1097 1542 1135 mulsum,
1559 1101 1589 1128 et

121 1144 189 1175 zpse
213 1145 291 1166 must
310 1159 318 1166 .

163 1233 183 1261 2
205 1231 262 1263 Sic
278 1232 344 1265 Ms.
361 1233 501 1265 Beverl.
546 1235 685 1266 Mulsum
700 1235 779 1267 edd.
796 1240 879 1267 vett.

778 1305 923 1338 NOTAE

164 1370 179 1398 1
205 1367 370 1408 Fundana]
392 1368 481 1400 Vina
496 1370 629 1402 scilicet
654 1381 673 1402 a
689 1370 826 1405 ‘Fundis
881 1371 939 1413 qui
955 1370 1037 1402 felix
1054 1370 1204 1402 siccatur
1220 1369 1363 1411 Opimi.y

118 1418 244 1458 oppido
262 1419 456 1460 Campaniae
480 1420 528 1452 sic
556 1420 659 1453 dicta.
693 1421 826 1452 Plinius
923 1424 943 1452 2
967 1421 1135 1462 Expressit
1159 1424 1292 1452 mustum
1320 1420 1480 1461 [mulsum]
1513 1421 1588 1452 Hoc

118 1468 176 1499 lib.
195 1477 272 1500 xiv.
299 1479 376 1510 cap.
399 1473 431 1501 6.
453 1470 516 1501 ‘In
536 1471 642 1502 vineis
661 1471 826 1502 arbustis-
881 1476 946 1510 est,
969 1471 1082 1502 vinum
1111 1476 1176 1502 tum
1205 1471 1318 1510 dulce,
1342 1475 1379 1501 ut
1395 1472 1504 1502 mulso
1522 1482 1588 1503 non

118 1529 184 1560 que
200 1525 387 1552 nascuntur
405 1521 590 1552 Fundana!
880 1526 972 1553 esset
993 1521 1146 1553 inferius.
1202 1521 1337 1561 Legunt
1361 1520 1416 1552 alii
1443 1527 1590 1561 mustum,

162 1570 257 1601 Felix
285 1571 468 1611 autumnus]
492 1571 625 1603 Plinius
651 1572 711 1603 lib.
745 1581 822 1604 xlv.
879 1572 943 1603 hoc
957 1577 1025 1612 est,
1038 1572 1153 1602 vinum
1167 1571 1346 1602 decoctum
1363 1575 1399 1602 et
1415 1570 1586 1612 diffusum,

118 1629 195 1660 cap.
210 1623 261 1652 14.
284 1622 293 1638 ‘
304 1622 501 1662 Apothecas
516 1621 620 1653 fuisse
632 1626 668 1654 et
680 1621 824 1654 diffundi
879 1623 933 1654 vel
949 1622 1061 1653 vinum
1078 1631 1196 1654 recens
1210 1621 1379 1662 intellige.

119 1670 218 1702 solita
234 1671 310 1702 vina
336 1681 423 1703 anno
450 1674 526 1704 633.
553 1672 648 1703 urbis
667 1677 824 1714 apparet,
921 1674 993 1714 Ipse
1007 1672 1100 1713 bibit]
1114 1674 1200 1704 Laus
1215 1671 1282 1703 vini
1296 1676 1360 1711 est,
1371 1672 1461 1713 quod
1475 1681 1515 1703 eo
1530 1682 1586 1703 an-

117 1720 310 1753 indubitato
327 1722 501 1763 Opimiani
526 1723 591 1753 vini
611 1729 823 1764 argumento,
879 1735 920 1755 no
931 1734 997 1766 quo
1010 1733 1222 1764 expressum,
1234 1726 1322 1753 esset
1336 1722 1407 1762 jani
1421 1722 1583 1754 mulsum:

111 1771 181 1811 jam
208 1771 422 1813 intelligente
447 1783 541 1804 suum
560 1774 680 1806 bonum
698 1775 824 1809 Italia!
880 1775 942 1806 hoc
958 1779 1023 1814 est,
1039 1774 1182 1805 mulsum
1197 1773 1380 1804 videretur.
1400 1771 1584 1804 Domitius.

118 1821 277 1854 Vide'lib.
294 1832 318 1855 1.
332 1824 429 1864 Epig.
445 1827 498 1855 27.
525 1825 534 1842 ‘
547 1825 648 1857 Testa
664 1826 723 1857 sed
741 1826 825 1857 anti-

760 1949 940 1991 CXIV.

685 2039 1020 2070 TRmomNUM.

122 2106 233 2149 NON
258 2120 356 2149 sum
376 2107 430 2149 de
452 2109 615 2163 primo,
636 2108 794 2158 fateor,
814 2107 1032 2149 Trifolina
1056 2105 1211 2159 Lyaeo,

173 2174 293 2217 Inter
312 2176 414 2219 vina
434 2182 580 2218 tamen
604 2176 797 2230 septima
813 2175 922 2217 vitis
944 2186 1031 2214 ero.

172 2275 247 2315 Ego
261 2273 404 2313 trifolina
417 2285 477 2306 non
489 2274 628 2315 exprimo
642 2274 745 2306 vinum
758 2273 978 2316 proestautz'us:
1011 2272 1212 2304 nihilominus
1225 2281 1275 2302 ero
1297 2270 1371 2302 vitis
1385 2270 1514 2311 septima
1536 2271 1581 2301 ἰη-

114 2321 163 2348 ter
180 2319 264 2348 vina.

722 2369 963 2383 “mre-0

157 2416 177 2445 2
194 2413 315 2445 Monet
332 2413 547 2445 Schrevelius
563 2413 760 2445 Palatinum
775 2412 893 2453 legere
910 2411 1004 2444 lautis
1017 2421 1080 2443 ero.

778 2487 920 2520 NOTAE

159 2555 175 2583 1
193 2551 364 2592 Trifolina]
376 2551 507 2583 Plinius
520 2551 579 2584 lib.
592 2561 673 2582 xrv.
692 2561 769 2593 cap.
783 2554 816 2583 6.
871 2561 933 2593 per
948 2550 1094 2592 plebeia,
1110 2556 1146 2582 et
1161 2549 1339 2582 Trifolinis
1356 2547 1522 2589 gloriata?

115 2603 124 2620 ⁴
138 2602 324 2643 Campania
338 2611 447 2643 nuper
461 2601 624 2633 excitavit
645 2602 740 2633 novis
759 2611 818 2633 no·
919 2602 1028 2644 Lyceo]
1053 2603 1174 2642 Lyaeus
1191 2606 1244 2632 est
1263 2600 1417 2631 Bacchus
1442 2599 1497 2639 qui
1516 2607 1578 2638 pro

114 2651 262 2683 minibus
278 2651 534 2692 auctoritatem,
549 2652 621 2683 sive
637 2662 731 2693 cura,
746 2652 818 2684 sive
871 2651 949 2684 vino
964 2653 1117 2684 sumitur.

114 2712 205 2742 casu,
224 2702 265 2733 ad
289 2706 446 2743 quartum
470 2702 649 2742 aNeapoli
669 2702 818 2742 lapidem
913 2705 933 2733 2
956 2702 1112 2742 Septima]
1135 2703 1246 2742 Supra
1270 2710 1328 2731 sex
1346 2699 1414 2730 vini
1442 2697 1575 2739 species

113 2753 321 2794 Trebellicis,
342 2753 446 2793 juxta
478 2753 628 2793 Capuam
653 2752 817 2793 Caulinis,
872 2753 1083 2784 enumeravit
1100 2751 1231 2783 Poeta:
1250 2752 1322 2792 jam
1335 2749 1501 2781 Trifolino
1519 2749 1578 2780 dat

115 2805 195 2837 etin
210 2814 268 2836 suo
281 2803 583 2845 agro'rrebnlanis,
595 2803 717 2843 alioqui
732 2812 817 2834 sem·
872 2803 1052 2844 septimum
1070 2803 1189 2834 locum.
