1893 3225
10 0 20 351 Γ
523 232 933 263 EPlGRAMMATUM
973 235 1064 264 me.
1099 234 1169 264 Χι.
1486 225 1571 268 839

21 327 24 368 !
118 326 323 367 Dormiat
343 330 384 367 ct
400 331 556 376 tecum,
578 328 669 380 qui,
690 341 784 368 cum
809 328 942 369 modo
966 329 1163 371 Caecuba
1182 330 1358 381 miscet,

12 386 14 392 ’
174 393 398 435 Convivas
417 407 546 435 roseo
569 398 760 435 torserat
782 408 872 444 ore,
894 408 1027 447 puer:

20 490 22 506 .
119 461 157 501 Ο
179 474 310 514 quam
332 467 379 502 tu
401 463 558 514 cupies
580 466 642 502 ter
663 463 810 502 vivere
834 462 1045 504 Nestoris
1067 476 1230 514 annos,

176 527 232 568 Et
253 528 357 568 nihil
377 541 431 569 ex
454 528 545 569 ulla
565 527 747 581 perdere
769 528 867 569 luce
890 529 1040 570 voles!

119 594 274 635 Rebus
296 595 340 635 in
363 595 568 647 angustis
588 594 719 635 facile
738 599 809 635 est
829 599 1102 638 contemnere
1122 597 1272 639 vitam.
1518 599 1574 641 15

179 661 363 702 Fortiter
382 662 453 702 ille
474 661 594 711 facit,
618 662 693 715 qui
714 663 850 703 miser
870 675 970 703 esse
992 668 1158 716 potest.

118 825 171 856 tis.
218 825 277 855 lue
289 824 511 865 agitfortiter,
527 827 578 866 qui
590 829 690 866 potest
700 827 767 867 pati
778 828 941 858 miseriam.

725 902 839 913 eme-e
843 902 958 913 ‘ot-‘N

117 953 234 984 Maitt.
249 957 283 983 et
295 953 483 984 Barb.—-11
501 954 510 971 ‘
526 954 624 985 Ratio
642 955 804 986 sermonis
822 956 934 987 Latini
951 955 1093 996 requirit
1110 957 1197 986 modo
1212 956 1277 995 qui,
1296 956 1368 987 dum
1396 956 1432 987 C.
1454 955 1574 996 miscet,

118 995 181 1035 Bsc.v
199 996 350 1027 Gronov.
396 997 514 1027 Pocula
538 997 666 1028 miscens
679 998 754 1029 cod.
768 999 905 1030 Beverl.
949 999 1086 1029 Miscens
1111 1002 1147 1029 et
1163 999 1230 1030 Ms.
1247 999 1280 1029 in
1303 1008 1408 1039 marg.
1422 998 1476 1030 ed.
1494 999 1574 1030 Par.

119 1040 300 1070 1617.—13
320 1040 348 1068 Ο
360 1043 507 1079 quantum
521 1049 644 1081 cuperes
659 1041 703 1072 id.
717 1041 783 1072 Ms.

9 353 15 383 t

8 395 14 534 l

7 558 12 582 5

7 599 11 617 A

5 640 11 736 ἐ

4 738 20 846 Γ1
117 782 206 821 toris,
222 785 251 812 et
267 781 346 812 nihil
361 782 504 813 amittere
519 783 598 814 voles
613 793 652 814 ex
668 784 727 814 ullo
743 784 793 815 die
804 783 818 815 !
845 784 950 815 Facile
965 788 1011 816 est
1025 794 1168 825 spernere
1188 786 1287 816 vitam
1303 785 1338 817 in
1354 785 1446 817 rebus
1461 796 1575 826 angus-

2 909 9 941 3

0 1007 8 1196 Γ
774 1116 914 1148 NOTAE

1 1212 5 1231 b

163 1191 202 1220 13
229 1189 290 1220 Ter
303 1189 421 1229 vivere]
446 1191 501 1221 De
523 1190 670 1222 Nestore
698 1191 821 1232 saepius
921 1193 961 1222 16
979 1190 1042 1226 Qui
1052 1191 1145 1221 miser
1156 1200 1219 1221 esse
1224 1189 1342 1231 potest]
1358 1189 1433 1222 Hoc
1445 1192 1576 1234 est‚qui

115 1241 187 1282 ,iam
199 1239 355 1273 diximus.
879 1251 945 1273 non
963 1252 1053 1283 aegre
1070 1241 1137 1273 fert
1153 1246 1404 1283 paupertatem.

0 1346 15 1436 i„
768 1377 920 1419 LVII.

0 1433 5 1547 Γ
662 1467 728 1495 AD
761 1466 1010 1496 SEVERUM.

0 1549 3 1641 ἓ

0 1647 3 1706 Ι

0 1733 3 1850 ἱ

124 1532 368 1582 Mutunus,
388 1534 518 1574 docto
541 1534 661 1587 quod
683 1535 878 1575 carmina
897 1534 1020 1575 mitto
1040 1534 1223 1582 Severo,

178 1599 249 1640 Ad
271 1613 444 1641 coenam
469 1601 583 1654 quod
605 1606 663 1650 te,
686 1601 811 1642 docte
833 1602 1010 1650 Severe,
1035 1601 1222 1641 vocem?

123 1666 302 1720 Jupiter
324 1668 549 1709 ambrosia
571 1672 689 1709 satur
711 1672 792 1717 est,
815 1672 858 1708 et
878 1673 1058 1709 nectare
1080 1668 1212 1709 vivit:

182 1733 279 1777 Nos
296 1738 442 1775 tamen
465 1740 570 1776 exta
590 1735 619 1775 J
624 1736 698 1775 ovi
719 1735 857 1776 cruda
877 1748 1132 1788 merumque
1155 1734 1326 1775 damus.

126 1800 284 1842 Omnia
305 1815 403 1843 cum
426 1802 507 1842 tibi
530 1802 616 1842 sint
638 1802 753 1842 dono
778 1814 990 1842 concessa
1012 1801 1205 1842 Deorum
1224 1814 1234 1842 z
1551 1801 1580 1841 5

183 1869 232 1910 Si
255 1869 373 1922 quod
395 1869 542 1919 habes,
564 1883 653 1910 non
673 1871 767 1921 vis3
799 1882 900 1921 ergo
923 1869 1028 1922 quid
1050 1868 1280 1922 accipies?

167 1966 198 1998 Ο
216 1966 335 1997 erudite
351 1965 475 2005 Severe,
490 1965 616 1995 miraris
630 1966 709 2005 quod
721 1966 845 1996 mittam
860 1974 963 1996 versus
979 1965 1099 1996 erudito
1116 1964 1244 2003 Severo,
1261 1968 1297 1995 et
1319 1964 1397 2004 quod
1411 1966 1441 1994 te
1454 1963 1583 1995 invitem

123 2011 164 2041 ad
175 2019 300 2041 coenam.
344 2009 472 2048 Jupiter
483 2012 572 2038 satur
586 2011 632 2038 est
647 2007 811 2046 ambrosia,
827 2012 856 2039 et
872 2008 949 2038 vicit
966 2011 1101 2038 nectare.
1128 2006 1340 2038 Nihilominus
1352 2016 1406 2037 nos
1420 2005 1578 2046 offerimus

0 1962 1 1978 i

0 1983 7 2043 Ἰ>

0 2042 10 2096 Γ
123 2053 199 2083 Jovi
214 2056 300 2090 exta,
322 2051 428 2088 thura,
441 2055 470 2081 et
481 2051 596 2081 vinum.
621 2051 700 2080 Cum
716 2050 777 2081 Dii
789 2051 848 2081 libi
859 2052 1060 2082 concesserint
1074 2050 1189 2089 omnia,
1203 2050 1231 2080 si
1246 2059 1370 2081 recusas
1385 2051 1463 2090 quod
1478 2049 1581 2089 hubert,

4 2094 10 2141 {i
125 2105 199 2135 ergo
211 2095 285 2136 quid
299 2094 430 2134 accipies
443 2091 458 2124 ?
513 2095 517 2096 ⁷

730 2145 962 2157 eeeeeeeeeeee

3 2146 7 2204 Γ
168 2204 188 2232 2
207 2202 286 2232 Cum
303 2211 363 2242 pro
381 2202 462 2241 quod
476 2201 542 2231 Ms.
560 2200 592 2230 in
611 2209 715 2239 marg.
738 2199 791 2230 ed.
811 2199 890 2230 Par.
907 2201 1001 2230 1617.
1015 2198 1056 2229 ed
1074 2198 1152 2230 edd.
1164 2198 1334 2230 Schrevel.
1349 2197 1464 2228 Maitt.
1477 2196 1581 2228 Barb.

3 2206 9 2281 Γ
126 2247 188 2275 -3
212 2246 222 2262 ‘
237 2244 426 2275 Scriverius
450 2244 542 2274 vico:
565 2242 678 2273 idem!
706 2242 840 2273 Farnab.
862 2241 1022 2272 Scltrevel.
1062 2241 1140 2273 Vino
1165 2242 1230 2272 Ms.
1246 2241 1447 2272 Beverl.—4
1477 2240 1582 2271 Thura

126 2296 188 2328 pro
200 2288 294 2318 cruda
304 2287 382 2319 edd.
399 2292 486 2318 vett.
502 2292 537 2317 et
554 2285 700 2316 Fau-nab.
718 2290 751 2316 et
768 2285 882 2316 Maitt.
922 2284 1070 2316 Consule
1083 2285 1164 2316 Not.
1182 2284 1262 2315 Var.

3 2291 5 2307 ι

3 2308 6 2381 Ι
783 2359 926 2391 NOTAE

3 2399 6 2458 Γ
171 2423 186 2451 1
207 2420 350 2459 Miraris,
364 2419 466 2460 docto]
488 2418 576 2450 vide
590 2419 689 2460 Epig.
700 2421 753 2449 27.
766 2418 825 2450 lib.
924 2421 945 2450 6
967 2418 1005 2450 Si
1018 2419 1096 2460 quod
1108 2417 1214 2457 habes]
1230 2418 1264 2448 Si
1282 2427 1323 2448 ea
1339 2416 1495 2446 daremus
1512 2418 1585 2445 tau-

2 2467 8 2521 }
130 2481 182 2502 lx·
883 2475 953 2502 tum
967 2470 1092 2511 quibus
1116 2468 1263 2508 indiges,
1290 2466 1353 2498 tibi
1370 2465 1517 2497 omnium
1534 2473 1585 2494 re·

173 2525 191 2553 3
226 2522 352 2561 Jupiter
381 2521 548 2561 ambrosia]
586 2521 687 2552 Dona
713 2525 826 2551 tamen
882 2530 953 2551 rum
972 2520 1071 2561 copia
1088 2518 1275 2550 abundanti
1298 2516 1381 2548 nihil
1404 2516 1583 2557 quicquam

130 2576 244 2603 nostra
259 2580 323 2602 non
339 2571 479 2611 respuit.
882 2570 964 2601 dare
980 2580 1164 2610 possemus.
