1960 3230
351 266 435 305 500
826 274 876 303 iu.
912 273 1022 303 vnn.
1058 273 1330 303 siAR'rlAms

354 370 524 421 Perque
547 370 646 407 tuas
667 379 806 415 aures,
829 368 971 417 magni
989 367 1094 416 mihi
1117 368 1308 408 numinis
1329 369 1478 416 instar,

411 437 585 484 Lector,
606 434 838 475 inhumana
856 434 966 474 liber
985 435 1041 475 ab
1059 435 1238 475 invidia.

355 558 424 586 tuas
439 555 516 585 mihi
530 555 635 585 instar
649 554 810 594 Numinis,
822 564 842 585 o
853 555 947 585 lector
960 554 1058 585 aliene
1069 565 1088 585 α
1105 555 1222 585 crudeli
1237 554 1369 586 invidia.

961 637 1199 649 eeeeeeeeeeee

355 694 482 726 Timan.
507 698 540 725 et
557 694 710 725 Florent.
740 703 839 735 qnam
868 694 996 734 primus
1027 694 1180 725 restituit
1211 693 1500 724 Scriverius.—10
1527 693 1758 734 Castaliumque
1779 694 1812 725 in

356 737 456 768 codd.
474 737 665 777 Pulmanni,
679 738 806 768 Timan.
824 736 903 767 Vat.
917 743 951 768 et
967 737 1116 768 Florent.
1163 737 1418 776 Castalidumque
1433 740 1534 766 cetum
1549 736 1690 768 Juntina
1701 742 1817 768 nostra

357 781 389 811 in
407 780 572 820 margine,
588 781 610 811 i.
626 790 657 810 e.
672 783 795 817 coetum,
812 785 921 810 metro
939 779 1107 811 obstante.
1129 783 1229 810 cetum
1245 785 1282 810 et
1307 789 1434 818 gregem
1463 788 1526 809 non
1555 780 1696 810 multum
1722 779 1817 810 diffe-

354 829 434 854 runt
452 826 484 853 in
503 823 602 854 codd.
629 823 671 853 ob
696 822 953 853 similitudinem
966 823 1139 853 literarum
1158 826 1171 853 t
1187 827 1221 853 et
1237 833 1265 861 c,
1280 826 1314 852 et
1328 834 1343 852 c
1360 828 1395 853 et
1415 832 1450 861 g,
1465 823 1662 853 charactere
1685 823 1814 862 Longo-

357 866 508 897 bai-dico.
555 866 605 896 Ex
621 865 781 896 mendosa
797 865 858 895 hac
874 865 1021 896 lectione
1038 865 1138 896 facile
1154 875 1254 895 eruas
1269 866 1405 903 elmi-uin,
1421 865 1508 905 quod
1525 865 1666 905 propius
1681 866 1816 897 accedit

356 909 399 939 ad
416 906 589 938 literarum
608 912 754 939 tractum
771 908 804 938 in
818 918 901 938 voce
916 918 1053 947 gregem.
1077 909 1133 939 Sic
1151 910 1160 924 ‘
1173 908 1349 938 Pieridum
1367 908 1489 938 chorus
1504 907 1511 919 '
1528 917 1580 948 ap.
1594 908 1696 939 Ovid.
1713 909 1815 940 'ri-ist.

364 954 511 983 v.3.10.
535 953 543 968 ‘
563 951 668 982 Pierii
681 951 774 982 chori
790 950 799 963 ⁷
831 961 873 981 ex
899 951 1002 981 Pom.
1021 961 1056 982 v.
1071 955 1124 982 58.
1154 951 1162 967 ‘
1181 951 1349 981 Naiadum
1367 950 1459 981 chori
1473 950 1482 962 ’
1520 951 1611 981 Fast.
1627 960 1650 982 1.
1665 955 1738 983 512.
1763 952 1815 983 Cf.

359 995 450 1025 Fast.
469 1004 500 1025 v.
518 997 570 1024 80.
597 994 819 1025 Nosti-.1.77.
832 1003 898 1025 vn.
913 997 965 1024 69.
991 1003 1059 1024 xu.
1078 997 1109 1025 3.
1126 998 1161 1024 et
1179 994 1226 1024 sic
1244 993 1370 1033 passim
1387 993 1477 1033 apud
1498 993 1630 1024 Poeta&
1674 995 1683 1011 ‘
1703 995 1816 1025 Grex’

358 1037 497 1078 proprie
511 1037 639 1067 dicitur
654 1036 696 1067 de
714 1037 971 1077 quadrupedum
989 1036 1268 1076 congregatione,
1284 1041 1318 1067 et
1335 1038 1500 1067 trausiate
1513 1036 1555 1066 de
1569 1037 1628 1067 vili
1645 1037 1814 1068 hominum

358 1080 575 1111 multitudine
593 1086 787 1120 usurpatur.
835 1080 953 1110 Cicero
971 1084 1085 1110 tamen
1105 1085 1141 1110 et
1157 1079 1300 1110 Terent.
1320 1079 1361 1109 de
1377 1079 1547 1109 hominum
1564 1089 1704 1111 numero
1730 1081 1816 1111 bono

361 1132 462 1153 sensu
479 1127 631 1153 utuntur.
678 1122 729 1154 Cf.
748 1123 866 1153 Nostr.
885 1131 937 1153 ix.
955 1125 1006 1153 87.
1030 1128 1065 1153 et
1093 1131 1159 1153 xii.
1176 1126 1227 1154 ll.
1251 1122 1307 1153 ubi
1335 1122 1376 1153 de
1405 1122 1551 1154 lectione
1576 1125 1585 1140 ‘
1602 1123 1724 1163 grege'
1747 1134 1815 1153 non

358 1166 509 1197 dubitari
527 1170 651 1206 potest.

1016 1220 1045 1250 N
1054 1218 1156 1250 OTAE

404 1299 443 1326 10
469 1295 718 1334 Castalidumque
737 1293 882 1334 gregem]
907 1294 983 1325 Hoc
1000 1299 1062 1333 est,
1117 1294 1199 1325 talio
1216 1293 1282 1325 sibi
1308 1299 1410 1335 atque
1437 1294 1587 1335 Apollini
1612 1305 1712 1326 sacro
1737 1296 1817 1327 Cas-

358 1346 497 1378 chorum
515 1346 702 1384 Musarum,
718 1356 792 1387 quse
820 1357 839 1377 a
861 1345 955 1377 fonte
982 1347 1062 1377 cas—
1115 1344 1238 1376 talides
1254 1345 1425 1376 dicuntur.

1017 1565 1163 1606 XIII.

912 1663 973 1692 nn
1007 1663 1279 1694 m'coRmE.

365 1744 481 1784 DUM
505 1742 749 1782 Tiburtinis
769 1740 994 1782 albescere
1017 1741 1189 1782 solibus
1212 1739 1335 1781 audit

419 1809 604 1862 Antiqui
627 1808 769 1848 dentis
789 1809 915 1848 fusca
938 1807 1122 1861 Lycoris
1145 1809 1267 1856 ebur,

364 1879 498 1920 Venit
519 1879 564 1918 in
582 1877 829 1918 Herculeos
851 1875 1016 1916 colles:
1049 1875 1154 1929 quid
1175 1874 1353 1915 Tiburis
1375 1874 1450 1914 alti

421 1946 545 1986 Aura
566 1945 714 1986 valet?
746 1957 888 1997 parvo
907 1949 1099 1997 tempore
1120 1944 1240 1996 nigra
1256 1943 1385 1982 redit.

411 2068 497 2098 Dum
516 2066 607 2104 fusca
637 2065 767 2105 Lycoris
783 2063 870 2094 audit
887 2063 961 2094 ebur
982 2064 1104 2104 antiqui
1120 2065 1222 2094 dentis
1238 2062 1339 2093 album
1357 2062 1435 2103 fieri
1461 2062 1588 2094 collibus
1617 2062 1752 2103 Tiburis,
1775 2073 1826 2104 pe-

367 2112 420 2141 tiit
436 2110 605 2140 Herculeos
621 2109 732 2138 colles:
753 2107 826 2147 quid
840 2110 940 2146 potest
953 2116 1031 2137 aura
1047 2108 1159 2138 excelsi
1176 2107 1300 2137 Tiburis
1314 2104 1329 2136 'J
1352 2106 1436 2136 brevi
1460 2109 1595 2146 tempore
1618 2107 1710 2145 nigra
1730 2116 1832 2137 ret-rr-

363 2155 455 2185 titur.

977 2202 1212 2213 aeaeaeaeaeaeaeaeaeaeaeae

417 2264 433 2291 l
458 2260 628 2293 Gruterus
655 2269 696 2289 ex
719 2258 838 2289 codice.
857 2258 969 2288 Paiat.
997 2257 1125 2297 primus
1143 2255 1250 2294 dedit,
1281 2255 1432 2286 albescere
1447 2256 1581 2290 solibus,-
1604 2256 1737 2295 quicum
1753 2265 1834 2286 con-

371 2304 522 2335 sentiunt
539 2303 646 2334 codex
662 2301 880 2333 Florentinus
898 2306 933 2330 et
949 2300 1110 2339 egregius
1127 2299 1191 2330 iste
1205 2299 1332 2330 Thuan.
1349 2308 1449 2339 quem
1468 2299 1614 2329 contulit
1631 2298 1834 2329 Gronovius.

370 2347 458 2378 vide
474 2348 556 2378 Var.
577 2347 697 2377 Notas.
721 2345 873 2375 albescere
883 2343 1009 2374 collibus
1025 2341 1187 2374 exhibent
1201 2342 1278 2373 edd.
1295 2346 1379 2373 vett.

1024 2436 1164 2467 NOTAE

412 2519 426 2546 1
456 2515 540 2546 Dum
582 2512 770 2554 Tiburtinis]
812 2514 863 2544 De
904 2513 1070 2553 Lycoride
1167 2516 1187 2543 2
1211 2512 1343 2553 Antiqui
1376 2510 1495 2551 demis]
1533 2509 1573 2540 Id
1602 2513 1665 2549 est,
1703 2509 1829 2540 vetusti

368 2568 457 2599 idem
473 2570 524 2597 est
549 2570 784 2605 argumentum
813 2565 871 2596 lib.
902 2565 1069 2605 1v.Epig.
1125 2563 1246 2595 eboris.

368 2622 420 2650 62.
438 2618 494 2649 ubi
510 2617 638 2657 egimus
655 2616 696 2647 de
713 2617 799 2647 ezelo
812 2615 1000 2647 Tiburtino.

1937 2521 1939 2536 1
