1893 3225
242 233 326 275 552
720 245 767 273 Μ.
802 245 912 274 vAi„
946 245 1221 275 MARTiAms

901 339 1045 372 NOTAE

287 417 303 446 l
333 414 495 455 Triginta]
528 416 649 456 Carpit
687 417 847 454 Lausum,
885 417 943 457 qui

243 466 333 498 forte
364 467 397 497 in
425 477 491 498 uno
510 467 594 498 libro
611 468 750 506 triginta
767 468 944 508 Epigram-

244 521 337 548 mata
367 517 454 547 mala
478 526 554 548 esse
572 517 762 558 judicaret,
793 523 827 549 et
851 519 945 548 illum

245 567 346 599 docet
362 567 485 599 bonum
501 568 945 609 nihilominusjudicandum

246 628 318 650 esse
351 618 486 659 librum,
516 619 616 650 modo
633 620 775 650 totidem
789 619 877 650 bona
894 628 944 649 re-

996 417 1186 457 periantur.
1226 417 1301 448 Lib.
1327 426 1351 447 1.
1377 415 1477 456 Epig.
1503 418 1552 446 17.
1581 416 1691 447 ‘Sunt

998 467 1097 506 bona,
1113 473 1191 498 sunt
1215 467 1367 508 quaedam
1395 466 1589 505 mediocria,
1616 472 1697 498 sunt

998 519 1084 548 mala
1101 519 1209 557 plura,
1221 519 1304 550 Quae
1320 517 1403 558 legis
1421 517 1494 548 hic:
1514 517 1614 548 aliter
1629 526 1696 547 non

996 566 1047 607 fit,
1070 567 1187 605 Avite‚
1204 566 1313 599 liber.'

831 787 1103 829 LXXXII.

768 888 830 917 DE
864 888 1172 918 MENOPHILO.

248 960 540 1003 MENOPHILI
563 978 718 1018 penem
739 971 828 1006 tam
853 967 1028 1019 grandis
1048 966 1185 1007 fibula
1207 966 1358 1016 vestit,

304 1029 366 1071 Ut
385 1032 443 1072 sit
459 1032 673 1072 comoedis
695 1034 900 1074 omnibus
921 1047 1008 1075 una
1027 1035 1152 1074 satis.

248 1096 384 1139 Hunc
404 1112 486 1151 ego
508 1100 779 1141 credideram
802 1100 922 1156 (nam
944 1115 1066 1155 saepe
1086 1102 1286 1142 lavamur
1305 1101 1352 1142 in
1371 1097 1525 1153 unum)

304 1166 533 1208 Solicitum
554 1170 655 1209 voci
672 1182 868 1223 parcere,
893 1169 929 1209 F
933 1169 1069 1219 lacce,
1092 1182 1210 1210 suae:

290 1333 306 1361 1
332 1330 506 1372 Menophili
518 1342 646 1372 pennem
662 1332 693 1363 in
711 1331 789 1363 edd.
803 1337 888 1363 vett.
903 1331 981 1363 Ald.
993 1332 1090 1365 Junt.
1107 1332 1215 1364 Colin.
1232 1337 1266 1364 et
1281 1332 1413 1373 Grypb.

902 1419 933 1451 N
940 1419 1043 1451 OTAE

292 1492 308 1520 l
336 1491 631 1532 Menophilipenem
649 1496 712 1523 tam
725 1493 866 1533 grundis,
880 1492 950 1533 δῖα]

250 1541 324 1573 Quo
340 1542 413 1572 loco
430 1547 549 1573 notant
562 1543 775 1583 Interpretes
786 1543 851 1574 duo
864 1543 950 1574 fibu—

248 1591 354 1622 larum
384 1602 512 1632 genera
542 1592 667 1625 fuisse:
695 1594 951 1633 Indumentum,

249 1652 315 1684 quo
332 1643 647 1683 comprimebantur
671 1644 769 1674 simul
793 1650 828 1674 et
857 1650 951 1685 tege—

248 1692 373 1723 bantur
404 1693 566 1733 verenda,
597 1700 666 1725 tum
695 1694 787 1725 filum
818 1705 951 1726 aeneum

248 1749 516 1785 argenteumque
552 1746 720 1786 praeputio
752 1746 950 1786 trajectum.

248 1795 438 1836 Utrumque
454 1795 587 1826 falsum.
626 1797 715 1827 Nam
731 1806 840 1837 neque
857 1795 950 1827 filum

247 1844 354 1876 fuisse
380 1846 498 1876 Celsus
516 1846 660 1886 indicat,
676 1848 731 1888 qui
756 1857 775 1877 a
790 1846 848 1877 filo
866 1847 950 1877 fibu-

249 1896 315 1927 lam
328 1897 521 1936 distinguit,
537 1902 571 1927 et
586 1897 642 1927 filo
659 1903 795 1928 exemto
812 1897 950 1928 fibulam

249 1946 392 1977 inditam
421 1947 541 1978 docet:
570 1957 679 1988 neque
710 1948 951 1979 vestimentum

250 1995 326 2028 fuit.
366 1997 522 2028 Aunulus
551 1998 639 2028 enim
658 1997 723 2029 fuit
740 1999 950 2038 promiscuus

249 2058 290 2079 ex
315 2058 397 2087 aere,
421 2048 453 2079 iu
483 2049 689 2090 paedagogiis
707 2051 746 2080 ad
765 2051 882 2080 luxum
900 2059 951 2080 ar-

253 2105 395 2140 genteus
411 2110 419 2139 ;
445 2100 540 2142 isque
557 2111 598 2131 ne
619 2101 721 2132 facile
738 2101 819 2132 solvi
836 2106 951 2142 posset

252 2160 271 2181 a
302 2150 398 2181 fabro
439 2151 516 2190 igue
554 2152 801 2192 glutinabatur‚
843 2157 879 2182 et
908 2152 950 2183 ab

252 2201 371 2233 eodem
389 2212 464 2233 cum
483 2212 566 2242 opus
584 2209 674 2233 esset
696 2203 951 2243 refibulabatur,

249 2255 320 2284 sive
337 2253 540 2284 solvebatur.
573 2253 663 2285 Quid
678 2264 759 2294 ergo
776 2255 877 2285 theca
893 2253 951 2284 illa

250 2311 286 2336 et
319 2305 420 2341 aluta,
444 2304 616 2345 fibulaque
647 2314 768 2345 penem
804 2305 953 2335 vestiens

250 2355 340 2396 apud
367 2355 563 2385 Martialem
586 2354 674 2385 fuit?
701 2355 833 2395 Nempe
851 2354 953 2385 subli-

249 2408 405 2447 gaculum
435 2412 470 2436 et
501 2406 623 2446 vagina
656 2406 823 2446 quaedam,
852 2406 950 2446 cujus

249 2467 329 2488 usus
359 2467 425 2487 nou
449 2456 493 2486 ad
524 2456 779 2487 custodiendam
809 2466 948 2488 vocem:

249 2509 305 2549 qui
323 2508 412 2538 enim
440 2506 513 2538 fieri
538 2512 686 2548 poterat,
713 2509 741 2538 si
759 2513 828 2538 tam
851 2507 951 2539 facile

249 2558 503 2596 removebatur,
515 2563 548 2588 et
566 2564 687 2598 sponte
703 2557 871 2589 cadebat?
890 2558 950 2589 sed

248 2608 433 2639 honestatis
458 2617 558 2638 causa
575 2607 814 2648 adhibebatur,
831 2609 951 2649 praeci-

248 2668 316 2700 pue.
339 2669 358 2690 a
379 2658 512 2690 Judaeis
528 2658 571 2689 ad
588 2659 764 2690 celandam
782 2661 952 2700 praecisio-

250 2720 340 2750 nem,
372 2710 428 2752 qui
457 2715 569 2740 tamen
588 2720 653 2741 non
680 2710 861 2751 infibulati,
886 2721 949 2743 nec

249 2765 339 2794 enim
364 2767 535 2803 poterant,
564 2772 639 2793 cnm
669 2764 826 2804 pellicula
857 2774 950 2795 care-

252 2820 340 2854 rent,
356 2824 430 2855 quae
460 2813 720 2854 trajiciebatur;
744 2815 834 2857 quod
851 2815 949 2848 Jose-

1006 1494 1073 1534 pho
1098 1493 1274 1534 Scaligero
1301 1493 1476 1534 negotium
1497 1491 1710 1524 facessebat:

1006 1545 1065 1575 sed
1082 1546 1158 1586 quia
1176 1544 1297 1583 ferme,
1319 1545 1376 1585 qui
1401 1543 1569 1574 infibulati
1597 1547 1708 1581 erant,

1007 1596 1108 1625 etiam
1137 1596 1270 1626 thecam
1298 1594 1502 1635 hujusmodi,
1523 1600 1556 1624 et
1581 1593 1708 1624 alutam

1007 1646 1215 1687 gestabant3
1245 1647 1316 1677 sive
1334 1652 1370 1676 ut
1387 1646 1547 1683 laterent,
1572 1645 1644 1675 sive
1665 1653 1707 1675 ne

1007 1697 1109 1727 nimio
1147 1703 1240 1728 motu
1267 1703 1370 1738 atque
1399 1697 1536 1727 incussu
1566 1696 1710 1726 annulus

1007 1754 1119 1778 cutem
1134 1748 1287 1785 laederet,
1301 1749 1370 1779 sive
1389 1748 1487 1778 aliam
1501 1747 1543 1778 ob
1559 1756 1706 1778 causam.

1009 1798 1412 1839 Proptereaimpropiie
1438 1808 1511 1829 eam
1540 1797 1708 1829 Martialis

1006 1847 1143 1879 fibulam
1173 1850 1376 1889 appellavit,
1406 1859 1481 1890 quae
1506 1848 1611 1880 fibula
1641 1857 1707 1879 non

1007 1905 1094 1937 erat,
1120 1900 1178 1930 sed
1209 1900 1320 1940 potius
1344 1900 1458 1930 fibulae
1483 1900 1587 1940 ipsius
1616 1904 1707 1929 tuta-

1006 1960 1103 1981 men:
1137 1960 1210 1980 cum
1238 1956 1406 1990 praeterea
1424 1950 1540 1980 Celsus
1568 1948 1709 1980 fibulam

1006 2000 1180 2031 meliorem
1206 2001 1330 2031 dixerit
1348 2011 1412 2041 qno
1435 2001 1559 2031 levior:
1586 2006 1621 2031 at
1636 2000 1709 2030 haec

1008 2061 1082 2092 quae
1103 2051 1145 2081 ad
1165 2051 1343 2081 celandum
1360 2051 1513 2089 inventa,
1529 2050 1614 2081 adeo
1632 2059 1708 2090 gra·

1008 2101 1073 2140 vis,
1091 2106 1128 2132 ut
1156 2102 1164 2117 ‘
1180 2101 1340 2133 Judaeum
1360 2100 1511 2142 pondus'
1541 2100 1711 2132 Martialis

1011 2152 1253 2192 appellaverit,
1270 2162 1336 2192 quo
1361 2152 1584 2183 recutitorum
1601 2151 1709 2191 ingui-

1009 2213 1053 2234 na
1091 2203 1328 2234 trahebantur.
1388 2203 1562 2234 Ferrarius.
1600 2202 1710 2233 Meno-

1008 2254 1097 2294 phili,
1121 2253 1189 2293 ἐξα]
1221 2253 1384 2291 Comoedi,
1413 2253 1604 2291 citharoedi‚
1635 2251 1712 2283 ado·

1010 2305 1259 2345 lescentulique
1276 2305 1345 2344 alii,
1359 2304 1470 2334 virilia
1496 2304 1600 2334 fibula
1617 2304 1710 2334 co'e'r-

1010 2367 1089 2388 cere
1113 2356 1281 2394 solebant,
1297 2366 1362 2396 quo
1380 2365 1398 2385 a
1415 2356 1548 2385 Venere
1566 2354 1713 2385 abstine-

1007 2412 1096 2447 rent,
1127 2407 1219 2437 vocis
1251 2416 1310 2436 seu
1343 2405 1546 2436 valetudinis
1574 2414 1710 2435 conser-

1006 2457 1127 2490 vandae
1145 2466 1257 2488 causa.
1284 2456 1555 2487 Cel³11slib.v11.
1568 2466 1642 2496 cap.
1657 2458 1710 2486 25.

1007 2515 1044 2541 et
1066 2510 1191 2542 Juven.
1216 2508 1288 2539 Sat.
1313 2517 1365 2539 vt.
1388 2510 1440 2539 73.
1456 2512 1491 2538 et
1507 2510 1577 2538 380.
1629 2507 1709 2538 Duo

1008 2566 1122 2592 autem
1136 2560 1250 2590 harum
1263 2559 1442 2590 fibularum
1456 2563 1556 2589 erant
1570 2567 1710 2598 genera.

1005 2611 1070 2641 Vel
1087 2610 1323 2641 indumentum
1347 2620 1412 2650 quo
1440 2609 1710 2649 comprimeban-

1008 2666 1072 2701 tur,
1087 2661 1233 2692 simulet
1251 2661 1458 2701 tegebantur
1475 2661 1632 2701 inguina:
1654 2659 1709 2690 vel

1004 2711 1097 2743 filum
1115 2721 1248 2743 aeneum
1268 2716 1512 2753 argenteumve
1537 2710 1709 2753 praeputio

1005 2764 1201 2806 trajectum.
