1893 3225
295 238 380 278 696
772 245 820 272 M.
854 243 966 273 VAL.
999 240 1274 272 MAR'rlAms

355 342 487 393 Quod
509 341 721 395 optimum
744 339 803 379 sit
824 338 1021 392 quaeritis
1041 336 1323 377 convivium?
1715 335 1743 373 5

410 409 461 449 In
483 408 600 462 quod
621 406 852 448 choraules
873 418 961 445 non
982 404 1117 444 venit.
1225 411 1257 477 3*

294 508 443 546 suaviter,
468 508 565 537 multa
580 507 776 544 excellenter,
798 506 851 535 secl
867 503 967 534 omnia
976 502 1087 543 perite.
1133 501 1186 532 An
1199 504 1320 540 rogatzs
1331 501 1408 540 quod
1423 499 1594 530 convivium
1609 498 1649 530 sil
1666 499 1745 540 opli-

295 561 377 581 mum.
389 549 403 581 ‚²
429 550 488 581 Cui
504 560 563 580 non
574 551 660 580 adest
671 549 838 579 choraules.

901 596 1137 610 eeeeeeeeeeee

337 655 358 683 6
381 651 420 681 In
436 660 492 690 quo
510 672 517 680 .
538 671 546 679 .
566 671 573 679 .
590 648 650 679 erit
665 646 887 677 Pulmannus.
917 644 1053 682 Cetera,
1070 652 1137 673 non
1157 640 1288 672 variant
1305 639 1511 670 membranae
1529 641 1587 669 aut
1603 637 1680 668 libri
1698 643 1745 678 ty-

293 693 509 736 pographici.

942 739 1086 771 NOTAE

338 807 356 834 5
382 802 471 838 Quod
496 800 644 841 optimum
672 797 729 837 sit]
763 796 887 826 Sensus
917 798 989 824 est:
1047 792 1143 823 abest
1159 791 1364 822 musicorum
1389 787 1566 829 strepitus,
1581 791 1617 818 et
1632 787 1746 829 inquo

295 853 385 886 Quid
403 861 488 892 opus
505 856 558 881 est
581 849 686 880 multo
711 845 890 877 sermone?
914 845 992 874 Uno
1047 843 1162 883 quieta
1177 846 1228 872 est
1243 850 1370 872 mensa.

294 904 427 934 scilicet
440 901 543 932 verbo
555 898 686 930 definiri
700 902 814 937 potest
827 896 991 935 optimum
1090 895 1110 922 6
1136 890 1320 930 choraules]
1346 890 1380 921 Is
1396 894 1449 921 est
1474 889 1530 932 qui
1546 888 1629 921 tibia
1644 889 1750 927 canit,

294 963 417 994 nempe
447 951 636 983 convivium
664 947 745 978 illud
775 955 849 977 esse
876 955 894 975 a
927 954 992 985 quo
1049 943 1106 974 lib.
1120 951 1170 973 Vl.
1187 942 1286 982 Epig.
1304 943 1357 972 57.

903 1047 1145 1089 LXXIX.

820 1139 846 1170 A
859 1140 887 1168 D
920 1137 1253 1168 PICENTINUM.

296 1215 509 1255 FUNERA
532 1216 637 1266 post
659 1214 826 1263 septem
848 1207 1001 1261 nupsit
1021 1207 1102 1246 tibi
1125 1205 1258 1247 Galla
1279 1205 1483 1254 virorum,

355 1280 604 1322 Picentino:
635 1277 760 1330 sequi
784 1275 877 1316 vult
899 1282 1012 1328 puto
1034 1273 1168 1314 Galla
1188 1274 1318 1314 viros.

337 1392 368 1424 Ο
385 1391 557 1425 Picentine,
583 1389 678 1420 Galla
700 1388 759 1420 tibi
773 1387 878 1428 nupsit
897 1390 967 1428 post
982 1389 1110 1417 mortem
1130 1388 1246 1426 septem
1261 1385 1465 1415 maritorum:
1490 1384 1606 1422 Gallo,
1630 1383 1749 1424 opinor,

290 1436 391 1475 placet
405 1435 488 1475 sequi
503 1433 642 1464 maritos.

902 1480 1136 1492 eeeeeeeeeeee

336 1530 376 1561 In
392 1531 452 1561 hoc
466 1529 569 1561 etiam
587 1527 841 1568 Epigrammate
859 1525 949 1556 nulla
962 1529 1014 1555 est
1025 1526 1173 1555 varietas
1186 1523 1363 1554 librorum.

950 1602 980 1633 N
987 1601 1090 1632 OTAE

337 1677 351 1703 l
381 1673 505 1703 Funera
516 1674 585 1712 post
598 1669 728 1711 septem]
744 1669 888 1700 Maritus
901 1667 992 1699 forte
1045 1666 1134 1698 Vide
1148 1666 1207 1697 lib.
1222 1675 1304 1697 nn.
1320 1665 1420 1706 Epig.
1437 1668 1491 1696 43.

292 1729 423 1764 septem
441 1732 570 1753 veneno
587 1721 771 1752 sustulerat
796 1720 861 1750 ista
875 1719 990 1757 Galla,
1090 1720 1109 1747 2
1134 1716 1229 1757 Sequi
1241 1715 1322 1755 vult]
1341 1716 1417 1747 Hoc
1433 1722 1497 1756 est,
1513 1724 1532 1746 a
1545 1719 1580 1746 te
1597 1713 1750 1746 venefico

294 1779 332 1805 ut
356 1773 475 1813 Chloe,
502 1773 543 1803 de
575 1781 641 1812 qua
667 1770 767 1811 Epig.
794 1773 846 1801 16.
875 1779 990 1810 supra.
1045 1767 1171 1799 necari.

912 1890 1127 1931 LXXX.

793 1981 858 2009 Au
893 1979 1233 2010 DOMlTlANUM.

293 2049 507 2091 ODERA'P
531 2054 635 2089 ante
658 2048 817 2088 ducum
839 2047 1027 2088 famulos
1052 2048 1311 2102 turbamque
1334 2050 1539 2102 priorem,

353 2117 409 2157 Et
432 2116 695 2157 Pallatinum
717 2115 865 2157 Roma
886 2116 1175 2170 supercilium
1195 2131 1203 2158 :

336 2228 438 2259 Antea
462 2227 562 2258 Roma
577 2229 684 2257 oderat
711 2236 811 2257 servos
838 2226 1079 2266 Imperatorum,
1102 2230 1132 2257 et
1156 2226 1302 2258 minorem
1326 2228 1460 2266 turbam,
1482 2232 1574 2268 atque
1598 2239 1748 2268 arrogan-

901 2300 1137 2311 eeeeeeeeeeee

338 2347 354 2374 1
381 2344 516 2385 Legunt
534 2345 590 2376 alii
614 2345 794 2385 turbamque
809 2345 957 2376 minorem
975 2355 985 2381 ,-
1009 2344 1064 2376 alii
1087 2346 1245 2385 priorum:
1269 2349 1416 2375 nostram
1438 2350 1552 2376 tamen
1567 2346 1648 2377 lect.
1669 2355 1746 2387 pro-

948 2420 1087 2452 NOTAE

336 2486 353 2514 l
379 2483 568 2524 Tur-bamque
581 2494 630 2524 pr.
650 2485 828 2525 [minorem]
855 2486 988 2525 Legunt
1042 2494 1141 2522 orum,
1157 2483 1408 2524 Imperatorum
1425 2494 1560 2526 nempe,
1576 2490 1636 2517 aut
1652 2485 1745 2517 Auli-

292 2534 362 2572 alii,
377 2535 555 2575 turbamque
573 2536 724 2575 priorem,
747 2542 855 2574 recte,
881 2537 990 2577 inquit
1043 2534 1747 2577 corumquicomitarenturlmperatorem.

294 2585 484 2616 Gruterus:
520 2595 594 2615 nam
620 2586 743 2617 ‘turba
770 2586 882 2627 prior'
910 2591 990 2617 sunt
1043 2584 1169 2615 Videat
1187 2586 1306 2615 lector.

292 2634 420 2672 liberti,
450 2635 507 2676 qui
534 2645 603 2675 prae
638 2637 742 2666 servis
776 2637 990 2676 odiosissimi‚
1086 2638 1106 2667 2
1131 2636 1321 2667 Pallatinum
1345 2637 1554 2678 supercilium]
1577 2638 1642 2669 Vel
1659 2638 1746 2679 ipso-

290 2690 451 2725 tauquam
479 2686 534 2726 qui
561 2693 798 2725 procuratores
823 2687 990 2727 provinci-
1046 2698 1117 2718 rum
1157 2686 1421 2730 Imperfflorum,
1458 2690 1511 2720 vel
1549 2689 1745 2721 Aulicorum

291 2745 397 2773 arum,
413 2742 590 2766 exactores
610 2736 823 2773 tributorum,
843 2738 990 2777 vectiga-
1046 2737 1170 2769 fastum
1189 2739 1351 2779 intellige.

291 2785 385 2825 lium,
402 2788 464 2816 ἃς.
490 2786 623 2825 Legunt
649 2787 704 2815 alli
730 2786 990 2827 turbamqueprz'-
