1893 3225
210 243 298 285 646
690 250 740 278 M.
774 249 885 278 VAL.
919 247 1195 278 MAssTiAms

211 351 292 391 Ille
315 361 423 402 puer
444 351 538 388 tota
560 346 740 387 domino
762 345 1045 398 gratissimus
1067 344 1186 391 aula,

271 416 464 458 Nomine
487 415 562 468 qui
581 415 722 467 signat
751 417 947 465 tempora
968 425 1102 452 verna
1122 424 1216 451 suo.

216 486 359 533 Felix,
381 497 480 537 quae
506 483 585 523 tali
607 484 809 523 censetur
830 494 1004 521 munere
1025 480 1179 521 tenus!

273 552 369 593 Nec
392 549 704 603 Ganymedeas
724 548 874 589 mallet
893 548 1050 588 habere
1072 559 1240 588 comas.

1647 480 1674 521 ΕΠ

210 669 305 707 mine,
326 667 436 697 obtulit
456 667 525 697 Deo
545 667 714 705 Pergameo
737 675 863 695 munera
877 674 977 702 sacra,
998 664 1153 703 speculum
1178 663 1339 694 consilium
1366 663 1618 703 pulchritudinis,
1645 666 1676 694 et

211 720 334 742 suavem
349 711 517 741 coesariem.
564 708 595 740 O
613 709 734 740 beatum
749 709 845 738 solum
869 709 946 747 quod
959 709 1122 738 decoratur
1140 707 1197 736 tali
1212 707 1303 746 dono,
1314 715 1367 736 nec
1383 706 1486 738 mallet
1502 706 1615 738 habere
1629 716 1678 737 ca-

211 755 304 794 pillos
317 752 519 793 Ganymedis.

825 802 1065 814 eeeeeeeeeeee

256 853 275 881 3
301 850 446 889 Illepuer·
460 851 547 879 tanto
564 847 644 879 Aid.
660 848 758 880 Junt.
786 847 893 878 Colin.
919 846 1052 886 Gryph.
1078 846 1236 876 Pulman.
1265 844 1382 876 Plant.
1401 845 1543 877 Junian.
1570 846 1675 885 Lang.

215 898 249 923 ct
267 892 396 933 Delph.
427 892 482 922 Ille
505 901 583 931 puer
608 894 681 921 totae
709 890 830 921 domino
851 889 1052 929 gratissimus
1075 889 1155 919 aula:
1182 889 1216 919 in
1247 888 1451 928 quibusdam
1475 889 1558 919 edd.
1593 889 1678 920 Lec-

214 936 340 966 tionem
375 940 525 966 nostram
551 934 713 964 exhibent
744 933 847 964 Grut.
877 932 984 964 Scriv.
1013 931 1161 962 Farnab.
1188 931 1360 962 Schrevel.
1394 936 1430 963 et
1460 933 1675 963 reeentt.-4

215 979 348 1010 Nomine
362 978 525 1019 quisignet
541 977 574 1007 iu
599 976 678 1007 edd.
703 979 852 1007 vem—5
878 975 1084 1006 Beverlandi
1102 975 1166 1005 Ms.
1189 975 1311 1005 nomine
1325 974 1427 1006 tellus.

884 1059 1023 1092 NOTAE

214 1129 424 1169 Pergameas
448 1132 522 1159 erat
548 1127 704 1159 Earinus.
752 1128 841 1167 Lege
858 1126 916 1157 lib.
976 1135 1074 1166 quem
1090 1125 1306 1157 Domitianus
1321 1126 1456 1157 amabat
1469 1135 1538 1166 prae
1553 1125 1679 1157 ceteris

215 1188 273 1210 11¹.
300 1180 391 1210 Stat.
418 1181 510 1220 Sylv.
539 1179 581 1210 de
613 1182 620 1196 ‘
641 1179 745 1209 Coma
778 1177 917 1209 Earini.'
976 1177 1128 1207 omnibus
1152 1177 1266 1217 pueris
1290 1177 1343 1208 sui
1369 1178 1499 1217 palatii.
1545 1178 1681 1217 Legunt

215 1230 404 1270 Pergamus
438 1240 516 1260 vero
548 1229 629 1260 urbs
657 1228 722 1260 fuit
747 1228 919 1269 Phrygiae,
977 1227 1116 1265 auidae
1130 1238 1205 1267 puer
1219 1232 1296 1259 tota.
1342 1227 1422 1267 Alii,
1444 1228 1504 1259 Ille
1517 1238 1595 1269 puer
1610 1232 1680 1259 tan·

215 1280 274 1310 nbi
286 1280 463 1311 colebatur
478 1280 703 1320 AEsculapius.
736 1279 919 1319 Speculum
975 1282 1016 1308 toe
1034 1279 1156 1309 domino
1174 1279 1373 1318 gratissimus
1384 1280 1474 1319 auloe,
1486 1289 1560 1320 quae
1575 1278 1678 1310 lectio

217 1335 329 1362 antem
346 1331 523 1361 eonsilium
545 1330 661 1361 formae
679 1330 816 1369 dicitur⁷
831 1329 919 1370 qnod
976 1338 1042 1359 non
1060 1330 1312 1360 contemnenda
1328 1330 1472 1361 videtur.

218 1383 412 1413 consulatur
426 1382 468 1413 ad
487 1381 672 1413 ornandam
689 1380 846 1411 formam.
1018 1382 1037 1410 4
1063 1380 1199 1411 Nomine
1213 1380 1281 1421 qui]
1304 1381 1449 1412 Earinus
1460 1380 1548 1412 enim
1566 1390 1585 1411 a
1598 1389 1677 1411 vere

260 1436 278 1463 3
313 1434 447 1465 Domino
481 1432 701 1472 gratissimus]
746 1431 822 1462 Hoc
856 1435 922 1470 est,
976 1441 1099 1462 nomen
1116 1432 1226 1463 duxit.

848 1571 1043 1613 XVIII.

573 1651 634 1680 DE
670 1650 842 1679 EADEM
878 1651 945 1680 AD
978 1650 1328 1682 AESCULAPIUM.

218 1720 437 1761 LAToNAE
460 1718 703 1759 venerande
724 1731 883 1771 nepos,
904 1719 980 1772 qui
1001 1718 1182 1759 mitibus
1203 1719 1347 1760 herbis

275 1786 516 1827 Parcarum
537 1798 698 1827 exoras
720 1798 878 1838 pensa,
899 1786 1143 1839 brevesque
1165 1787 1316 1836 colos3

218 1854 322 1895 Hos
344 1853 423 1893 tibi
444 1853 644 1894 laudatos·
666 1852 841 1893 domino
866 1866 949 1893 sua
970 1858 1076 1893 vota
1097 1853 1285 1907 capillos

276 1921 360 1962 Ille
382 1925 482 1962 tuus
505 1920 636 1961 Latia
656 1919 777 1960 misit
799 1920 854 1959 ab
874 1919 978 1959 urbe
999 1933 1118 1973 puer.

261 2032 292 2063 O
309 2033 431 2062 colende
446 2040 537 2070 nepos
553 2030 693 2067 Latonae,
715 2030 767 2070 qui
783 2029 900 2060 lenibus
916 2029 1018 2060 herbis
1032 2030 1164 2061 moraris
1178 2030 1312 2061 stamina
1330 2031 1511 2070 Parcarum,
1536 2035 1565 2062 et
1577 2031 1680 2062 breves

215 2077 317 2107 colos:
342 2079 412 2106 tuus
435 2074 486 2104 ille
500 2084 576 2114 puer
598 2073 635 2104 ab
651 2073 725 2104 urbe
743 2073 842 2103 Roma
864 2073 947 2103 misit
962 2075 1002 2103 acl
1017 2076 1048 2104 te
1063 2083 1179 2104 comam
1201 2075 1442 2105 commendatam
1460 2084 1529 2105 voce
1544 2075 1683 2105 domino-

832 2147 1069 2159 eeeeeeeeeeee

258 2193 310 2224 Aa
322 2192 534 2232 AEsculapium
550 2192 725 2231 inscriptio
742 2196 794 2223 est
811 2192 845 2223 in
861 2193 940 2224 edd.
970 2197 1119 2225 vem—3
1145 2194 1214 2225 Hos
1237 2194 1296 2224 tibi
1322 2194 1462 2224 laudatos
1488 2193 1680 2224 dominarum

217 2246 286 2266 voce
298 2237 424 2276 capillos
442 2235 518 2265 Alci.
532 2235 628 2267 Junt.
644 2236 752 2266 Coliu.
771 2236 902 2276 Grypli.
921 2237 1093 2268 Calderin.
1115 2238 1271 2268 Pulman.
1287 2237 1401 2267 Plant.
1419 2236 1558 2268 Junian.
1578 2237 1682 2275 Lang.

217 2279 344 2320 Delph.
362 2281 425 2309 ἃς.
450 2279 519 2308 Hos
530 2278 587 2308 tibi
599 2278 741 2309 laudatos
752 2280 873 2310 domino
889 2289 943 2309 suit
959 2283 1029 2310 vota
1046 2280 1077 2310 in
1093 2280 1211 2310 codice
1227 2279 1410 2310 Vaticano.
1458 2279 1524 2309 Hos
1540 2279 1598 2309 tibi
1616 2279 1681 2309 lau—

217 2324 306 2352 datos
322 2321 408 2352 doini
420 2324 489 2351 rata
501 2324 572 2351 vota
590 2322 621 2351 in
637 2322 797 2351 Tliuaneo
818 2332 826 2359 ;
850 2322 869 2352 i.
883 2332 912 2353 e.
929 2323 1024 2360 domi,
1041 2333 1099 2353 seu
1113 2322 1241 2352 domini.
1272 2322 1378 2353 Janus
1396 2321 1611 2352 Guilielmius
1638 2331 1681 2352 ex

217 2365 340 2397 ‚iacobi
359 2363 500 2394 Hutteri
518 2364 637 2394 codice
656 2365 819 2398 restituit,
835 2365 956 2394 domino
970 2368 1040 2395 rata
1053 2368 1147 2401 ωιτη
1171 2370 1311 2395 tonsura
1327 2364 1416 2394 enim
1433 2364 1502 2394 voti
1519 2373 1583 2394 non
1602 2373 1680 2395 raro

216 2407 416 2449 symbolum.
461 2406 547 2437 vide
563 2406 621 2437 lib.
636 2416 660 2438 1.
686 2407 784 2447 Epig.
797 2409 850 2437 32.
880 2407 965 2439 Juu.
992 2407 1035 2438 de
1060 2409 1181 2446 Coma,
1198 2412 1233 2438 et
1250 2407 1323 2438 VV.
1340 2408 1424 2438 DD.
1450 2407 1492 2437 ad
1518 2407 1678 2439 Juvenal.

874 2493 1018 2526 NOTAE

262 2561 279 2590 1
304 2557 434 2589 Latonae
448 2557 632 2596 venerande]
666 2558 799 2589 Latona
816 2568 921 2599 pepe·
977 2559 1139 2591 bulantur
1154 2559 1287 2590 Po'e'tae.
1326 2559 1379 2590 De
1396 2559 1517 2590 Parcis
1530 2568 1608 2600 quae
1623 2558 1682 2590 lio-

219 2611 265 2642 rit
292 2608 499 2650 Apollinem,
524 2618 567 2638 ex
592 2619 657 2649 quo
687 2614 722 2640 et
750 2610 921 2640 Coronide
977 2611 1103 2640 minum
1134 2610 1207 2640 fata
1231 2609 1448 2642 moderantur
1470 2611 1542 2652 jam
1556 2610 1678 2651 saepius

218 2660 379 2701 Nympha
395 2662 494 2690 natus
511 2662 562 2689 est
586 2659 799 2700 AEscnlapius
817 2660 921 2691 medi·
977 2660 1119 2691 dictum.

218 2714 303 2745 cinae
320 2711 492 2741 inventor.
1017 2713 1036 2741 4
1062 2710 1119 2741 Ille
1133 2709 1219 2749 tuus]
1242 2710 1385 2740 Earinus
1403 2710 1530 2750 quippe
1552 2709 1679 2749 Perga-

261 2766 281 2793 2
304 2762 478 2793 Parcarum
493 2760 617 2801 exoras]
654 2760 709 2792 Ab
726 2761 919 2802 AEsculapio
975 2772 1069 2794 meus
1086 2766 1172 2801 erat,
1189 2761 1288 2802 Epig.
1307 2761 1528 2802 praecedenti.

219 2814 307 2845 enim
324 2812 551 2852 Hippolytum
562 2812 642 2844 vitae
659 2812 855 2845 restitutum
870 2812 917 2844 fa-
