1924 3225
574 241 979 274 EPlGRAMMA'rUM
1016 241 1111 271 ΜΒ.
1144 240 1228 271 vn.
1543 230 1628 272 541

170 338 241 381 Ab
262 340 407 391 miser,
431 344 476 381 et
497 339 696 381 demens!
732 338 883 390 viginti
905 338 1050 390 litigat
1071 338 1198 378 annis

174 408 443 463 Quisquam,
465 408 535 449 cui
555 406 688 457 vinci,
711 405 984 459 Gargiliane,
1005 406 1142 447 licet?

172 523 235 560 tue,
254 530 296 551 an
312 520 467 560 quisquam
482 518 589 558 litigat
602 516 719 557 viginti
733 513 847 548 annis?
869 526 888 547 o
909 517 1107 558 Gargiliane,
1121 516 1227 555 caifas
1248 521 1295 549 est
1310 518 1437 550 cedere?

781 604 1025 616 ‘Offmstm

218 660 285 692 Hic
302 660 395 691 nulla
410 659 564 692 lectionis
580 660 730 691 varietas
746 664 844 692 extat
861 660 894 691 in
911 660 1007 691 libris
1025 670 1124 692 manu
1143 660 1280 702 scriptis
1297 664 1355 691 aut
1373 659 1555 701 impressis.

834 745 975 778 NOTAE

219 814 239 843 2
265 812 406 843 Conterit
436 822 497 843 una
527 811 640 851 tribus]
663 812 720 842 De
751 811 879 852 triplici
936 815 1002 849 tur,
1029 811 1104 849 plus
1130 809 1324 849 lucrifacit,
1342 820 1442 851 quam
1461 810 1501 849 si,
1517 810 1577 840 lite
1593 810 1635 840 ad

178 861 254 894 foro
267 863 396 903 egimus
423 863 481 894 lib.
497 872 551 894 111.
567 862 668 902 Epig.
682 864 735 893 38.
935 866 987 892 tot
1013 871 1116 892 annos
1146 867 1342 902 prorogata,
1370 860 1505 892 tandem
1524 860 1638 891 vincat

221 916 241 945 4
267 914 328 945 Cui
343 913 440 953 vinci]
463 914 532 947 Qui
546 913 634 945 enim
652 912 757 944 semel
774 912 879 944 vinci·
935 911 1182 944 adversarium.

815 1053 993 1099 LXVI.

746 1149 809 1178 DE
844 1149 904 1177 LA
915 1148 1075 1177 fflENO.

182 1215 451 1257 HAEREDEM
479 1214 644 1256 Fabius
667 1214 913 1257 Labienum
934 1228 992 1255 ex
1012 1228 1113 1255 asse
1136 1215 1334 1270 reliquit:

239 1285 350 1326 Plus
370 1285 580 1325 meruisse
601 1289 751 1325 tamen
773 1298 820 1325 se
842 1284 1073 1324 Labienus
1097 1284 1174 1325 ait.

226 1384 342 1416 Fabius
355 1383 497 1415 instituit
512 1384 665 1416 haeredem
684 1384 855 1416 Labienum
875 1394 915 1415 esc
930 1393 996 1415 asse
1011 1395 1021 1414 .·
1045 1383 1246 1414 nihilominus
1266 1382 1420 1414 Labienus
1435 1382 1515 1414 dicit
1528 1383 1598 1423 plus
1611 1394 1643 1415 sc

183 1437 343 1459 meruzsse.

795 1480 1032 1491 eeeeeeeeeeee

225 1534 346 1576 Neque
359 1534 391 1565 in
405 1535 470 1566 hoc
487 1534 740 1576 Epigrammate
757 1536 825 1567 ullo
839 1536 940 1567 modo
957 1535 1090 1566 variant
1105 1534 1326 1575 exemplaria,
1343 1538 1402 1565 aut
1427 1533 1556 1574 scripta
1586 1537 1646 1564 aut

187 1587 324 1609 excusa.

850 1621 991 1652 NOTAE

232 1697 248 1725 l
272 1695 322 1725 Ex
332 1694 413 1735 asse]
430 1693 470 1725 Id
482 1694 728 1734 est,haei·edem
743 1694 890 1725 omnium
947 1693 1091 1725 stitutus
1128 1703 1170 1724 ex
1206 1703 1279 1724 asse
1315 1693 1425 1724 minus
1461 1699 1648 1734 acceperat

188 1745 352 1776 bonorum
372 1756 380 1776 ε
402 1745 583 1776 liaerediias
615 1747 703 1777 enim
719 1747 820 1785 vulgo
840 1746 890 1776 di·
947 1755 1047 1785 quam
1073 1744 1273 1776 donaverat.
1319 1746 1442 1775 Sensus
1473 1750 1545 1775 est:
1583 1745 1650 1776 La-

191 1796 319 1828 viditur
347 1795 380 1826 in
412 1795 594 1827 duodecim
625 1797 742 1827 uncias
769 1796 889 1837 quibus
944 1795 1062 1825 bicnus
1079 1795 1161 1825 dicit
1175 1805 1210 1826 se
1228 1795 1303 1835 plus
1317 1795 1496 1834 meruisse,
1508 1794 1570 1826 hoc
1583 1801 1648 1834 est,

188 1850 326 1878 constat
342 1856 388 1878 as,
944 1846 1083 1886 dignuin
1101 1857 1173 1877 esse
1196 1846 1316 1886 majori
1333 1847 1492 1886 pi·aemi0;
1511 1857 1585 1877 cum
1603 1847 1652 1877 in-

231 1900 251 1928 2
275 1896 353 1928 Plus
382 1897 542 1938 meruisse]
587 1896 761 1928 Labienus
800 1897 889 1928 enim
945 1898 1080 1938 telligat
1091 1897 1317 1936 I’oeta‚illum
1332 1898 1562 1938 majoripoena
1575 1908 1650 1935 esse

189 1947 304 1979 multis
321 1947 425 1978 donis·
437 1952 637 1988 captaverat
653 1948 890 1979 haereditatem
949 1948 1101 1988 dignum,
1118 1948 1175 1988 qui
1203 1947 1296 1978 malis
1324 1948 1452 1979 artibus
1470 1941 1650 1979 haeredi'ta·

190 1997 289 2030 Fabii
312 1997 514 2038 decoctoris,
531 2003 633 2039 atque
656 1998 704 2029 ita
720 1999 828 2029 baeres
846 1999 895 2030 iu-
952 2006 1020 2030 tem
1034 1998 1130 2030 Fabii
1146 1998 1367 2040 captavisset.

824 2157 1032 2199 LXVII.

752 2247 802 2277 IN
839 2248 921 2277 PHI
934 2248 1118 2278 LAEN1M‚

365 2312 605 2354 PAEchT
627 2326 789 2368 pueros
810 2315 947 2356 tribas
972 2315 1201 2364 Philaenis,

364 2381 423 2423 Et
442 2382 659 2435 tentigine
681 2382 843 2424 saevior
865 2384 1011 2424 mariti

854 2492 994 2524 NOTAE

241 2568 257 2596 1
285 2565 427 2597 Poedicat
439 2566 567 2607 pucros]
589 2566 637 2605 Τῷ
658 2565 787 2605 ὀλίσβῳ.
956 2577 1029 2598 eain
1042 2567 1135 2608 juvit
1152 2567 1240 2608 apud
1258 2572 1424 2608 posteros.
1470 2568 1642 2601 Heraldus.

242 2615 353 2646 Tribus
367 2617 536 2656 Philoenis]
563 2618 728 2648 Lacerata
750 2616 898 2648 carmine
1002 2618 1128 2658 Tribus]
1152 2618 1335 2650 Fricatrix.

200 2666 679 2706 Polycratis,cummuiierum
693 2668 840 2698 omnium
853 2677 901 2698 es·
999 2672 1019 2700 2
1045 2669 1220 2709 Tentigine,
1248 2669 1316 2709 ssa]
1356 2668 1521 2700 Libidinis
1550 2668 1659 2709 pruri-

201 2721 253 2747 set
267 2717 467 2756 castissima,
489 2718 517 2748 si
534 2727 649 2748 verum
679 2718 769 2758 qnod
800 2717 844 2748 de
860 2727 901 2749 ea
958 2719 1036 2760 gine
1070 2719 1176 2760 magis
1201 2718 1412 2752 inflammata
1435 2729 1534 2760 quani
1561 2719 1660 2750 mari·

198 2767 318 2797 scribit
329 2766 506 2798 AEselirion
520 2768 610 2809 apud
622 2767 827 2799 Atheuaeum
841 2768 901 2800 lib.
960 2775 1024 2801 tus.

205 2827 286 2849 viu.
319 2818 387 2850 Sed
416 2818 622 2851 AEsclu'ionis
649 2820 806 2861 apologia
823 2820 901 2851 nihii
