1893 3225
262 181 348 222 976
741 196 791 226 M.
824 197 937 227 VAL·
968 197 1247 229 MARTIALIS

945 391 1045 434 CV.

820 481 932 512 FAVI
968 482 1150 512 SICULI.

265 546 376 588 CUM
399 547 572 588 dederis
594 548 772 590 Siculos
793 549 950 589 mediis
969 549 1022 590 de
1042 549 1231 592 collibus
1248 551 1433 606 Hyblae,

322 614 565 668 Cecropios
586 616 713 657 dicas
736 621 781 656 tu
802 616 905 657 licet
927 629 1030 657 esse
1051 617 1194 659 favos.

311 726 390 755 Cum
404 726 567 757 donaveris
583 725 678 764 favos
699 726 822 757 Siculos
837 736 853 757 e
864 726 976 757 mediis
995 726 1121 758 collibus
1133 727 1262 769 Hyblae,
1278 729 1350 760 licet
1361 730 1577 770 cognominare
1592 733 1724 766 Atticos.

872 812 1110 824 mmo-'eeu

309 857 323 884 1
344 854 460 885 Siculis
476 855 583 886 mediae
599 854 675 886 cod.
690 855 722 886 in
740 864 845 897 marg.
867 856 922 887 ed.
940 857 1020 888 Par.
1038 859 1133 889 1617.
1152 862 1188 889 et
1204 857 1279 889 cod.
1296 858 1432 890 Beverl.

920 942 1065 975 NOTAE

308 1008 322 1036 1
348 1004 478 1047 Hybloe]
512 1005 642 1037 Montis
668 1007 702 1037 in
724 1007 852 1048 Sicilia,
868 1009 966 1050 cujus
1064 1012 1083 1040 2
1110 1009 1287 1050 Cecropios]
1303 1009 1457 1042 Atticos:
1475 1011 1624 1052 Cecrops
1635 1011 1723 1043 enim

261 1055 353 1086 melli
370 1055 430 1086 dat
443 1056 621 1097 secundas,
632 1057 732 1088 immo
743 1063 779 1090 et
795 1068 892 1100 aeque
908 1069 967 1091 no·
1021 1058 1167 1092 Athenis
1191 1059 1359 1100 regnavit.

263 1106 329 1137 bile
342 1115 381 1136 ac
399 1106 463 1137 mel
478 1105 644 1146 Atticum,
656 1108 740 1139 dicit
756 1108 880 1140 Poeta.

944 1260 1066 1302 CVI.

867 1350 891 1379 P
909 1350 978 1380 As
997 1350 1019 1379 S
1037 1350 1065 1380 U
1088 1350 1136 1379 M.

272 1419 492 1460 GNosslA
516 1419 683 1460 Minoae
705 1419 859 1472 genuit
878 1418 1104 1459 vindemia
1125 1416 1266 1458 Cretae

323 1488 427 1529 Hoc
449 1488 541 1537 tibi,
565 1487 683 1540 quod
704 1487 897 1528 mulsum
919 1486 1128 1540 pauperis
1150 1498 1249 1527 esse
1272 1485 1402 1526 solet.

309 1600 436 1629 Cnossia
453 1599 605 1629 vindemia
622 1599 726 1629 Cretoe
744 1597 864 1629 Minooe
872 1598 1022 1639 produxit
1035 1599 1090 1629 hoc
1105 1597 1175 1638 tibi,
1190 1598 1270 1638 quod
1282 1597 1358 1628 solet
1374 1605 1438 1628 esse
1453 1597 1583 1628 mulsum
1594 1597 1705 1637 inopis.

920 1684 1060 1718 NOTAE

307 1750 454 1791 Passum]
488 1750 618 1781 Plinius
644 1751 700 1782 lib.
728 1760 808 1781 X1v.
833 1759 910 1790 cap.
933 1754 964 1782 9.
1022 1751 1093 1782 sole
1110 1750 1183 1782 uvis
1200 1749 1340 1787 adustis,
1369 1755 1428 1781 aut
1454 1748 1610 1780 fervente
1627 1744 1725 1788 oleo?

263 1805 271 1821 ‘
283 1804 421 1835 Passum
438 1812 457 1832 a
473 1801 611 1832 Cretico
628 1801 785 1832 Ciiicium
801 1801 966 1840 probatur
1020 1804 1083 1832 διο.

263 1860 298 1886 et
313 1853 480 1889 Africum,
497 1857 533 1883 et
548 1853 581 1882 in
599 1851 701 1882 Italia
716 1851 966 1893 provinciisque
1067 1855 1083 1883 1
1118 1851 1269 1891 Gnossz'a]
1324 1851 1401 1883 Hoc
1430 1856 1494 1891 est,
1525 1851 1699 1883 Cretensis
1715 1862 1722 1882 ε

263 1904 427 1936 finitimis.
472 1902 563 1932 Fieri
590 1908 721 1933 certum
750 1907 803 1933 est
833 1912 875 1932 ex
893 1912 970 1946 uva,
1024 1902 1176 1934 Gnossus
1193 1902 1248 1933 vel
1264 1902 1411 1933 Cnossus
1428 1902 1508 1933 urbs
1530 1907 1582 1934 est
1598 1903 1724 1934 Cretae.

266 1965 364 1997 quam
380 1953 495 1985 Graeei
510 1952 638 1983 Sticam
658 1957 791 1991 vocant,
809 1962 869 1984 nos
885 1952 968 1993 Api-
1025 1952 1078 1983 De
1093 1953 1199 1984 mulso
1215 1951 1304 1984 infra
1319 1953 1417 1994 Epig.
1432 1955 1503 1985 108.

264 2015 372 2037 auam.
404 2004 492 2035 Item
517 2002 677 2043 scirpula,
705 2003 829 2034 diutius
847 2003 879 2034 in
901 2003 970 2034 vite

780 2204 999 2235 PchTUM
1026 2204 1208 2235 leUM.

269 2276 314 2316 H
321 2287 390 2316 AEc
415 2276 469 2316 de
493 2276 663 2316 vitifera
684 2274 861 2315 venisse
883 2272 1037 2326 picata
1059 2271 1236 2313 Vienna

325 2344 396 2385 Ne
417 2344 614 2384 dubites:
647 2343 767 2384 misit
791 2341 1011 2382 Romulus
1030 2340 1129 2393 ipse
1148 2340 1265 2381 mihi.

313 2456 363 2487 Ne
376 2456 516 2495 ambigas
532 2456 596 2485 lioec
607 2455 714 2495 picata
725 2454 823 2484 alluta
837 2462 900 2484 esse
921 2452 1040 2483 Vienna
1053 2450 1181 2488 vitifera
1192 2463 1203 2483 .·
1228 2451 1377 2482 Romulus
1393 2451 1458 2492 ipse
1473 2451 1556 2482 misit
1569 2452 1656 2483 mihi.

922 2531 1060 2564 NOTAE

313 2602 461 2632 Picatum
485 2600 606 2640 vinum]
642 2599 772 2631 Plinius
799 2598 856 2629 lib.
890 2607 966 2628 ΧΠ.
1021 2607 1085 2637 que
1102 2601 1136 2628 et
1155 2597 1300 2628 Helvico
1314 2598 1494 2639 generibus
1511 2607 1575 2628 non
1592 2597 1722 2637 pridem

269 2662 345 2692 αξη).
362 2656 390 2683 l.
415 2653 513 2685 ‘Jam
535 2653 675 2682 inventa
698 2650 774 2681 vitis
796 2659 857 2690 per
881 2649 966 2680 sein
1021 2648 1201 2680 illustrata.
1249 2648 1363 2690 Atque
1385 2650 1458 2680 haec
1484 2648 1617 2689 Virgilii
1638 2649 1723 2680 vatis

268 2704 345 2734 vino
368 2703 475 2744 picem
492 2702 670 2743 resipiens,
684 2702 914 2732 Viennensem
933 2710 965 2730 a·
1022 2705 1126 2730 astate
1144 2700 1331 2740 incognita,
1357 2712 1375 2731 a
1391 2701 1488 2741 cujus
1507 2700 1600 2732 obilu
1619 2710 1725 2731 nona*

270 2764 366 2793 grum
391 2754 586 2792 nobilitans,
609 2752 775 2791 Arverno,
794 2752 965 2792 Sequano-
1020 2752 1115 2789 ginta
1130 2757 1274 2792 aguntur
1291 2751 1393 2782 anui!
