1960 3230
621 214 983 244 EPIGRAMMA'FU
998 214 1025 240 M
1067 213 1159 241 Llss.
1196 212 1278 241 vll.

1595 202 1678 241 509

220 313 324 353 Hoc
347 313 424 354 tibi
453 325 532 366 pro
555 312 735 360 meritis,
758 315 800 351 ct
827 309 990 350 talibus
1009 309 1225 361 imprecor
1241 309 1375 356 ausis,

279 379 340 421 Ut
360 380 501 421 facias
524 379 651 428 illud,
674 378 807 432 quod,
839 383 967 431 puto,
988 377 1153 428 lingua,
1176 376 1302 417 facis.

219 489 507 528 mnjmemsamum,
518 492 546 519 et
564 490 693 528 stirpem
714 489 817 519 Ledoe.
866 488 935 518 Hoc
950 487 1008 517 tibi
1024 491 1135 528 exopto
1148 497 1205 528 pro
1218 486 1351 526 meritis,
1365 489 1393 517 et
1407 486 1522 516 talibus
1536 486 1632 523 ausis,
1646 489 1677 515 ut

211 533 316 570 facias
327 533 402 563 illud
417 533 508 573 quod,
523 532 641 572 opinor,
655 532 763 571 lingua
770 531 867 568 facit.

832 604 948 615 eeeeee

952 604 1068 614 ‘‘‘‘‘‘

222 651 478 682 unanima—3
503 650 673 681 Gruterus
690 659 731 680 ex
749 650 869 681 eodem
893 649 1012 681 codice
1030 649 1127 690 legit,
1143 649 1251 689 lingua
1263 648 1361 688 sacis,
1385 657 1445 689 pro
1463 648 1554 688 vulg.
1573 648 1679 686 lingna

214 694 319 733 facit:
342 694 526 735 alloquitur
541 693 629 724 enim
644 694 749 734 ipsam
767 693 929 734 linguam.

881 767 1020 799 NOTAE

265 822 410 862 Atridas]
437 822 727 862 Agamemnonem
745 826 781 853 et
803 822 923 852 Mene-

223 875 312 904 laum
357 873 561 904 celebriores
596 872 719 904 Siculis
750 873 824 903 istis
861 872 924 903 fra-

223 924 340 955 tribus.

267 979 287 1006 6
311 976 402 1007 Ledoe
415 975 528 1015 genus]
555 974 733 1006 Castorem
750 979 786 1005 et
811 974 924 1005 Pollu-

224 1037 310 1058 cem.

1022 825 1041 852 8
1069 821 1160 853 Facis
1177 820 1294 862 [fucit]
1320 819 1389 850 Alii
1414 819 1511 857 sacis.
1535 819 1682 850 Videtur

980 872 1069 903 enim
1100 872 1225 912 alloqui
1253 871 1413 910 linguam,
1440 870 1494 901 cui
1511 876 1683 910 precatur,

981 929 1018 954 ut
1052 922 1227 953 adhaereat
1261 922 1363 952 rebus
1396 920 1564 962 turpibus,
1609 921 1682 951 Lib.

982 983 1025 1004 11.
1053 973 1157 1013 Epig.
1181 975 1232 1003 61.

871 1095 1039 1136 XXV.

696 1175 745 1205 lN
781 1176 812 1204 Μ
823 1176 849 1203 A
860 1175 918 1205 Lu
931 1176 962 1203 M
997 1175 1053 1204 ΡΟ
1064 1173 1211 1203 ΕΤΑΜ.

228 1242 305 1283 DU
316 1254 423 1284 LGIA
441 1258 538 1285 cum
556 1248 724 1285 tantum
745 1244 913 1284 scribas
932 1242 1264 1297 Epigrammata
1283 1255 1465 1295 semper,

284 1311 341 1351 Et
363 1316 589 1352 cerussata
609 1310 867 1352 candidiora
885 1315 1009 1362 cute3

230 1378 456 1432 Nullaque
473 1380 588 1421 mica
610 1380 732 1428 salis,
752 1393 831 1421 nec
855 1381 992 1421 amari
1009 1380 1127 1421 fellis
1149 1379 1195 1420 in
1216 1380 1305 1420 illis

285 1446 423 1488 Gutta
443 1448 524 1499 sit3
557 1461 584 1488 o
607 1447 803 1497 demens,
826 1448 894 1489 vis
917 1452 1064 1488 tamen
1081 1447 1160 1488 illa
1179 1447 1269 1499 legi
1289 1447 1297 1486 !

230 1513 327 1554 Nec
344 1515 469 1555 cibus
490 1516 587 1569 ipse
600 1517 728 1570 juvat
747 1529 892 1556 morsu
913 1514 1141 1556 fraudatus
1164 1514 1299 1565 aceti;
1661 1523 1689 1551 4)

289 1581 387 1623 Nec
409 1587 534 1636 grata
555 1587 621 1624 est
641 1582 798 1630 facies,
820 1584 890 1623 cui
913 1583 1130 1635 gelasinus
1154 1583 1295 1623 abest.

232 1648 397 1689 Infanti
418 1651 639 1690 melimela
658 1649 779 1698 dato,
801 1650 1035 1702 fatuasque
1056 1650 1297 1690 mariscas:

288 1716 407 1759 Nam
432 1717 551 1765 mihi,
573 1730 674 1770 quae
698 1717 823 1757 novit
841 1729 1043 1770 pungere,
1065 1717 1175 1757 Chia
1198 1717 1331 1770 sapit.

275 1806 353 1836 Cum
364 1809 509 1845 perpetuo
524 1815 685 1846 componas
700 1806 937 1845 Epigrammata
948 1807 1045 1836 solum
1061 1807 1175 1844 dulcia,
1189 1809 1219 1837 et
1231 1806 1412 1836 candidiora
1422 1805 1499 1845 pelle
1514 1809 1691 1841 cerussata,-

230 1859 284 1880 πρε
299 1852 505 1888 asperguntur
519 1849 581 1879 ulla
593 1848 673 1879 mica
685 1849 772 1887 salis,
784 1859 837 1879 nec
850 1852 944 1887 gutta
952 1848 1043 1887 fellis
1061 1850 1160 1879 autori
1174 1860 1186 1886 ;
1208 1860 1224 1879 o
1239 1849 1346 1887 fatue,
1359 1849 1558 1879 nihilominus
1575 1849 1622 1879 ris
1636 1850 1691 1879 illa

230 1892 327 1922 evolvi
343 1891 358 1923 Ι
384 1892 451 1922 Nec
476 1892 538 1931 ipse
560 1891 645 1922 cibus
664 1893 765 1932 placet
781 1892 950 1922 destitutus
963 1892 1133 1923 acerbitate
1154 1892 1256 1928 aceti;
1276 1902 1331 1922 nec
1354 1893 1458 1922 vultus
1483 1892 1615 1929 arridet,
1643 1893 1691 1922 cui

230 1937 314 1966 deest
326 1934 494 1973 gelasinus.
543 1934 643 1965 Trade
663 1944 756 1974 puero
775 1944 865 1975 poma
883 1935 1013 1974 mellica,
1041 1938 1072 1966 et
1097 1936 1247 1966 mariscas
1270 1935 1422 1966 insulsus.-
1447 1944 1503 1974 ego
1529 1934 1690 1965 enimamo

236 1978 361 2017 Chiam,
379 1987 445 2017 ‹Juae
456 1978 515 2008 scit
529 1987 680 2017 pungere.

841 2029 957 2040 eeeeee

961 2029 1078 2041 oooooo

276 2073 313 2103 ln
335 2074 448 2104 malum
466 2073 608 2114 poetam,
634 2074 687 2114 qui
710 2074 950 2114 Epigrammata
975 2075 1042 2106 sine
1064 2075 1206 2115 turpibus
1228 2074 1351 2115 scribit,
1378 2074 1558 2115 inscriptio
1582 2079 1633 2105 est
1658 2074 1690 2103 in

234 2115 439 2147 Beverlandi
456 2117 522 2147 Ms.

277 2227 292 2254 1
318 2223 435 2254 Dulcia
455 2224 537 2265 cum]
563 2225 705 2261 Insulsa‚
722 2235 786 2257 nec
804 2226 934 2257 imbuta

233 2275 290 2305 illa
303 2275 526 2306 mordacitate
539 2286 614 2317 quae
627 2276 675 2307 his
691 2276 842 2307 versibus
856 2287 936 2308 con-

234 2325 339 2356 venit.

276 2379 296 2407 2
323 2377 530 2417 Candidiora]
558 2376 634 2408 Hoc
660 2382 727 2418 est,
750 2377 786 2408 in
810 2377 933 2419 quibus

234 2430 323 2460 inest
349 2438 465 2460 sensus
482 2429 658 2459 candidior
682 2439 833 2468 cerussa,
859 2440 935 2470 quoe

235 2484 309 2511 erat
334 2480 450 2512 eximii
479 2479 649 2511 candoris.
700 2480 790 2511 vide
824 2480 882 2512 lib.
909 2489 933 2511 1.

236 2531 334 2571 Epig.
361 2533 415 2562 73.
454 2530 627 2562 Candidus
644 2541 723 2562 vero
738 2531 849 2562 album
867 2531 934 2572 qui-

238 2581 313 2611 dem
340 2580 522 2622 significat,
543 2580 603 2611 sed
619 2586 653 2612 et
671 2581 816 2622 simplex
833 2581 935 2612 etiam

237 2636 275 2661 ut
289 2631 430 2661 sumitur
441 2631 506 2661 hic.

282 2683 300 2710 3
329 2681 423 2711 Nulla
438 2681 517 2711 mica
542 2681 632 2721 salis]
656 2682 732 2713 Hoc
764 2682 938 2722 est7nulla

241 2730 427 2769 urbanitas,
442 2741 504 2762 nec
519 2732 699 2763 acerbitas.
926 2766 931 2767 ⁷

283 2787 300 2812 5
329 2783 391 2814 Nec
406 2782 488 2814 cibus
505 2783 584 2825 ipse]
607 2784 744 2817 Acerba
761 2786 849 2816 enim
867 2785 937 2816 irri-

888 2161 1030 2193 NOTAE

989 2231 1064 2258 tant
1076 2226 1299 2264 stomachum,
1317 2226 1479 2257 lectorem
1495 2234 1630 2266 quoque
1646 2226 1691 2255 al-

987 2277 1109 2307 liciunt
1127 2277 1226 2308 sales.

1030 2332 1051 2360 6
1078 2328 1258 2368 Gelasinus]
1289 2328 1443 2360 Gelasini
1469 2332 1546 2359 suut
1570 2328 1691 2358 sulculi

990 2381 1047 2422 qui
1066 2391 1085 2410 a
1113 2379 1305 2411 ridentibus
1324 2379 1358 2409 in
1380 2388 1438 2410 ore
1463 2378 1562 2419 fiunt,
1583 2379 1693 2419 inquit

990 2432 1157 2463 Raderus.
1183 2430 1359 2461 Robertus
1375 2430 1569 2470 Stephanus
1585 2429 1620 2459 in
1634 2439 1693 2459 suo

989 2482 1162 2512 Thesauro
1192 2481 1263 2511 ait:
1297 2480 1453 2511 Gelasini
1490 2484 1569 2511 sunt
1596 2480 1692 2510 lineae

991 2542 1065 2573 quae
1084 2530 1227 2562 ridendo
1242 2530 1449 2571 efficiuntur,
1476 2536 1510 2561 et
1532 2540 1692 2561 summam

991 2583 1135 2624 gratiam
1153 2582 1201 2613 ori
1219 2581 1416 2613 conciliant.
1445 2581 1599 2612 Gelasini
1617 2586 1694 2611 sunt

991 2634 1094 2664 etiam
1111 2633 1232 2664 dentes
1250 2632 1451 2670 anteriores,
1468 2632 1525 2672 qui
1551 2630 1692 2662 ridendo

991 2684 1174 2715 nudantur.
1219 2682 1400 2714 Gelasinus
1437 2691 1586 2713 scurram
1611 2691 1692 2721 quo-

991 2745 1055 2776 que
1074 2733 1255 2771 significat.

1034 2789 1051 2816 7
1078 2784 1248 2824 olannus]
1275 2785 1390 2817 Genus
1415 2783 1584 2825 quoddam
1610 2782 1692 2814 ficus
