1893 3225
570 256 674 284 ΕΜΓ.
689 255 971 285 ιῑωιΜᾹίϊΜ
1012 256 1102 285 mn.
1140 256 1226 287 ΧΗ.
1536 246 1621 286 927

165 350 368 403 Colliget,
389 354 433 392 ct
454 352 608 393 reseret
627 352 780 394 laxum
802 352 854 392 de
875 352 1056 405 pulvere
1076 351 1246 402 follem,
1596 363 1623 391 υ

222 418 278 459 Et
299 420 338 459 si
352 419 446 472 jam
467 420 599 469 lotus,
614 420 709 473 jam
734 420 935 461 soleatus
958 420 1051 461 erit.

164 487 320 527 Lintea
341 487 379 527 si
401 500 561 537 sumes,
582 487 685 528 nive
709 486 967 528 candidiora
987 487 1204 540 loquetur,

219 555 318 596 Sint
336 556 440 597 lieet
460 555 640 596 infantis
663 555 912 597 sordidiora
934 556 1046 597 sinu.

165 622 366 675 Exiguos
387 627 508 665 secto
531 627 777 664 comentem
800 623 930 664 dente
953 623 1160 677 capillos,

220 691 352 731 Dicet
373 690 602 732 Achilleas
625 690 907 744 disposuisse
931 704 1097 731 comas.
1567 691 1621 731 10

163 757 200 797 F
205 771 366 798 umosae
388 758 498 799 feret
518 758 616 811 ipse
638 759 785 811 tropin
807 758 861 798 de
882 758 993 799 faece
1015 758 1200 811 lagenae,

221 824 396 866 Frontis
416 830 459 867 et
479 826 710 866 humorem
735 826 912 880 colliget
932 839 1073 880 usque
1094 829 1197 867 tuae.

163 891 322 932 Omnia
343 892 555 943 laudabit,
575 893 807 934 mirabitur
828 894 990 943 omnia,
1008 893 1146 934 donec

221 960 469 1013 Perpessus
490 961 613 1002 dicas
635 961 768 1002 taedia
788 961 925 1011 mille,
944 961 1078 1002 Veni.

158 1069 240 1098 ,ςῶμα
253 1062 408 1099 exceptas.
455 1059 589 1099 Colliget
608 1061 646 1091 de
664 1062 791 1100 pult-ere
805 1062 923 1101 lapsum
938 1060 1062 1100 follem,
1085 1064 1115 1091 et
1130 1059 1257 1100 referet,
1281 1060 1341 1091 elsi
1358 1060 1426 1099 jam
1444 1061 1525 1091 lotus
1550 1062 1624 1100 erit,

151 1102 221 1138 jam
237 1103 383 1132 soleatus.
428 1102 466 1132 Sz'
481 1103 616 1142 accipias
632 1104 740 1140 lintea,
764 1104 847 1134 dicet
863 1108 937 1134 esse
956 1104 1139 1143 cundi-'liora
1154 1105 1235 1141 nive,
1259 1105 1397 1143 quamvis
1412 1103 1475 1134 sint
1488 1105 1621 1135 sordidi-

157 1154 213 1175 ora
226 1145 297 1175 siml
312 1145 456 1182 infantis.
502 1146 696 1176 Praeclicabil
717 1156 817 1177 comas
832 1146 990 1177 Achilleus
1005 1146 1172 1186 dispositas
1187 1156 1251 1177 esse
1266 1157 1284 1177 α
1301 1149 1332 1176 te
1347 1150 1482 1177 comente
1494 1148 1622 1186 capillos

157 1197 244 1217 raros
258 1190 339 1218 secto
354 1188 454 1218 dente.
492 1188 563 1227 Ipse
575 1188 828 1219 subministrabit
845 1189 948 1228 tropin
964 1192 1001 1220 de
1010 1189 1236 1227 foecefumosoe
1252 1189 1383 1228 lagenoe,
1399 1192 1489 1230 atque
1500 1191 1622 1221 assidue

156 1230 280 1269 colliget
304 1231 446 1261 sudorem
469 1231 516 1261 tui
534 1231 645 1262 vultus.
694 1231 927 1263 commendabit
950 1236 1071 1272 cuncta,
1094 1232 1282 1273 obstupescet
1307 1235 1429 1272 cuncta,
1450 1233 1545 1264 donec
1574 1238 1622 1272 tn,

154 1282 318 1313 perpessus
334 1273 416 1304 mille
423 1273 576 1313 fastidio,
590 1273 688 1314 dicas,
717 1274 806 1305 Veni.

774 1338 790 1348 e
796 1337 808 1348 e
815 1338 828 1348 α
835 1338 1008 1349 emeeeaeo

160 1379 226 1410 Ms.
243 1380 447 1411 Beverl.—‡1
470 1380 622 1420 Acceptas
640 1381 752 1411 Palat.
771 1381 847 1412 cod.
865 1386 899 1413 et
926 1382 981 1413 ed.
998 1381 1166 1413 Barb.—-5
1189 1381 1245 1412 Sic
1262 1380 1338 1413 cod.
1367 1381 1401 1412 in
1428 1392 1535 1421 marg.
1565 1382 1621 1413 ed.

158 1423 239 1452 Par.
260 1425 353 1453 1617.
397 1422 535 1463 Εαρεωιι
549 1423 629 1454 edd.
647 1428 733 1454 vett.
749 1428 785 1454 et
808 1424 926 1456 Maitt.
945 1425 1091 1456 Farnab.
1117 1429 1154 1455 et
1175 1424 1348 1456 Schrevel.
1373 1424 1443 1465 qui,
1475 1427 1484 1442 ‘
1498 1425 1624 1456 Palat.'

159 1465 219 1500 ait,
246 1465 304 1495 ‘et
321 1465 410 1496 Brit.
425 1466 491 1502 leg,
507 1467 633 1496 laxum.-
657 1469 842 1497 recte.'——6
867 1469 931 1498 Ero
956 1468 1030 1499 cod.
1056 1468 1192 1499 Beverl.
1217 1472 1252 1498 et
1278 1467 1355 1498 cod.
1379 1469 1412 1498 in
1430 1477 1536 1508 marg.
1564 1468 1619 1498 ed.

158 1508 239 1538 Par.
263 1510 422 1539 low—7
445 1508 502 1539 Sic
529 1508 576 1540 id.
597 1508 718 1540 codex.
752 1508 865 1540 Sumus
892 1510 971 1541 edd.
996 1514 1084 1541 vett.
1110 1515 1146 1541 et
1167 1509 1376 1542 Farnab.—8
1401 1510 1474 1541 Situ
1504 1511 1619 1542 Palat.

159 1553 244 1580 —10
270 1551 411 1589 Compos.
436 1551 479 1582 al.
505 1551 565 1582 sed
594 1551 662 1581 vid.
683 1551 804 1581 Heins.
831 1552 873 1582 ad
899 1553 966 1584 Ov.
994 1553 1112 1584 Amor.
1138 1561 1214 1584 xlv.
1242 1555 1382 1584 35.-11
1407 1553 1527 1593 Propin
1552 1554 1620 1585 Ms.

160 1593 298 1623 Beverl.
322 1592 402 1625 Vid.
421 1594 505 1625 Not.
519 1595 689 1625 Van—12
713 1594 784 1633 Ipse
801 1604 863 1633 pro
884 1605 976 1637 usque
1004 1596 1059 1628 ed.
1077 1596 1183 1627 Barb.
1211 1595 1300 1637 quod
1317 1595 1399 1626 alios
1417 1596 1532 1636 legere
1563 1606 1619 1627 no-

161 1636 248 1667 tavit
271 1636 416 1668 Fan-nab.
454 1637 529 1668 Suoe
545 1646 606 1678 pro
623 1640 684 1667 tuae
700 1637 775 1667 cod.
793 1637 930 1669 Beverl.

821 1690 965 1723 NOTAE

201 1746 221 1774 6
242 1744 317 1774 Jam
340 1743 486 1784 soleatus]
511 1744 596 1775 Post
619 1743 782 1775 lotionem
809 1753 861 1775 so·
915 1745 955 1775 lis
968 1754 1080 1777 comas
1096 1745 1212 1776 laudat
1230 1744 1411 1775 Homerus.
1459 1772 1463 1775 .

157 1794 227 1824 leas
245 1794 432 1834 ponebant,
457 1804 539 1835 quas
563 1794 730 1825 coenaturi
757 1794 860 1834 depo·
959 1798 996 1825 ll
1025 1794 1156 1835 Tropin]
1180 1795 1265 1826 Quae
1297 1799 1350 1825 est
1377 1794 1492 1826 infima
1521 1797 1616 1827 navis

158 1845 298 1878 nebant.
341 1847 464 1878 Sensus
490 1851 563 1878 est:
596 1847 808 1887 Menogenes
842 1857 860 1878 e
916 1855 1004 1886 pars,
1020 1850 1056 1876 et
1072 1845 1127 1876 hic
1153 1846 1297 1876 sumitur
1322 1855 1383 1886 pro
1400 1846 1478 1877 vino
1495 1847 1620 1887 vapido*

158 1895 288 1928 balneis
315 1897 469 1928 exiturus
494 1897 686 1929 remanebit
711 1907 770 1928 sua
797 1896 860 1928 tibi
914 1895 1005 1937 quod
1031 1901 1085 1926 est
1109 1895 1143 1925 in
1170 1896 1300 1936 lagenae
1326 1894 1444 1927 fundo.
1491 1896 1617 1937 Hujus-

158 1945 269 1977 officia
281 1948 509 1987 praestiturus.
710 1984 712 1989 ,
914 1946 1004 1977 modi
1021 1946 1099 1977 vino
1116 1945 1301 1977 utebantur
1325 1951 1471 1987 veteres,
1496 1948 1549 1977 vel
1575 1948 1618 1978 ad

200 1999 219 2027 7
235 1996 365 2036 Lintea]
382 1996 436 2028 Ad
451 2007 573 2038 corpus
584 1996 861 2037 abstergendum.
915 2006 1058 2037 corpora
1084 1996 1254 2027 abluenda
1272 1996 1305 2026 in
1323 1996 1466 2036 balneis,
1493 1998 1546 2028 vel
1574 1998 1616 2028 ad

200 2050 220 2077 9
242 2046 332 2078 Seclo
346 2047 451 2087 dente]
478 2047 557 2079 Hoc
574 2053 637 2085 est,
656 2047 805 2088 pectine.
914 2048 1076 2078 vomitum
1104 2052 1183 2079 ante
1214 2056 1344 2078 coenam
1368 2047 1538 2089 ciendum,
1571 2048 1619 2079 in-

202 2100 241 2128 10
264 2096 421 2128 Achilleas
447 2099 563 2139 comas]
586 2098 663 2129 Hoc
690 2102 754 2136 est,
783 2102 858 2128 tuas
915 2097 987 2138 quit
1003 2097 1171 2128 Raderus.

158 2158 231 2180 esse
243 2148 361 2189 flavas,
377 2153 412 2180 et
428 2149 599 2191 pulchras,
612 2150 729 2191 quales
742 2148 859 2180 Achil-
957 2150 996 2179 14
1023 2148 1117 2188 Veni]
1142 2147 1195 2179 Ad
1211 2157 1351 2178 coenam.

742 2256 1033 2299 LXXXIV.

672 2338 747 2366 DE
793 2335 1110 2368 FAsslANo.

275 2404 501 2445 DssnlsoR
526 2403 753 2445 Fabianus
774 2404 1036 2452 herniarum,

275 2470 439 2512 Omnes
462 2484 592 2524 quem
613 2471 747 2512 modo
770 2471 883 2512 colei
905 2471 1116 2512 timebant

275 2538 505 2579 Dicentem
526 2538 716 2580 tumidas
738 2539 782 2579 in
803 2539 1075 2593 hydrocelas,

205 2636 362 2668 Fabianus
377 2637 494 2668 derisor
508 2640 688 2678 scrotorum,
710 2648 797 2679 quem
814 2639 905 2678 paulo
920 2642 993 2669 ante
1007 2641 1182 2678 carpentem
1197 2638 1341 2678 turgidas
1360 2637 1536 2678 hydrocelas
1550 2646 1610 2668 me-

812 2709 951 2742 NOTAE

202 2765 220 2794 3
246 2763 454 2804 Hydrocelas]
474 2762 615 2793 Morbus
639 2766 715 2793 erat
738 2771 779 2793 ex
802 2772 859 2802 ge·
916 2763 1044 2794 testina
1066 2762 1261 2793 dilabuntur
1285 2762 1319 2792 in
1336 2766 1504 2802 scrotum,
1528 2761 1610 2793 Ga!-

161 2823 240 2845 nere
259 2814 540 2853 enterocelarum,
562 2822 685 2853 nempe
708 2822 785 2844 cum
810 2813 859 2844 in·
914 2814 980 2847 lice
994 2815 1134 2847 descente
1145 2814 1182 2845 (Ie
1195 2813 1331 2853 boyaux.
