1893 3225
513 248 907 278 lerlGRAMMA'rUM
946 247 1040 278 [1113.
1075 247 1144 276 Xl.
1470 234 1552 275 827

703 407 959 447 XXXIX.

607 498 657 527 ΙΝ
692 497 1047 526 CHARIDEMUM.

110 562 249 604 CUNA
260 573 323 603 ΒΗ
332 574 363 602 Μ
387 563 533 605 fueras
554 569 709 613 motor,
733 563 1005 612 Charidcme,
1032 576 1240 612 mearum,

166 629 220 670 Et
240 631 363 683 pueri
386 635 550 680 custos,
571 631 868 684 assiduusque
890 644 1054 671 comes.

107 696 207 736 Jam
225 699 329 738 mihi
348 700 602 752 nigrescunt
622 704 754 739 tonsa
774 699 950 739 sudaria
972 699 1125 746 barba,

164 765 222 805 Et
243 767 440 818 queritur
460 767 597 807 labris
613 771 779 820 puncta
802 766 951 819 puella
971 766 1094 806 meis.

109 832 197 873 Sed
218 833 295 873 tibi
318 847 402 874 non
424 835 542 875 crevi
562 848 570 875 :
604 839 646 874 te
668 837 813 874 noster
833 833 1010 873 villicus
1030 833 1203 873 horret:
1531 834 1558 873 5

164 899 228 940 Te
251 900 544 954 dispensator,
568 905 610 942 te
630 902 785 942 domus
805 902 905 955 ipsa
925 905 1073 954 pavet.

101 964 281 1009 'Ludere
303 982 382 1010 nec
403 969 549 1019 nobis,
572 983 654 1010 nec
678 974 725 1009 tu
749 968 960 1022 permittis
978 981 1147 1009 amare:

166 1035 244 1075 Nil
265 1036 369 1076 mihi
393 1036 474 1086 vis,
497 1041 541 1077 et
562 1037 630 1078 vis
652 1043 809 1077 cuncta
830 1036 960 1076 licere
982 1036 1075 1076 tihi.

109 1101 321 1156 Corripis,
343 1105 569 1154 observas,
595 1104 809 1157 quereris,
831 1103 1021 1156 suspiria
1041 1102 1191 1154 ducis3

167 1170 226 1210 Et
245 1171 321 1211 vix
346 1184 372 1211 a
394 1171 552 1212 ferulis
577 1172 766 1212 abstinet
788 1172 851 1211 ira
871 1184 1061 1211 manum.
1512 1170 1560 1210 10

112 1237 160 1278 Si
180 1237 341 1291 Tyrios
362 1239 498 1279 sumsi
521 1239 683 1288 cultus,
706 1239 872 1279 unxive
891 1238 1078 1291 capillos
1097 1252 1106 1289 ;

167 1304 422 1356 Exclamas,
448 1306 690 1361 Nunquam
716 1307 879 1347 fecerat
899 1307 985 1346 ista
1005 1310 1143 1359 pater.

118 1374 173 1415 Et
193 1388 393 1415 numeras
415 1380 594 1416 nostros
616 1376 797 1416 astricta
816 1375 958 1415 fronte
978 1375 1166 1423 trientes,

167 1443 398 1496 Tanquam
420 1443 474 1483 de
497 1443 610 1483 cella
631 1443 690 1483 sit
711 1442 848 1483 cadus
865 1442 941 1481 ille
963 1447 1053 1481 tua.

115 1510 305 1551 Desine:
336 1523 419 1550 non
442 1523 624 1564 possum
646 1511 852 1551 libertum
874 1509 982 1549 ferre
1005 1508 1231 1549 Catonem.
1510 1508 1562 1548 15

169 1578 281 1618 Esse
304 1578 440 1618 virum
457 1578 551 1631 jam
571 1591 641 1617 me
665 1577 783 1618 dicet
802 1577 947 1617 amica
965 1575 1060 1617 tibi.

158 1687 188 1717 Ο
209 1686 406 1725 Charideme,
419 1686 532 1724 fueras
546 1690 644 1717 motor
668 1697 807 1718 mearum
832 1697 991 1726 cunarum,
1014 1690 1043 1717 el
1067 1689 1168 1716 custos
1192 1685 1294 1725 paeri,
1314 1687 1406 1724 atque
1427 1684 1567 1715 assiduus

114 1740 221 1761 comes.
265 1730 342 1759 dam
368 1730 493 1760 sudaria
510 1730 680 1772 nigrefiant
697 1735 783 1761 tonsa
800 1741 865 1761 mea
880 1730 984 1769 barba,
1005 1733 1034 1760 et
1047 1729 1150 1769 puella
1170 1732 1284 1767 puncta
1298 1729 1375 1758 meis
1388 1726 1567 1766 labrisque·

111 1774 214 1803 ritar:
238 1776 271 1803 at
283 1782 343 1802 non
358 1772 478 1802 adolevi
495 1776 546 1802 tuo
554 1774 674 1811 judicio
689 1783 698 1803 .·
723 1776 827 1803 noster
841 1774 963 1803 villicus
979 1773 1084 1802 horret
1100 1775 1142 1809 te,
1163 1771 1368 1810 dispensator,
1383 1772 1486 1800 domus
1500 1770 1568 1810 ipsa

114 1817 203 1846 timet
219 1819 260 1846 te.
308 1815 424 1846 Neela
438 1815 597 1855 permittis
620 1816 706 1846 nobis
723 1816 842 1854 jocari,
864 1825 918 1846 nec
933 1824 1057 1845 ornare:
1081 1814 1159 1844 nihil
1173 1813 1220 1844 vis
1243 1814 1331 1853 mihi,
1355 1816 1385 1844 et
1405 1814 1451 1843 vis
1465 1813 1568 1843 omnia

117 1859 208 1889 licere
224 1857 293 1888 tibi.
341 1858 561 1897 Reprehendis,
575 1858 729 1897 observas,
747 1859 896 1898 quereris,
920 1858 1070 1897 suspiras,
1086 1860 1116 1887 et
1130 1857 1290 1886 iracundia
1309 1861 1366 1887 tua
1381 1856 1436 1886 vix
1451 1856 1567 1886 cohibet

112 1911 236 1932 inanum
254 1912 272 1930 a
289 1899 420 1938 feralis.
466 1900 503 1930 Si
519 1901 613 1930 samsi
633 1901 743 1940 Tyrios
758 1903 871 1941 cultas,
893 1903 947 1931 aut
965 1901 1042 1930 unxi
1067 1909 1189 1935 comas;
1212 1900 1377 1937 exclamas,
1400 1899 1567 1938 Nunquam

111 1944 236 1983 genitor
236 1944 358 1982 fecerat
375 1944 448 1979 ista,
462 1946 491 1973 et
506 1946 666 1974 contracta
674 1944 785 1981 fronte
798 1953 940 1974 numeras
955 1948 1074 1973 nostros
1089 1943 1229 1982 trientes,
1245 1943 1338 1973 veluti
1353 1941 1405 1976 ille
1419 1943 1512 1972 cadus
1526 1941 1566 1971 sit

114 1989 151 2018 de
169 1991 220 2017 tau
234 1987 320 2017 cella.
367 1986 481 2017 Cossa:
504 1996 616 2026 nequeo
629 1986 699 2027 pati
714 1987 858 2017 libertum
874 1987 1031 2017 Catonem.
1055 1984 1074 2002 *
1099 1984 1118 2001 *

722 2058 956 2069 oeeoeoeaeeoeae

159 2107 173 2134 l
201 2105 316 2135 Matar.
333 2104 411 2134 vid.
426 2095 517 2135 Vars
531 2104 677 2135 Nom-4
695 2104 812 2134 Juncta
829 2103 895 2134 Ms.
911 2103 1113 2133 Beve1·l.-7
1131 2102 1254 2133 Nedum
1276 2111 1336 2143 pro
1355 2111 1409 2132 nec
1424 2104 1457 2131 lu
1474 2101 1569 2132 malit

113 2146 378 2221 gzvlgssoyssllzlss
407 2147 569 2187 Temperat
595 2147 644 2177 ira
670 2150 724 2177 tua
752 2145 882 2177 ich—15
920 2146 1014 2176 Liber
1037 2148 1103 2176 tum
1127 2146 1252 2176 Thuau.
1283 2145 1446 2176 com—16
1477 2145 1568 2175 Decet

776 2230 915 2261 NOTAE

159 2300 172 2329 1
200 2298 320 2339 Motor]
343 2298 420 2329 Hoc
445 2301 509 2336 est,
526 2297 605 2327 mihi
622 2295 745 2327 infanti
760 2306 816 2327 cu-
914 2298 951 2325 11
977 2295 1015 2326 Si
1033 2295 1157 2336 Tyrios]
1181 2295 1301 2326 Vestes
1319 2304 1504 2336 purpureas
1520 2295 1568 2326 in-

114 2358 174 2379 nas
208 2349 355 2379 movisti.
413 2348 495 2388 Alii,
529 2348 674 2388 monitor,
709 2348 817 2378 minus
871 2346 1001 2386 tellige.

118 2399 218 2429 bene.
915 2399 953 2427 13
982 2397 1023 2427 Et
1039 2396 1195 2436 numeras]
1233 2396 1356 2427 Sensus
1384 2400 1457 2427 est:
1497 2397 1567 2427 Nu-

159 2450 178 2478 3
201 2447 353 2488 Sadaria]
407 2448 531 2479 Lintea
566 2458 640 2490 quae
677 2447 816 2479 barbam
871 2457 979 2478 meras
995 2452 1076 2488 quot
1094 2447 1246 2477 hauriam
1264 2447 1416 2488 cyathos.

118 2503 246 2529 tonsam
261 2498 445 2538 excipiunt.
914 2500 952 2528 15
979 2497 1142 2537 Catonem]
1159 2497 1234 2528 Hoc
1251 2502 1314 2536 est,
1329 2497 1501 2528 Libertum
1519 2502 1567 2528 to-

162 2554 179 2580 5
205 2549 267 2579 Sed
282 2549 340 2579 tibi
362 2559 419 2579 non
443 2549 538 2590 crevi]
583 2550 649 2581 Sed
670 2549 817 2580 nondum
870 2548 978 2578 lerare
995 2557 1137 2588 nequeo,
1157 2548 1213 2588 qui
1228 2548 1403 2588 Catonem,
1417 2557 1475 2578 seu
1492 2557 1570 2579 cen-

119 2598 303 2631 adolevisse
319 2608 372 2629 me
389 2599 574 2640 existimas,
591 2605 626 2632 et
642 2610 694 2632 me
709 2605 746 2631 ut
760 2601 818 2631 im-
872 2608 981 2629 sorem
998 2608 1034 2628 se
1054 2602 1166 2638 gerat.

122 2649 280 2691 puberem
298 2648 479 2689 redarguis,
