<?xml version="1.0" encoding="UTF-8"?>
<!DOCTYPE html PUBLIC "-//W3C//DTD XHTML 1.0 Transitional//EN"
    "http://www.w3.org/TR/xhtml1/DTD/xhtml1-transitional.dtd">
<html xmlns="http://www.w3.org/1999/xhtml" xml:lang="en" lang="en">
 <head>
  <title>
</title>
<meta http-equiv="Content-Type" content="text/html;charset=utf-8" />
  <meta name='ocr-system' content='tesseract 3.04.00' />
  <meta name='ocr-capabilities' content='ocr_page ocr_carea ocr_par ocr_line ocrx_word'/>
</head>
<body>
  <div class='ocr_page' id='page_1' title='image "./epigrammataexedi02martuoft_0150.png"; bbox 0 0 1893 3225; ppageno 0'>
   <div class='ocr_carea' id='block_1_1' title="bbox 301 227 967 270">
    <p class='ocr_par' dir='ltr' id='par_1_1' title="bbox 301 227 967 270">
     <span class='ocr_line' id='line_1_1' title="bbox 301 227 967 270; baseline 0.005 -4"><span class='ocrx_word' id='word_1_1' title='bbox 301 227 384 268; x_wconf 70' lang='lat'>(5:38</span> <span class='ocrx_word' id='word_1_2' title='bbox 775 241 823 269; x_wconf 80' lang='lat' dir='ltr'>M.</span> <span class='ocrx_word' id='word_1_3' title='bbox 859 241 967 270; x_wconf 70' lang='lat' dir='ltr'><strong>vAL.</strong></span> 
     </span>
    </p>
   </div>
   <div class='ocr_carea' id='block_1_2' title="bbox 1004 241 1274 272">
    <p class='ocr_par' dir='ltr' id='par_1_2' title="bbox 1004 241 1274 272">
     <span class='ocr_line' id='line_1_2' title="bbox 1004 241 1274 272; baseline 0.007 -2"><span class='ocrx_word' id='word_1_4' title='bbox 1004 241 1274 272; x_wconf 71' lang='lat' dir='ltr'>MAss&#39;slAms</span> 
     </span>
    </p>
   </div>
   <div class='ocr_carea' id='block_1_3' title="bbox 304 334 1423 460">
    <p class='ocr_par' dir='ltr' id='par_1_3' title="bbox 304 334 1423 460">
     <span class='ocr_line' id='line_1_3' title="bbox 304 334 1382 392; baseline 0.006 -19"><span class='ocrx_word' id='word_1_5' title='bbox 304 334 497 374; x_wconf 84' lang='lat' dir='ltr'>Grandis</span> <span class='ocrx_word' id='word_1_6' title='bbox 517 335 560 375; x_wconf 87' lang='lat' dir='ltr'>in</span> <span class='ocrx_word' id='word_1_7' title='bbox 584 335 774 376; x_wconf 84' lang='lat' dir='ltr'>aethereo</span> <span class='ocrx_word' id='word_1_8' title='bbox 795 336 896 378; x_wconf 88' lang='lat' dir='ltr'>licet</span> <span class='ocrx_word' id='word_1_9' title='bbox 912 337 1060 378; x_wconf 82' lang='lat' dir='ltr'>auctio</span> <span class='ocrx_word' id='word_1_10' title='bbox 1081 338 1155 378; x_wconf 84' lang='lat' dir='ltr'>fiat</span> <span class='ocrx_word' id='word_1_11' title='bbox 1176 338 1382 392; x_wconf 82' lang='lat' dir='ltr'>Olympo,</span> 
     </span>
     <span class='ocr_line' id='line_1_4' title="bbox 362 401 1423 460; baseline 0.007 -19"><span class='ocrx_word' id='word_1_12' title='bbox 362 401 675 456; x_wconf 79' lang='lat' dir='ltr'>Coganturque</span> <span class='ocrx_word' id='word_1_13' title='bbox 697 405 781 445; x_wconf 92' lang='lat' dir='ltr'>Dei</span> <span class='ocrx_word' id='word_1_14' title='bbox 803 405 987 446; x_wconf 86' lang='lat' dir='ltr'>vendere</span> <span class='ocrx_word' id='word_1_15' title='bbox 1008 407 1215 460; x_wconf 89' lang='lat' dir='ltr'>quicquid</span> <span class='ocrx_word' id='word_1_16' title='bbox 1237 407 1396 448; x_wconf 84' lang='lat' dir='ltr'>habent</span> <span class='ocrx_word' id='word_1_17' title='bbox 1414 422 1423 448; x_wconf 75' lang='grc' dir='ltr'>ε</span> 
     </span>
    </p>
   </div>
   <div class='ocr_carea' id='block_1_4' title="bbox 303 468 1314 525">
    <p class='ocr_par' dir='ltr' id='par_1_4' title="bbox 303 468 1314 525">
     <span class='ocr_line' id='line_1_5' title="bbox 303 468 1314 525; baseline 0.009 -17"><span class='ocrx_word' id='word_1_18' title='bbox 303 468 594 511; x_wconf 80' lang='lat' dir='ltr'>Conturbabit</span> <span class='ocrx_word' id='word_1_19' title='bbox 615 470 760 522; x_wconf 86' lang='lat' dir='ltr'>Atlas,</span> <span class='ocrx_word' id='word_1_20' title='bbox 781 480 826 513; x_wconf 89' lang='lat' dir='ltr'>et</span> <span class='ocrx_word' id='word_1_21' title='bbox 846 486 930 514; x_wconf 88' lang='lat' dir='ltr'>uon</span> <span class='ocrx_word' id='word_1_22' title='bbox 955 475 1035 515; x_wconf 83' lang='lat' dir='ltr'>erit</span> <span class='ocrx_word' id='word_1_23' title='bbox 1058 476 1185 516; x_wconf 83' lang='lat' dir='ltr'>uncia</span> <span class='ocrx_word' id='word_1_24' title='bbox 1206 480 1314 525; x_wconf 81' lang='lat' dir='ltr'>tota,</span> 
     </span>
    </p>
   </div>
   <div class='ocr_carea' id='block_1_5' title="bbox 1731 480 1758 519">
    <p class='ocr_par' dir='ltr' id='par_1_5' title="bbox 1731 480 1758 519">
     <span class='ocr_line' id='line_1_6' title="bbox 1731 480 1758 519; textangle 90"><span class='ocrx_word' id='word_1_25' title='bbox 1731 480 1758 519; x_wconf 63' lang='lat' dir='ltr'>Ca</span> 
     </span>
    </p>
   </div>
   <div class='ocr_carea' id='block_1_6' title="bbox 300 538 1494 798">
    <p class='ocr_par' dir='ltr' id='par_1_6' title="bbox 300 538 1494 798">
     <span class='ocr_line' id='line_1_7' title="bbox 359 538 1266 596; baseline 0.007 -19"><span class='ocrx_word' id='word_1_26' title='bbox 359 538 550 580; x_wconf 81' lang='lat' dir='ltr'>Decidat</span> <span class='ocrx_word' id='word_1_27' title='bbox 571 543 717 581; x_wconf 88' lang='lat' dir='ltr'>tecum</span> <span class='ocrx_word' id='word_1_28' title='bbox 741 555 828 594; x_wconf 86' lang='lat' dir='ltr'>qua</span> <span class='ocrx_word' id='word_1_29' title='bbox 849 546 971 596; x_wconf 89' lang='lat' dir='ltr'>pater</span> <span class='ocrx_word' id='word_1_30' title='bbox 991 543 1085 596; x_wconf 83' lang='lat' dir='ltr'>ipse</span> <span class='ocrx_word' id='word_1_31' title='bbox 1110 543 1266 584; x_wconf 78' lang='lat' dir='ltr'>Deum.</span> 
     </span>
     <span class='ocr_line' id='line_1_8' title="bbox 302 605 1443 665; baseline 0.008 -21"><span class='ocrx_word' id='word_1_32' title='bbox 302 605 388 645; x_wconf 86' lang='lat' dir='ltr'>l&#39;ro</span> <span class='ocrx_word' id='word_1_33' title='bbox 413 605 677 659; x_wconf 82' lang='lat' dir='ltr'>Capitolinis</span> <span class='ocrx_word' id='word_1_34' title='bbox 698 609 803 662; x_wconf 88' lang='lat' dir='ltr'>quid</span> <span class='ocrx_word' id='word_1_35' title='bbox 824 610 940 650; x_wconf 85' lang='lat' dir='ltr'>enim</span> <span class='ocrx_word' id='word_1_36' title='bbox 963 612 1043 651; x_wconf 89' lang='lat' dir='ltr'>tibi</span> <span class='ocrx_word' id='word_1_37' title='bbox 1065 613 1234 652; x_wconf 83' lang='lat' dir='ltr'>solvere</span> <span class='ocrx_word' id='word_1_38' title='bbox 1255 612 1443 665; x_wconf 50' lang='lat' dir='ltr'>templisg</span> 
     </span>
     <span class='ocr_line' id='line_1_9' title="bbox 356 672 1378 733; baseline 0.007 -20"><span class='ocrx_word' id='word_1_39' title='bbox 356 672 475 723; x_wconf 80' lang='lat' dir='ltr'>Quid</span> <span class='ocrx_word' id='word_1_40' title='bbox 497 687 573 728; x_wconf 87' lang='lat' dir='ltr'>pro</span> <span class='ocrx_word' id='word_1_41' title='bbox 594 675 799 729; x_wconf 82' lang='lat' dir='ltr'>Tarpeiae</span> <span class='ocrx_word' id='word_1_42' title='bbox 822 677 987 719; x_wconf 85' lang='lat' dir='ltr'>frondis</span> <span class='ocrx_word' id='word_1_43' title='bbox 1008 679 1168 720; x_wconf 82' lang='lat' dir='ltr'>honore</span> <span class='ocrx_word' id='word_1_44' title='bbox 1192 685 1341 733; x_wconf 80' lang='lat' dir='ltr'>potest</span> <span class='ocrx_word' id='word_1_45' title='bbox 1359 681 1378 720; x_wconf 71' lang='grc' dir='ltr'><em>Ί</em></span> 
     </span>
     <span class='ocr_line' id='line_1_10' title="bbox 300 739 1494 798; baseline 0.008 -19"><span class='ocrx_word' id='word_1_46' title='bbox 300 739 419 789; x_wconf 75' lang='lat' dir='ltr'>Quid</span> <span class='ocrx_word' id='word_1_47' title='bbox 442 755 520 795; x_wconf 83' lang='lat' dir='ltr'>pro</span> <span class='ocrx_word' id='word_1_48' title='bbox 540 743 803 785; x_wconf 86' lang='lat' dir='ltr'>culminibus</span> <span class='ocrx_word' id='word_1_49' title='bbox 824 747 1011 798; x_wconf 82' lang='lat' dir='ltr'>geminis</span> <span class='ocrx_word' id='word_1_50' title='bbox 1033 753 1230 789; x_wconf 82' lang='lat' dir='ltr'>matrona</span> <span class='ocrx_word' id='word_1_51' title='bbox 1249 748 1494 789; x_wconf 66' lang='lat' dir='ltr'>Tonantis?</span> 
     </span>
    </p>
   </div>
   <div class='ocr_carea' id='block_1_7' title="bbox 356 808 1245 866">
    <p class='ocr_par' dir='ltr' id='par_1_7' title="bbox 356 808 1245 866">
     <span class='ocr_line' id='line_1_11' title="bbox 356 808 1245 866; baseline 0.009 -18"><span class='ocrx_word' id='word_1_52' title='bbox 356 808 541 850; x_wconf 80' lang='lat' dir='ltr'>Pallada</span> <span class='ocrx_word' id='word_1_53' title='bbox 560 816 799 864; x_wconf 67' lang='lat' dir='ltr'>praetereo:</span> <span class='ocrx_word' id='word_1_54' title='bbox 831 827 900 854; x_wconf 86' lang='lat' dir='ltr'>res</span> <span class='ocrx_word' id='word_1_55' title='bbox 925 816 1013 866; x_wconf 82' lang='lat' dir='ltr'>agit</span> <span class='ocrx_word' id='word_1_56' title='bbox 1033 815 1110 855; x_wconf 82' lang='lat' dir='ltr'>illa</span> <span class='ocrx_word' id='word_1_57' title='bbox 1132 821 1245 856; x_wconf 83' lang='lat' dir='ltr'>tuas.</span> 
     </span>
    </p>
   </div>
   <div class='ocr_carea' id='block_1_8' title="bbox 1700 819 1755 858">
    <p class='ocr_par' dir='ltr' id='par_1_8' title="bbox 1700 819 1755 858">
     <span class='ocr_line' id='line_1_12' title="bbox 1700 819 1755 858; baseline 0 0"><span class='ocrx_word' id='word_1_58' title='bbox 1700 819 1755 858; x_wconf 88' lang='grc'>10</span> 
     </span>
    </p>
   </div>
   <div class='ocr_carea' id='block_1_9' title="bbox 297 875 1628 1135">
    <p class='ocr_par' dir='ltr' id='par_1_9' title="bbox 299 875 1628 1003">
     <span class='ocr_line' id='line_1_13' title="bbox 299 875 1628 936; baseline 0.007 -20"><span class='ocrx_word' id='word_1_59' title='bbox 299 875 418 925; x_wconf 81' lang='lat' dir='ltr'>Quid</span> <span class='ocrx_word' id='word_1_60' title='bbox 440 878 592 931; x_wconf 84' lang='lat' dir='ltr'>loquar</span> <span class='ocrx_word' id='word_1_61' title='bbox 613 878 815 930; x_wconf 80' lang='lat' dir='ltr'>Alciden,</span> <span class='ocrx_word' id='word_1_62' title='bbox 840 881 1160 935; x_wconf 83' lang='lat' dir='ltr'>Phoebumque,</span> <span class='ocrx_word' id='word_1_63' title='bbox 1182 883 1368 936; x_wconf 85' lang='lat' dir='ltr'>piosque</span> <span class='ocrx_word' id='word_1_64' title='bbox 1391 884 1628 925; x_wconf 67' lang='lat' dir='ltr'>Laconas?</span> 
     </span>
     <span class='ocr_line' id='line_1_14' title="bbox 355 943 1325 1003; baseline 0.008 -19"><span class='ocrx_word' id='word_1_65' title='bbox 355 943 520 986; x_wconf 81' lang='lat' dir='ltr'>Addita</span> <span class='ocrx_word' id='word_1_66' title='bbox 540 946 644 999; x_wconf 85' lang='lat' dir='ltr'>quid</span> <span class='ocrx_word' id='word_1_67' title='bbox 668 947 798 988; x_wconf 83' lang='lat' dir='ltr'>Latio</span> <span class='ocrx_word' id='word_1_68' title='bbox 822 948 980 990; x_wconf 85' lang='lat' dir='ltr'>Flavia</span> <span class='ocrx_word' id='word_1_69' title='bbox 1001 951 1168 1003; x_wconf 87' lang='lat' dir='ltr'>templa</span> <span class='ocrx_word' id='word_1_70' title='bbox 1189 951 1325 1003; x_wconf 71' lang='lat' dir='ltr'>polo?</span> 
     </span>
    </p>

    <p class='ocr_par' dir='ltr' id='par_1_10' title="bbox 297 1010 1442 1135">
     <span class='ocr_line' id='line_1_15' title="bbox 297 1010 1412 1070; baseline 0.008 -19"><span class='ocrx_word' id='word_1_71' title='bbox 297 1010 537 1064; x_wconf 84' lang='lat' dir='ltr'>Expectes,</span> <span class='ocrx_word' id='word_1_72' title='bbox 562 1019 607 1055; x_wconf 83' lang='lat' dir='ltr'>et</span> <span class='ocrx_word' id='word_1_73' title='bbox 627 1017 863 1066; x_wconf 73' lang='lat' dir='ltr'>sustineas,</span> <span class='ocrx_word' id='word_1_74' title='bbox 887 1017 1099 1070; x_wconf 82' lang='lat' dir='ltr'>Auguste,</span> <span class='ocrx_word' id='word_1_75' title='bbox 1122 1032 1304 1059; x_wconf 86' lang='lat' dir='ltr'>necesse</span> <span class='ocrx_word' id='word_1_76' title='bbox 1324 1023 1412 1060; x_wconf 82' lang='lat' dir='ltr'>est:</span> 
     </span>
     <span class='ocr_line' id='line_1_16' title="bbox 353 1078 1442 1135; baseline 0.008 -16"><span class='ocrx_word' id='word_1_77' title='bbox 353 1078 471 1120; x_wconf 85' lang='lat' dir='ltr'>Nam</span> <span class='ocrx_word' id='word_1_78' title='bbox 492 1081 569 1121; x_wconf 92' lang='lat' dir='ltr'>tibi</span> <span class='ocrx_word' id='word_1_79' title='bbox 592 1082 706 1135; x_wconf 90' lang='lat' dir='ltr'>quod</span> <span class='ocrx_word' id='word_1_80' title='bbox 729 1083 893 1134; x_wconf 86' lang='lat' dir='ltr'>solvat,</span> <span class='ocrx_word' id='word_1_81' title='bbox 916 1098 1000 1125; x_wconf 93' lang='lat' dir='ltr'>non</span> <span class='ocrx_word' id='word_1_82' title='bbox 1022 1085 1154 1126; x_wconf 82' lang='lat' dir='ltr'>habet</span> <span class='ocrx_word' id='word_1_83' title='bbox 1175 1099 1279 1128; x_wconf 83' lang='lat' dir='ltr'>arca</span> <span class='ocrx_word' id='word_1_84' title='bbox 1299 1086 1329 1127; x_wconf 86' lang='lat' dir='ltr'>J</span> <span class='ocrx_word' id='word_1_85' title='bbox 1332 1088 1442 1128; x_wconf 85' lang='lat' dir='ltr'>ovis.</span> 
     </span>
    </p>
   </div>
   <div class='ocr_carea' id='block_1_10' title="bbox 287 1179 1755 1475">
    <p class='ocr_par' dir='ltr' id='par_1_11' title="bbox 287 1179 1755 1475">
     <span class='ocr_line' id='line_1_17' title="bbox 292 1179 1754 1228; baseline 0.008 -22"><span class='ocrx_word' id='word_1_86' title='bbox 292 1179 430 1216; x_wconf 74' lang='lat' dir='ltr'>quamvis</span> <span class='ocrx_word' id='word_1_87' title='bbox 446 1190 558 1218; x_wconf 77' lang='lat' dir='ltr'>magna</span> <span class='ocrx_word' id='word_1_88' title='bbox 573 1182 746 1223; x_wconf 82' lang='lat' dir='ltr'>auctiofiat</span> <span class='ocrx_word' id='word_1_89' title='bbox 761 1183 792 1213; x_wconf 86' lang='lat' dir='ltr'>in</span> <span class='ocrx_word' id='word_1_90' title='bbox 807 1184 937 1225; x_wconf 83' lang='lat' dir='ltr'>Olympo</span> <span class='ocrx_word' id='word_1_91' title='bbox 949 1185 1093 1226; x_wconf 80' lang='lat' dir='ltr'>oethereo,</span> <span class='ocrx_word' id='word_1_92' title='bbox 1111 1190 1141 1217; x_wconf 89' lang='lat' dir='ltr'>et</span> <span class='ocrx_word' id='word_1_93' title='bbox 1151 1186 1264 1228; x_wconf 82' lang='lat' dir='ltr'>Superi</span> <span class='ocrx_word' id='word_1_94' title='bbox 1277 1191 1429 1226; x_wconf 76' lang='lat' dir='ltr'>cogantur</span> <span class='ocrx_word' id='word_1_95' title='bbox 1439 1189 1569 1219; x_wconf 75' lang='lat' dir='ltr'>vendere</span> <span class='ocrx_word' id='word_1_96' title='bbox 1581 1188 1683 1218; x_wconf 85' lang='lat' dir='ltr'>omnia</span> <span class='ocrx_word' id='word_1_97' title='bbox 1697 1198 1754 1218; x_wconf 81' lang='lat' dir='ltr'>sua</span> 
     </span>
     <span class='ocr_line' id='line_1_18' title="bbox 293 1221 1752 1270; baseline 0.008 -21"><span class='ocrx_word' id='word_1_98' title='bbox 293 1221 370 1251; x_wconf 80' lang='lat' dir='ltr'>bona</span> <span class='ocrx_word' id='word_1_99' title='bbox 381 1232 391 1252; x_wconf 85' lang='lat'>.·</span> <span class='ocrx_word' id='word_1_100' title='bbox 416 1223 507 1253; x_wconf 83' lang='lat' dir='ltr'>Atlas</span> <span class='ocrx_word' id='word_1_101' title='bbox 531 1224 734 1263; x_wconf 73' lang='lat' dir='ltr'>conturbabit,</span> <span class='ocrx_word' id='word_1_102' title='bbox 756 1236 810 1257; x_wconf 86' lang='lat' dir='ltr'>nec</span> <span class='ocrx_word' id='word_1_103' title='bbox 830 1228 891 1257; x_wconf 80' lang='lat' dir='ltr'>erit</span> <span class='ocrx_word' id='word_1_104' title='bbox 917 1229 1043 1267; x_wconf 77' lang='lat' dir='ltr'>integra</span> <span class='ocrx_word' id='word_1_105' title='bbox 1072 1230 1175 1267; x_wconf 74' lang='lat' dir='ltr'>uncia,</span> <span class='ocrx_word' id='word_1_106' title='bbox 1196 1241 1256 1270; x_wconf 90' lang='lat' dir='ltr'>qua</span> <span class='ocrx_word' id='word_1_107' title='bbox 1279 1232 1405 1270; x_wconf 82' lang='lat' dir='ltr'>genitor</span> <span class='ocrx_word' id='word_1_108' title='bbox 1435 1232 1570 1262; x_wconf 86' lang='lat' dir='ltr'>Deorum</span> <span class='ocrx_word' id='word_1_109' title='bbox 1594 1232 1752 1269; x_wconf 75' lang='lat' dir='ltr'>transigat</span> 
     </span>
     <span class='ocr_line' id='line_1_19' title="bbox 293 1265 1754 1314; baseline 0.006 -21"><span class='ocrx_word' id='word_1_110' title='bbox 293 1266 401 1295; x_wconf 76' lang='lat' dir='ltr'>tecum.</span> <span class='ocrx_word' id='word_1_111' title='bbox 450 1265 535 1300; x_wconf 83' lang='lat' dir='ltr'>Quid</span> <span class='ocrx_word' id='word_1_112' title='bbox 549 1267 630 1297; x_wconf 83' lang='lat' dir='ltr'>enim</span> <span class='ocrx_word' id='word_1_113' title='bbox 645 1272 746 1307; x_wconf 83' lang='lat' dir='ltr'>potest</span> <span class='ocrx_word' id='word_1_114' title='bbox 760 1269 819 1300; x_wconf 84' lang='lat' dir='ltr'>tibi</span> <span class='ocrx_word' id='word_1_115' title='bbox 834 1272 962 1302; x_wconf 80' lang='lat' dir='ltr'>reddere</span> <span class='ocrx_word' id='word_1_116' title='bbox 975 1281 1031 1312; x_wconf 87' lang='lat' dir='ltr'>pro</span> <span class='ocrx_word' id='word_1_117' title='bbox 1046 1273 1171 1313; x_wconf 83' lang='lat' dir='ltr'>templis</span> <span class='ocrx_word' id='word_1_118' title='bbox 1190 1274 1386 1313; x_wconf 80' lang='lat' dir='ltr'>Capitolinis,</span> <span class='ocrx_word' id='word_1_119' title='bbox 1403 1274 1476 1314; x_wconf 82' lang='lat' dir='ltr'>quid</span> <span class='ocrx_word' id='word_1_120' title='bbox 1491 1284 1546 1314; x_wconf 85' lang='lat' dir='ltr'>pro</span> <span class='ocrx_word' id='word_1_121' title='bbox 1556 1275 1660 1313; x_wconf 81' lang='lat' dir='ltr'>gloria</span> <span class='ocrx_word' id='word_1_122' title='bbox 1678 1273 1754 1304; x_wconf 85' lang='lat' dir='ltr'>Tar-</span> 
     </span>
     <span class='ocr_line' id='line_1_20' title="bbox 289 1306 1753 1353; baseline 0.008 -18"><span class='ocrx_word' id='word_1_123' title='bbox 289 1307 369 1344; x_wconf 80' lang='lat' dir='ltr'>peice</span> <span class='ocrx_word' id='word_1_124' title='bbox 377 1306 530 1344; x_wconf 75' lang='lat' dir='ltr'>frondis?</span> <span class='ocrx_word' id='word_1_125' title='bbox 576 1310 661 1344; x_wconf 84' lang='lat' dir='ltr'>Quid</span> <span class='ocrx_word' id='word_1_126' title='bbox 684 1321 762 1342; x_wconf 74' lang='lat' dir='ltr'>uxor</span> <span class='ocrx_word' id='word_1_127' title='bbox 785 1313 875 1343; x_wconf 78' lang='lat' dir='ltr'>Jovis</span> <span class='ocrx_word' id='word_1_128' title='bbox 901 1324 957 1353; x_wconf 87' lang='lat' dir='ltr'>pro</span> <span class='ocrx_word' id='word_1_129' title='bbox 978 1316 1112 1353; x_wconf 71' lang='lat' dir='ltr'>gentinis</span> <span class='ocrx_word' id='word_1_130' title='bbox 1126 1316 1291 1349; x_wconf 80' lang='lat' dir='ltr'>delubris?</span> <span class='ocrx_word' id='word_1_131' title='bbox 1337 1317 1458 1347; x_wconf 78' lang='lat' dir='ltr'>Omitto</span> <span class='ocrx_word' id='word_1_132' title='bbox 1475 1317 1670 1347; x_wconf 74' lang='lat' dir='ltr'>Minervam.-</span> <span class='ocrx_word' id='word_1_133' title='bbox 1696 1317 1753 1346; x_wconf 83' lang='lat' dir='ltr'>illa</span> 
     </span>
     <span class='ocr_line' id='line_1_21' title="bbox 287 1353 1755 1400; baseline 0.008 -22"><span class='ocrx_word' id='word_1_134' title='bbox 287 1353 433 1387; x_wconf 82' lang='lat' dir='ltr'>procurat</span> <span class='ocrx_word' id='word_1_135' title='bbox 448 1354 502 1382; x_wconf 83' lang='lat' dir='ltr'>tua</span> <span class='ocrx_word' id='word_1_136' title='bbox 516 1353 652 1391; x_wconf 80' lang='lat' dir='ltr'>negotia.</span> <span class='ocrx_word' id='word_1_137' title='bbox 700 1355 785 1390; x_wconf 86' lang='lat' dir='ltr'>Quid</span> <span class='ocrx_word' id='word_1_138' title='bbox 808 1366 1035 1389; x_wconf 80' lang='lat' dir='ltr'>commemorem</span> <span class='ocrx_word' id='word_1_139' title='bbox 1059 1359 1227 1389; x_wconf 79' lang='lat' dir='ltr'>Herculem</span> <span class='ocrx_word' id='word_1_140' title='bbox 1241 1362 1332 1399; x_wconf 83' lang='lat' dir='ltr'>atque</span> <span class='ocrx_word' id='word_1_141' title='bbox 1346 1361 1531 1400; x_wconf 80' lang='lat' dir='ltr'>Apollinem,</span> <span class='ocrx_word' id='word_1_142' title='bbox 1550 1363 1581 1390; x_wconf 85' lang='lat' dir='ltr'>et</span> <span class='ocrx_word' id='word_1_143' title='bbox 1593 1360 1663 1400; x_wconf 81' lang='lat' dir='ltr'>pios</span> <span class='ocrx_word' id='word_1_144' title='bbox 1690 1359 1755 1390; x_wconf 86' lang='lat' dir='ltr'>La-</span> 
     </span>
     <span class='ocr_line' id='line_1_22' title="bbox 289 1394 1752 1443; baseline 0.008 -22"><span class='ocrx_word' id='word_1_145' title='bbox 289 1401 399 1423; x_wconf 83' lang='lat' dir='ltr'>conas:</span> <span class='ocrx_word' id='word_1_146' title='bbox 424 1394 499 1432; x_wconf 74' lang='lat' dir='ltr'>quid</span> <span class='ocrx_word' id='word_1_147' title='bbox 507 1397 619 1436; x_wconf 81' lang='lat' dir='ltr'>templa</span> <span class='ocrx_word' id='word_1_148' title='bbox 633 1396 745 1428; x_wconf 69' lang='lat' dir='ltr'>Flavia</span> <span class='ocrx_word' id='word_1_149' title='bbox 759 1399 867 1430; x_wconf 85' lang='lat' dir='ltr'>addita</span> <span class='ocrx_word' id='word_1_150' title='bbox 883 1399 975 1430; x_wconf 83' lang='lat' dir='ltr'>Latio</span> <span class='ocrx_word' id='word_1_151' title='bbox 985 1399 1081 1440; x_wconf 79' lang='lat' dir='ltr'>polo?</span> <span class='ocrx_word' id='word_1_152' title='bbox 1125 1402 1156 1432; x_wconf 95' lang='grc' dir='ltr'><strong>Ο</strong></span> <span class='ocrx_word' id='word_1_153' title='bbox 1174 1402 1329 1443; x_wconf 75' lang='lat' dir='ltr'>Auguste,</span> <span class='ocrx_word' id='word_1_154' title='bbox 1352 1406 1471 1443; x_wconf 70' lang='lat' dir='ltr'>oportet</span> <span class='ocrx_word' id='word_1_155' title='bbox 1486 1406 1516 1434; x_wconf 85' lang='lat' dir='ltr'>te</span> <span class='ocrx_word' id='word_1_156' title='bbox 1532 1406 1696 1443; x_wconf 68' lang='lat' dir='ltr'>expectare</span> <span class='ocrx_word' id='word_1_157' title='bbox 1721 1406 1752 1432; x_wconf 87' lang='lat' dir='ltr'>et</span> 
     </span>
     <span class='ocr_line' id='line_1_23' title="bbox 290 1438 1247 1475; baseline 0.013 -12"><span class='ocrx_word' id='word_1_158' title='bbox 290 1438 502 1475; x_wconf 73' lang='lat' dir='ltr'>supersedere:</span> <span class='ocrx_word' id='word_1_159' title='bbox 526 1448 597 1469; x_wconf 85' lang='lat' dir='ltr'>nam</span> <span class='ocrx_word' id='word_1_160' title='bbox 608 1449 680 1470; x_wconf 86' lang='lat' dir='ltr'>arca</span> <span class='ocrx_word' id='word_1_161' title='bbox 689 1440 781 1471; x_wconf 71' lang='lat' dir='ltr'>Jovis</span> <span class='ocrx_word' id='word_1_162' title='bbox 794 1452 852 1472; x_wconf 85' lang='lat' dir='ltr'>non</span> <span class='ocrx_word' id='word_1_163' title='bbox 868 1442 958 1473; x_wconf 84' lang='lat' dir='ltr'>habet</span> <span class='ocrx_word' id='word_1_164' title='bbox 975 1445 1055 1474; x_wconf 84' lang='lat' dir='ltr'>unde</span> <span class='ocrx_word' id='word_1_165' title='bbox 1066 1446 1163 1475; x_wconf 80' lang='lat' dir='ltr'>solvat</span> <span class='ocrx_word' id='word_1_166' title='bbox 1177 1445 1247 1475; x_wconf 85' lang='lat' dir='ltr'>tibi.</span> 
     </span>
    </p>
   </div>
   <div class='ocr_carea' id='block_1_11' title="bbox 895 1525 1031 1538">
    <p class='ocr_par' dir='ltr' id='par_1_12' title="bbox 895 1525 1031 1538">
     <span class='ocr_line' id='line_1_24' title="bbox 895 1525 1031 1538; baseline 0.015 -2"><span class='ocrx_word' id='word_1_167' title='bbox 895 1525 1031 1538; x_wconf 53' lang='lat' dir='ltr'>eeeeeee</span> 
     </span>
    </p>
   </div>
   <div class='ocr_carea' id='block_1_12' title="bbox 1035 1527 1133 1539">
    <p class='ocr_par' dir='ltr' id='par_1_13' title="bbox 1035 1527 1133 1539">
     <span class='ocr_line' id='line_1_25' title="bbox 1035 1527 1133 1539; baseline -0.01 -1"><span class='ocrx_word' id='word_1_168' title='bbox 1035 1527 1133 1539; x_wconf 66' lang='lat' dir='ltr'>eeeee</span> 
     </span>
    </p>
   </div>
   <div class='ocr_carea' id='block_1_13' title="bbox 335 1575 1748 1627">
    <p class='ocr_par' dir='ltr' id='par_1_14' title="bbox 335 1575 1748 1627">
     <span class='ocr_line' id='line_1_26' title="bbox 335 1575 1748 1627; baseline 0.007 -23"><span class='ocrx_word' id='word_1_169' title='bbox 335 1577 371 1605; x_wconf 95' lang='grc'>11</span> <span class='ocrx_word' id='word_1_170' title='bbox 396 1575 539 1607; x_wconf 85' lang='lat' dir='ltr'>Juntina</span> <span class='ocrx_word' id='word_1_171' title='bbox 564 1585 675 1610; x_wconf 76' lang='lat' dir='ltr'>nostra</span> <span class='ocrx_word' id='word_1_172' title='bbox 693 1580 727 1610; x_wconf 89' lang='lat' dir='ltr'>in</span> <span class='ocrx_word' id='word_1_173' title='bbox 746 1583 892 1622; x_wconf 80' lang='lat' dir='ltr'>margine</span> <span class='ocrx_word' id='word_1_174' title='bbox 909 1584 1070 1616; x_wconf 79' lang='lat' dir='ltr'>exhibet:</span> <span class='ocrx_word' id='word_1_175' title='bbox 1095 1587 1227 1627; x_wconf 78' lang='lat' dir='ltr'>duosque</span> <span class='ocrx_word' id='word_1_176' title='bbox 1251 1586 1490 1617; x_wconf 55' lang='lat' dir='ltr'>Laconum-12</span> <span class='ocrx_word' id='word_1_177' title='bbox 1517 1584 1582 1616; x_wconf 80' lang='lat' dir='ltr'>Alii</span> <span class='ocrx_word' id='word_1_178' title='bbox 1610 1585 1748 1625; x_wconf 86' lang='lat' dir='ltr'>legunt:</span> 
     </span>
    </p>
   </div>
   <div class='ocr_carea' id='block_1_14' title="bbox 288 1616 571 1657">
    <p class='ocr_par' dir='ltr' id='par_1_15' title="bbox 288 1616 571 1657">
     <span class='ocr_line' id='line_1_27' title="bbox 288 1616 571 1657; baseline 0.018 -11"><span class='ocrx_word' id='word_1_179' title='bbox 288 1616 378 1647; x_wconf 82' lang='lat' dir='ltr'>Latio</span> <span class='ocrx_word' id='word_1_180' title='bbox 395 1618 432 1649; x_wconf 90' lang='lat' dir='ltr'>F.</span> <span class='ocrx_word' id='word_1_181' title='bbox 448 1622 471 1649; x_wconf 88' lang='lat' dir='ltr'>t.</span> <span class='ocrx_word' id='word_1_182' title='bbox 486 1620 571 1657; x_wconf 90' lang='lat' dir='ltr'>soro.</span> 
     </span>
    </p>
   </div>
   <div class='ocr_carea' id='block_1_15' title="bbox 951 1670 1095 1702">
    <p class='ocr_par' dir='ltr' id='par_1_16' title="bbox 951 1670 1095 1702">
     <span class='ocr_line' id='line_1_28' title="bbox 951 1670 1095 1702; baseline 0.007 -1"><span class='ocrx_word' id='word_1_183' title='bbox 951 1670 1095 1702; x_wconf 84' lang='lat' dir='ltr'>No&#39;rAE</span> 
     </span>
    </p>
   </div>
   <div class='ocr_carea' id='block_1_16' title="bbox 282 1726 992 2842">
    <p class='ocr_par' dir='ltr' id='par_1_17' title="bbox 285 1726 992 2069">
     <span class='ocr_line' id='line_1_29' title="bbox 330 1726 992 1770; baseline 0.018 -16"><span class='ocrx_word' id='word_1_184' title='bbox 330 1727 348 1754; x_wconf 84' lang='lat'><strong>3</strong></span> <span class='ocrx_word' id='word_1_185' title='bbox 374 1726 502 1766; x_wconf 80' lang='lat' dir='ltr'>Auctio]</span> <span class='ocrx_word' id='word_1_186' title='bbox 543 1729 628 1761; x_wconf 81' lang='lat' dir='ltr'>Quae</span> <span class='ocrx_word' id='word_1_187' title='bbox 656 1730 792 1770; x_wconf 86' lang='lat' dir='ltr'>publica</span> <span class='ocrx_word' id='word_1_188' title='bbox 808 1738 862 1764; x_wconf 69' lang='lat' dir='ltr'>est</span> <span class='ocrx_word' id='word_1_189' title='bbox 881 1735 992 1765; x_wconf 84' lang='lat' dir='ltr'>vendi-</span> 
     </span>
     <span class='ocr_line' id='line_1_30' title="bbox 287 1774 992 1818; baseline 0.018 -15"><span class='ocrx_word' id='word_1_190' title='bbox 287 1774 348 1812; x_wconf 86' lang='lat' dir='ltr'>tio,</span> <span class='ocrx_word' id='word_1_191' title='bbox 366 1775 397 1805; x_wconf 90' lang='lat' dir='ltr'>in</span> <span class='ocrx_word' id='word_1_192' title='bbox 415 1787 481 1817; x_wconf 85' lang='lat' dir='ltr'>qua</span> <span class='ocrx_word' id='word_1_193' title='bbox 497 1779 645 1818; x_wconf 88' lang='lat' dir='ltr'>pretium</span> <span class='ocrx_word' id='word_1_194' title='bbox 662 1781 704 1811; x_wconf 87' lang='lat' dir='ltr'>ab</span> <span class='ocrx_word' id='word_1_195' title='bbox 719 1784 902 1815; x_wconf 82' lang='lat' dir='ltr'>emtoribus</span> <span class='ocrx_word' id='word_1_196' title='bbox 919 1795 992 1816; x_wconf 86' lang='lat' dir='ltr'>cer-</span> 
     </span>
     <span class='ocr_line' id='line_1_31' title="bbox 289 1825 990 1872; baseline 0.02 -18"><span class='ocrx_word' id='word_1_197' title='bbox 289 1825 385 1856; x_wconf 79' lang='lat' dir='ltr'>tatim</span> <span class='ocrx_word' id='word_1_198' title='bbox 412 1834 577 1868; x_wconf 83' lang='lat' dir='ltr'>augetur:</span> <span class='ocrx_word' id='word_1_199' title='bbox 615 1831 679 1862; x_wconf 87' lang='lat' dir='ltr'>hoc</span> <span class='ocrx_word' id='word_1_200' title='bbox 696 1838 759 1872; x_wconf 87' lang='lat' dir='ltr'>est,</span> <span class='ocrx_word' id='word_1_201' title='bbox 788 1834 869 1866; x_wconf 85' lang='lat' dir='ltr'>licet</span> <span class='ocrx_word' id='word_1_202' title='bbox 884 1836 990 1868; x_wconf 81' lang='lat' dir='ltr'>hastae</span> 
     </span>
     <span class='ocr_line' id='line_1_32' title="bbox 286 1875 992 1931; baseline 0.02 -26"><span class='ocrx_word' id='word_1_203' title='bbox 286 1875 508 1916; x_wconf 82' lang='lat' dir='ltr'>subjiciantur</span> <span class='ocrx_word' id='word_1_204' title='bbox 522 1880 608 1911; x_wconf 90' lang='lat' dir='ltr'>bona</span> <span class='ocrx_word' id='word_1_205' title='bbox 621 1882 769 1914; x_wconf 78' lang='lat' dir='ltr'>Deorum</span> <span class='ocrx_word' id='word_1_206' title='bbox 783 1890 817 1916; x_wconf 79' lang='lat' dir='ltr'>et</span> <span class='ocrx_word' id='word_1_207' title='bbox 831 1886 992 1931; x_wconf 80' lang='lat' dir='ltr'>Dearum,</span> 
     </span>
     <span class='ocr_line' id='line_1_33' title="bbox 285 1931 991 1978; baseline 0.016 -18"><span class='ocrx_word' id='word_1_208' title='bbox 285 1936 321 1960; x_wconf 87' lang='lat' dir='ltr'>et</span> <span class='ocrx_word' id='word_1_209' title='bbox 341 1931 390 1962; x_wconf 85' lang='lat' dir='ltr'>sic</span> <span class='ocrx_word' id='word_1_210' title='bbox 406 1933 540 1971; x_wconf 88' lang='lat' dir='ltr'>publice</span> <span class='ocrx_word' id='word_1_211' title='bbox 562 1935 766 1977; x_wconf 80' lang='lat' dir='ltr'>vendantur,</span> <span class='ocrx_word' id='word_1_212' title='bbox 783 1940 925 1978; x_wconf 83' lang='lat' dir='ltr'>pecunia</span> <span class='ocrx_word' id='word_1_213' title='bbox 943 1945 991 1972; x_wconf 86' lang='lat' dir='ltr'>ta-</span> 
     </span>
     <span class='ocr_line' id='line_1_34' title="bbox 287 1983 990 2023; baseline 0.018 -13"><span class='ocrx_word' id='word_1_214' title='bbox 287 1991 361 2012; x_wconf 85' lang='lat' dir='ltr'>men</span> <span class='ocrx_word' id='word_1_215' title='bbox 379 1983 457 2014; x_wconf 90' lang='lat' dir='ltr'>inde</span> <span class='ocrx_word' id='word_1_216' title='bbox 484 1985 630 2016; x_wconf 83' lang='lat' dir='ltr'>collecta</span> <span class='ocrx_word' id='word_1_217' title='bbox 657 1997 723 2018; x_wconf 90' lang='lat' dir='ltr'>non</span> <span class='ocrx_word' id='word_1_218' title='bbox 751 1988 875 2021; x_wconf 87' lang='lat' dir='ltr'>sufficit</span> <span class='ocrx_word' id='word_1_219' title='bbox 897 1996 933 2022; x_wconf 90' lang='lat' dir='ltr'>ut</span> <span class='ocrx_word' id='word_1_220' title='bbox 957 1998 990 2023; x_wconf 94' lang='lat' dir='ltr'>te</span> 
     </span>
     <span class='ocr_line' id='line_1_35' title="bbox 285 2032 690 2069; baseline 0.012 -7"><span class='ocrx_word' id='word_1_221' title='bbox 285 2032 489 2065; x_wconf 85' lang='lat' dir='ltr'>creditorem</span> <span class='ocrx_word' id='word_1_222' title='bbox 504 2036 690 2069; x_wconf 83' lang='lat' dir='ltr'>dimittant.</span> 
     </span>
    </p>

    <p class='ocr_par' dir='ltr' id='par_1_18' title="bbox 282 2085 989 2540">
     <span class='ocr_line' id='line_1_36' title="bbox 329 2085 989 2134; baseline 0.02 -21"><span class='ocrx_word' id='word_1_223' title='bbox 329 2088 346 2114; x_wconf 86' lang='lat'>5</span> <span class='ocrx_word' id='word_1_224' title='bbox 374 2085 580 2117; x_wconf 80' lang='lat' dir='ltr'>Conturbabit</span> <span class='ocrx_word' id='word_1_225' title='bbox 598 2089 703 2130; x_wconf 73' lang='lat' dir='ltr'>Atlas]</span> <span class='ocrx_word' id='word_1_226' title='bbox 726 2090 838 2131; x_wconf 85' lang='lat' dir='ltr'>Atlas,</span> <span class='ocrx_word' id='word_1_227' title='bbox 851 2094 907 2134; x_wconf 87' lang='lat' dir='ltr'>qui</span> <span class='ocrx_word' id='word_1_228' title='bbox 925 2104 989 2126; x_wconf 79' lang='grc' dir='ltr'>οω-</span> 
     </span>
     <span class='ocr_line' id='line_1_37' title="bbox 284 2135 989 2182; baseline 0.018 -17"><span class='ocrx_word' id='word_1_229' title='bbox 284 2135 351 2166; x_wconf 88' lang='lat' dir='ltr'>lum</span> <span class='ocrx_word' id='word_1_230' title='bbox 375 2137 522 2169; x_wconf 88' lang='lat' dir='ltr'>humeris</span> <span class='ocrx_word' id='word_1_231' title='bbox 547 2144 673 2180; x_wconf 85' lang='lat' dir='ltr'>gestat,</span> <span class='ocrx_word' id='word_1_232' title='bbox 705 2144 895 2182; x_wconf 82' lang='lat' dir='ltr'>proscribet</span> <span class='ocrx_word' id='word_1_233' title='bbox 924 2156 989 2178; x_wconf 82' lang='lat' dir='ltr'>coe-</span> 
     </span>
     <span class='ocr_line' id='line_1_38' title="bbox 282 2187 988 2228; baseline 0.018 -12"><span class='ocrx_word' id='word_1_234' title='bbox 282 2187 366 2226; x_wconf 88' lang='lat' dir='ltr'>lum,</span> <span class='ocrx_word' id='word_1_235' title='bbox 381 2197 444 2220; x_wconf 89' lang='lat' dir='ltr'>nec</span> <span class='ocrx_word' id='word_1_236' title='bbox 462 2190 594 2221; x_wconf 87' lang='lat' dir='ltr'>unciam</span> <span class='ocrx_word' id='word_1_237' title='bbox 611 2201 666 2222; x_wconf 88' lang='lat' dir='ltr'>seu</span> <span class='ocrx_word' id='word_1_238' title='bbox 684 2193 918 2228; x_wconf 87' lang='lat' dir='ltr'>duodecimam</span> <span class='ocrx_word' id='word_1_239' title='bbox 931 2197 988 2228; x_wconf 87' lang='lat' dir='ltr'>de-</span> 
     </span>
     <span class='ocr_line' id='line_1_39' title="bbox 286 2237 985 2288; baseline 0.019 -21"><span class='ocrx_word' id='word_1_240' title='bbox 286 2237 431 2269; x_wconf 86' lang='lat' dir='ltr'>bitorum</span> <span class='ocrx_word' id='word_1_241' title='bbox 449 2245 582 2280; x_wconf 87' lang='lat' dir='ltr'>partem</span> <span class='ocrx_word' id='word_1_242' title='bbox 599 2243 756 2284; x_wconf 87' lang='lat' dir='ltr'>colliget:</span> <span class='ocrx_word' id='word_1_243' title='bbox 782 2248 882 2278; x_wconf 83' lang='lat' dir='ltr'>uncia</span> <span class='ocrx_word' id='word_1_244' title='bbox 909 2258 985 2288; x_wconf 86' lang='lat' dir='ltr'>pars</span> 
     </span>
     <span class='ocr_line' id='line_1_40' title="bbox 285 2291 985 2339; baseline 0.016 -19"><span class='ocrx_word' id='word_1_245' title='bbox 285 2296 337 2321; x_wconf 85' lang='lat' dir='ltr'>est</span> <span class='ocrx_word' id='word_1_246' title='bbox 352 2291 556 2325; x_wconf 86' lang='lat' dir='ltr'>duodecima</span> <span class='ocrx_word' id='word_1_247' title='bbox 580 2296 675 2335; x_wconf 81' lang='lat' dir='ltr'>assis,</span> <span class='ocrx_word' id='word_1_248' title='bbox 699 2298 754 2338; x_wconf 85' lang='lat' dir='ltr'>qui</span> <span class='ocrx_word' id='word_1_249' title='bbox 772 2308 832 2338; x_wconf 89' lang='lat' dir='ltr'>pro</span> <span class='ocrx_word' id='word_1_250' title='bbox 850 2299 985 2339; x_wconf 83' lang='lat' dir='ltr'>integro</span> 
     </span>
     <span class='ocr_line' id='line_1_41' title="bbox 286 2341 984 2389; baseline 0.014 -19"><span class='ocrx_word' id='word_1_251' title='bbox 286 2341 403 2372; x_wconf 89' lang='lat' dir='ltr'>debito</span> <span class='ocrx_word' id='word_1_252' title='bbox 421 2344 599 2384; x_wconf 84' lang='lat' dir='ltr'>accipitur.</span> <span class='ocrx_word' id='word_1_253' title='bbox 646 2347 859 2380; x_wconf 87' lang='lat' dir='ltr'>Conturbare</span> <span class='ocrx_word' id='word_1_254' title='bbox 884 2350 984 2389; x_wconf 84' lang='lat' dir='ltr'>signi-</span> 
     </span>
     <span class='ocr_line' id='line_1_42' title="bbox 282 2391 985 2439; baseline 0.014 -18"><span class='ocrx_word' id='word_1_255' title='bbox 282 2391 364 2423; x_wconf 84' lang='lat' dir='ltr'>ficat</span> <span class='ocrx_word' id='word_1_256' title='bbox 389 2392 567 2434; x_wconf 87' lang='lat' dir='ltr'>dissipare.</span> <span class='ocrx_word' id='word_1_257' title='bbox 614 2397 799 2429; x_wconf 85' lang='lat' dir='ltr'>Farnabius</span> <span class='ocrx_word' id='word_1_258' title='bbox 817 2399 985 2439; x_wconf 84' lang='lat' dir='ltr'>interpre-</span> 
     </span>
     <span class='ocr_line' id='line_1_43' title="bbox 284 2442 985 2485; baseline 0.013 -13"><span class='ocrx_word' id='word_1_259' title='bbox 284 2448 377 2473; x_wconf 88' lang='lat' dir='ltr'>tatur</span> <span class='ocrx_word' id='word_1_260' title='bbox 392 2442 428 2473; x_wconf 85' lang='grc' dir='ltr'>τὸ</span> <span class='ocrx_word' id='word_1_261' title='bbox 453 2445 657 2485; x_wconf 79' lang='lat' dir='ltr'>conturbabit,</span> <span class='ocrx_word' id='word_1_262' title='bbox 672 2448 773 2480; x_wconf 84' lang='lat' dir='ltr'>cedet</span> <span class='ocrx_word' id='word_1_263' title='bbox 788 2447 873 2481; x_wconf 85' lang='lat' dir='ltr'>foro.</span> <span class='ocrx_word' id='word_1_264' title='bbox 898 2450 985 2481; x_wconf 86' lang='lat' dir='ltr'>Bud.</span> 
     </span>
     <span class='ocr_line' id='line_1_44' title="bbox 284 2494 807 2540; baseline 0.015 -17"><span class='ocrx_word' id='word_1_265' title='bbox 284 2494 406 2525; x_wconf 86' lang='lat' dir='ltr'>eoelum</span> <span class='ocrx_word' id='word_1_266' title='bbox 426 2499 533 2526; x_wconf 89' lang='lat' dir='ltr'>totum</span> <span class='ocrx_word' id='word_1_267' title='bbox 551 2497 612 2528; x_wconf 90' lang='lat' dir='ltr'>tibi</span> <span class='ocrx_word' id='word_1_268' title='bbox 631 2498 807 2540; x_wconf 76' lang='lat' dir='ltr'>decoquet.</span> 
     </span>
    </p>

    <p class='ocr_par' dir='ltr' id='par_1_19' title="bbox 283 2545 984 2633">
     <span class='ocr_line' id='line_1_45' title="bbox 326 2545 984 2590; baseline 0.012 -15"><span class='ocrx_word' id='word_1_269' title='bbox 326 2547 344 2575; x_wconf 83' lang='lat'>7</span> <span class='ocrx_word' id='word_1_270' title='bbox 370 2545 434 2576; x_wconf 91' lang='lat' dir='ltr'>Pro</span> <span class='ocrx_word' id='word_1_271' title='bbox 463 2547 663 2588; x_wconf 78' lang='lat' dir='ltr'>Capitolinis]</span> <span class='ocrx_word' id='word_1_272' title='bbox 709 2550 912 2590; x_wconf 88' lang='lat' dir='ltr'>Capitolium</span> <span class='ocrx_word' id='word_1_273' title='bbox 937 2551 984 2582; x_wconf 88' lang='lat' dir='ltr'>in·</span> 
     </span>
     <span class='ocr_line' id='line_1_46' title="bbox 283 2598 833 2633; baseline 0.013 -8"><span class='ocrx_word' id='word_1_274' title='bbox 283 2605 420 2627; x_wconf 87' lang='lat' dir='ltr'>censum</span> <span class='ocrx_word' id='word_1_275' title='bbox 437 2598 589 2629; x_wconf 83' lang='lat' dir='ltr'>restituit</span> <span class='ocrx_word' id='word_1_276' title='bbox 604 2599 833 2633; x_wconf 80' lang='lat' dir='ltr'>Domitianus.</span> 
     </span>
    </p>

    <p class='ocr_par' dir='ltr' id='par_1_20' title="bbox 283 2646 984 2842">
     <span class='ocr_line' id='line_1_47' title="bbox 325 2646 983 2690; baseline 0.011 -14"><span class='ocrx_word' id='word_1_277' title='bbox 325 2648 345 2676; x_wconf 85' lang='lat'>8</span> <span class='ocrx_word' id='word_1_278' title='bbox 372 2646 456 2681; x_wconf 82' lang='lat' dir='ltr'>Quid</span> <span class='ocrx_word' id='word_1_279' title='bbox 480 2657 535 2687; x_wconf 83' lang='lat' dir='ltr'>pro</span> <span class='ocrx_word' id='word_1_280' title='bbox 554 2648 710 2690; x_wconf 64' lang='lat' dir='ltr'>Tarpeiae]</span> <span class='ocrx_word' id='word_1_281' title='bbox 745 2650 834 2682; x_wconf 80' lang='lat' dir='ltr'>Vide</span> <span class='ocrx_word' id='word_1_282' title='bbox 860 2651 918 2683; x_wconf 88' lang='lat' dir='ltr'>lib.</span> <span class='ocrx_word' id='word_1_283' title='bbox 935 2661 983 2684; x_wconf 77' lang='lat' dir='ltr'>lv.</span> 
     </span>
     <span class='ocr_line' id='line_1_48' title="bbox 284 2696 984 2742; baseline 0.01 -16"><span class='ocrx_word' id='word_1_284' title='bbox 284 2696 382 2737; x_wconf 86' lang='lat' dir='ltr'>Epig.</span> <span class='ocrx_word' id='word_1_285' title='bbox 392 2700 444 2728; x_wconf 83' lang='grc'>54.</span> <span class='ocrx_word' id='word_1_286' title='bbox 461 2697 500 2728; x_wconf 90' lang='lat' dir='ltr'>In</span> <span class='ocrx_word' id='word_1_287' title='bbox 516 2698 675 2730; x_wconf 84' lang='lat' dir='ltr'>honorem</span> <span class='ocrx_word' id='word_1_288' title='bbox 691 2700 786 2732; x_wconf 87' lang='lat' dir='ltr'>Jovis</span> <span class='ocrx_word' id='word_1_289' title='bbox 802 2701 984 2742; x_wconf 84' lang='lat' dir='ltr'>Capitolini</span> 
     </span>
     <span class='ocr_line' id='line_1_49' title="bbox 283 2747 982 2794; baseline 0.01 -17"><span class='ocrx_word' id='word_1_290' title='bbox 283 2747 380 2778; x_wconf 89' lang='lat' dir='ltr'>ludos</span> <span class='ocrx_word' id='word_1_291' title='bbox 396 2747 543 2780; x_wconf 89' lang='lat' dir='ltr'>instituit</span> <span class='ocrx_word' id='word_1_292' title='bbox 565 2751 791 2792; x_wconf 86' lang='lat' dir='ltr'>Domitianus,</span> <span class='ocrx_word' id='word_1_293' title='bbox 813 2752 845 2783; x_wconf 91' lang='lat' dir='ltr'>in</span> <span class='ocrx_word' id='word_1_294' title='bbox 862 2753 982 2794; x_wconf 86' lang='lat' dir='ltr'>quibus</span> 
     </span>
     <span class='ocr_line' id='line_1_50' title="bbox 283 2798 980 2842; baseline 0.011 -15"><span class='ocrx_word' id='word_1_295' title='bbox 283 2798 407 2828; x_wconf 85' lang='lat' dir='ltr'>laureae</span> <span class='ocrx_word' id='word_1_296' title='bbox 424 2804 458 2829; x_wconf 87' lang='lat' dir='ltr'>et</span> <span class='ocrx_word' id='word_1_297' title='bbox 483 2808 614 2831; x_wconf 80' lang='lat' dir='ltr'>coronae</span> <span class='ocrx_word' id='word_1_298' title='bbox 639 2811 774 2842; x_wconf 67' lang='lat' dir='ltr'>quernae</span> <span class='ocrx_word' id='word_1_299' title='bbox 800 2802 980 2836; x_wconf 83' lang='lat' dir='ltr'>dabantur.</span> 
     </span>
    </p>
   </div>
   <div class='ocr_carea' id='block_1_17' title="bbox 1037 1736 1750 2848">
    <p class='ocr_par' dir='ltr' id='par_1_21' title="bbox 1048 1736 1627 1775">
     <span class='ocr_line' id='line_1_51' title="bbox 1048 1736 1627 1775; baseline -0.002 -8"><span class='ocrx_word' id='word_1_300' title='bbox 1048 1737 1230 1768; x_wconf 88' lang='lat' dir='ltr'>Suetonius</span> <span class='ocrx_word' id='word_1_301' title='bbox 1245 1737 1277 1768; x_wconf 92' lang='lat' dir='ltr'>in</span> <span class='ocrx_word' id='word_1_302' title='bbox 1295 1736 1491 1767; x_wconf 83' lang='lat' dir='ltr'>Domitiano</span> <span class='ocrx_word' id='word_1_303' title='bbox 1506 1745 1580 1775; x_wconf 77' lang='lat' dir='ltr'>cap.</span> <span class='ocrx_word' id='word_1_304' title='bbox 1595 1739 1627 1766; x_wconf 88' lang='lat'>5.</span> 
     </span>
    </p>

    <p class='ocr_par' dir='ltr' id='par_1_22' title="bbox 1048 1786 1750 1920">
     <span class='ocr_line' id='line_1_52' title="bbox 1090 1786 1750 1828; baseline -0.006 -9"><span class='ocrx_word' id='word_1_305' title='bbox 1090 1791 1110 1818; x_wconf 84' lang='lat'>9</span> <span class='ocrx_word' id='word_1_306' title='bbox 1135 1789 1219 1824; x_wconf 89' lang='lat' dir='ltr'>Quid</span> <span class='ocrx_word' id='word_1_307' title='bbox 1234 1798 1291 1828; x_wconf 88' lang='lat' dir='ltr'>pro</span> <span class='ocrx_word' id='word_1_308' title='bbox 1306 1787 1502 1827; x_wconf 80' lang='lat' dir='ltr'>culminibus]</span> <span class='ocrx_word' id='word_1_309' title='bbox 1537 1788 1587 1818; x_wconf 86' lang='lat' dir='ltr'>Ex</span> <span class='ocrx_word' id='word_1_310' title='bbox 1610 1786 1660 1816; x_wconf 86' lang='lat' dir='ltr'>his</span> <span class='ocrx_word' id='word_1_311' title='bbox 1677 1795 1750 1816; x_wconf 83' lang='lat' dir='ltr'>ver-</span> 
     </span>
     <span class='ocr_line' id='line_1_53' title="bbox 1048 1836 1750 1879; baseline -0.004 -10"><span class='ocrx_word' id='word_1_312' title='bbox 1048 1838 1098 1870; x_wconf 86' lang='lat' dir='ltr'>bis</span> <span class='ocrx_word' id='word_1_313' title='bbox 1116 1839 1277 1879; x_wconf 81' lang='lat' dir='ltr'>colligere</span> <span class='ocrx_word' id='word_1_314' title='bbox 1302 1842 1356 1869; x_wconf 88' lang='lat' dir='ltr'>est</span> <span class='ocrx_word' id='word_1_315' title='bbox 1379 1837 1508 1870; x_wconf 80' lang='lat' dir='ltr'>Junoni</span> <span class='ocrx_word' id='word_1_316' title='bbox 1530 1836 1597 1867; x_wconf 89' lang='lat' dir='ltr'>duo</span> <span class='ocrx_word' id='word_1_317' title='bbox 1621 1836 1750 1876; x_wconf 88' lang='lat' dir='ltr'>templa</span> 
     </span>
     <span class='ocr_line' id='line_1_54' title="bbox 1048 1888 1525 1920; baseline 0 -1"><span class='ocrx_word' id='word_1_318' title='bbox 1048 1899 1264 1920; x_wconf 80' lang='lat' dir='ltr'>consecrasse</span> <span class='ocrx_word' id='word_1_319' title='bbox 1280 1888 1525 1920; x_wconf 86' lang='lat' dir='ltr'>Domitianum.</span> 
     </span>
    </p>

    <p class='ocr_par' dir='ltr' id='par_1_23' title="bbox 1045 1939 1750 2125">
     <span class='ocr_line' id='line_1_55' title="bbox 1091 1939 1750 1980; baseline -0.005 -10"><span class='ocrx_word' id='word_1_320' title='bbox 1091 1943 1129 1970; x_wconf 94' lang='grc'>10</span> <span class='ocrx_word' id='word_1_321' title='bbox 1155 1941 1285 1971; x_wconf 80' lang='lat' dir='ltr'>Pallada</span> <span class='ocrx_word' id='word_1_322' title='bbox 1298 1939 1462 1980; x_wconf 83' lang='lat' dir='ltr'>proetereo]</span> <span class='ocrx_word' id='word_1_323' title='bbox 1499 1939 1609 1971; x_wconf 83' lang='lat' dir='ltr'>Quam</span> <span class='ocrx_word' id='word_1_324' title='bbox 1634 1947 1750 1978; x_wconf 74' lang='lat' dir='ltr'>super-</span> 
     </span>
     <span class='ocr_line' id='line_1_56' title="bbox 1047 1989 1748 2030; baseline -0.004 -9"><span class='ocrx_word' id='word_1_325' title='bbox 1047 1991 1178 2022; x_wconf 83' lang='lat' dir='ltr'>stitiose</span> <span class='ocrx_word' id='word_1_326' title='bbox 1195 1991 1354 2029; x_wconf 85' lang='lat' dir='ltr'>coluit‚in</span> <span class='ocrx_word' id='word_1_327' title='bbox 1370 1990 1467 2030; x_wconf 89' lang='lat' dir='ltr'>cujus</span> <span class='ocrx_word' id='word_1_328' title='bbox 1481 1990 1640 2020; x_wconf 84' lang='lat' dir='ltr'>honorem</span> <span class='ocrx_word' id='word_1_329' title='bbox 1654 1989 1748 2029; x_wconf 82' lang='lat' dir='ltr'>qnin-</span> 
     </span>
     <span class='ocr_line' id='line_1_57' title="bbox 1046 2039 1747 2083; baseline -0.006 -11"><span class='ocrx_word' id='word_1_330' title='bbox 1046 2042 1181 2083; x_wconf 84' lang='lat' dir='ltr'>qnatria</span> <span class='ocrx_word' id='word_1_331' title='bbox 1211 2042 1370 2072; x_wconf 85' lang='lat' dir='ltr'>instituit.</span> <span class='ocrx_word' id='word_1_332' title='bbox 1415 2041 1596 2072; x_wconf 88' lang='lat' dir='ltr'>Suetonius</span> <span class='ocrx_word' id='word_1_333' title='bbox 1621 2040 1652 2069; x_wconf 92' lang='lat' dir='ltr'>in</span> <span class='ocrx_word' id='word_1_334' title='bbox 1680 2039 1747 2069; x_wconf 92' lang='lat' dir='ltr'>Do-</span> 
     </span>
     <span class='ocr_line' id='line_1_58' title="bbox 1045 2093 1196 2125; baseline 0 -1"><span class='ocrx_word' id='word_1_335' title='bbox 1045 2093 1196 2125; x_wconf 88' lang='lat' dir='ltr'>mitiano.</span> 
     </span>
    </p>

    <p class='ocr_par' dir='ltr' id='par_1_24' title="bbox 1044 2138 1746 2285">
     <span class='ocr_line' id='line_1_59' title="bbox 1091 2138 1745 2184; baseline -0.006 -10"><span class='ocrx_word' id='word_1_336' title='bbox 1091 2144 1151 2174; x_wconf 82' lang='lat' dir='ltr'>Res</span> <span class='ocrx_word' id='word_1_337' title='bbox 1176 2138 1260 2184; x_wconf 68' lang='lat' dir='ltr'>agit]</span> <span class='ocrx_word' id='word_1_338' title='bbox 1287 2143 1363 2174; x_wconf 89' lang='lat' dir='ltr'>Hoc</span> <span class='ocrx_word' id='word_1_339' title='bbox 1379 2148 1443 2181; x_wconf 86' lang='lat' dir='ltr'>est,</span> <span class='ocrx_word' id='word_1_340' title='bbox 1460 2142 1597 2173; x_wconf 87' lang='lat' dir='ltr'>Numen</span> <span class='ocrx_word' id='word_1_341' title='bbox 1613 2146 1668 2172; x_wconf 85' lang='lat' dir='ltr'>est</span> <span class='ocrx_word' id='word_1_342' title='bbox 1685 2140 1745 2171; x_wconf 84' lang='lat' dir='ltr'>tibi</span> 
     </span>
     <span class='ocr_line' id='line_1_60' title="bbox 1044 2192 1746 2231; baseline -0.004 -5"><span class='ocrx_word' id='word_1_343' title='bbox 1044 2194 1210 2226; x_wconf 86' lang='lat' dir='ltr'>familiare</span> <span class='ocrx_word' id='word_1_344' title='bbox 1227 2206 1234 2225; x_wconf 71' lang='grc' dir='ltr'><strong><em>ι</em></strong></span> <span class='ocrx_word' id='word_1_345' title='bbox 1258 2205 1335 2226; x_wconf 80' lang='lat' dir='ltr'>cum</span> <span class='ocrx_word' id='word_1_346' title='bbox 1352 2194 1414 2225; x_wconf 89' lang='lat' dir='ltr'>tibi</span> <span class='ocrx_word' id='word_1_347' title='bbox 1435 2193 1562 2224; x_wconf 85' lang='lat' dir='ltr'>serviat</span> <span class='ocrx_word' id='word_1_348' title='bbox 1576 2192 1746 2231; x_wconf 87' lang='lat' dir='ltr'>Minerva,</span> 
     </span>
     <span class='ocr_line' id='line_1_61' title="bbox 1045 2246 1701 2285; baseline -0.003 -8"><span class='ocrx_word' id='word_1_349' title='bbox 1045 2246 1088 2277; x_wconf 91' lang='lat' dir='ltr'>ab</span> <span class='ocrx_word' id='word_1_350' title='bbox 1101 2256 1141 2277; x_wconf 84' lang='lat' dir='ltr'>ea</span> <span class='ocrx_word' id='word_1_351' title='bbox 1157 2246 1306 2277; x_wconf 85' lang='lat' dir='ltr'>debitum</span> <span class='ocrx_word' id='word_1_352' title='bbox 1319 2246 1456 2285; x_wconf 78' lang='lat' dir='ltr'>exigere</span> <span class='ocrx_word' id='word_1_353' title='bbox 1472 2254 1537 2275; x_wconf 89' lang='lat' dir='ltr'>non</span> <span class='ocrx_word' id='word_1_354' title='bbox 1551 2248 1701 2284; x_wconf 91' lang='lat' dir='ltr'>oportet.</span> 
     </span>
    </p>

    <p class='ocr_par' dir='ltr' id='par_1_25' title="bbox 1037 2294 1746 2793">
     <span class='ocr_line' id='line_1_62' title="bbox 1083 2294 1745 2337; baseline -0.005 -10"><span class='ocrx_word' id='word_1_355' title='bbox 1083 2299 1121 2327; x_wconf 91' lang='grc'>11</span> <span class='ocrx_word' id='word_1_356' title='bbox 1149 2297 1234 2332; x_wconf 83' lang='lat' dir='ltr'>Quid</span> <span class='ocrx_word' id='word_1_357' title='bbox 1266 2297 1371 2337; x_wconf 81' lang='lat' dir='ltr'>loquar</span> <span class='ocrx_word' id='word_1_358' title='bbox 1407 2295 1555 2335; x_wconf 82' lang='lat' dir='ltr'>Alciden]</span> <span class='ocrx_word' id='word_1_359' title='bbox 1601 2294 1745 2325; x_wconf 86' lang='lat' dir='ltr'>Herculi</span> 
     </span>
     <span class='ocr_line' id='line_1_63' title="bbox 1041 2344 1742 2387; baseline -0.004 -9"><span class='ocrx_word' id='word_1_360' title='bbox 1041 2347 1204 2387; x_wconf 86' lang='lat' dir='ltr'>templum</span> <span class='ocrx_word' id='word_1_361' title='bbox 1223 2347 1356 2378; x_wconf 81' lang='lat' dir='ltr'>erexit:</span> <span class='ocrx_word' id='word_1_362' title='bbox 1382 2351 1416 2377; x_wconf 79' lang='lat' dir='ltr'>et</span> <span class='ocrx_word' id='word_1_363' title='bbox 1431 2345 1552 2376; x_wconf 89' lang='lat' dir='ltr'>Phoebi</span> <span class='ocrx_word' id='word_1_364' title='bbox 1569 2344 1670 2383; x_wconf 88' lang='lat' dir='ltr'>forte,</span> <span class='ocrx_word' id='word_1_365' title='bbox 1695 2346 1742 2375; x_wconf 80' lang='lat' dir='ltr'>sic</span> 
     </span>
     <span class='ocr_line' id='line_1_64' title="bbox 1041 2395 1746 2437; baseline -0.006 -8"><span class='ocrx_word' id='word_1_366' title='bbox 1041 2399 1192 2429; x_wconf 83' lang='lat' dir='ltr'>Castoris</span> <span class='ocrx_word' id='word_1_367' title='bbox 1205 2404 1240 2429; x_wconf 82' lang='lat' dir='ltr'>et</span> <span class='ocrx_word' id='word_1_368' title='bbox 1262 2397 1414 2428; x_wconf 77' lang='lat' dir='ltr'>Pollucis</span> <span class='ocrx_word' id='word_1_369' title='bbox 1437 2397 1601 2437; x_wconf 84' lang='lat' dir='ltr'>ternplum</span> <span class='ocrx_word' id='word_1_370' title='bbox 1628 2395 1746 2426; x_wconf 83' lang='lat' dir='ltr'>incen-</span> 
     </span>
     <span class='ocr_line' id='line_1_65' title="bbox 1040 2446 1741 2480; baseline -0.007 0"><span class='ocrx_word' id='word_1_371' title='bbox 1040 2449 1096 2480; x_wconf 92' lang='lat' dir='ltr'>dio</span> <span class='ocrx_word' id='word_1_372' title='bbox 1122 2449 1311 2479; x_wconf 87' lang='lat' dir='ltr'>absumtum</span> <span class='ocrx_word' id='word_1_373' title='bbox 1342 2447 1505 2478; x_wconf 85' lang='lat' dir='ltr'>restituit.</span> <span class='ocrx_word' id='word_1_374' title='bbox 1559 2446 1741 2476; x_wconf 84' lang='lat' dir='ltr'>Suetonius</span> 
     </span>
     <span class='ocr_line' id='line_1_66' title="bbox 1040 2498 1742 2539; baseline -0.003 -9"><span class='ocrx_word' id='word_1_375' title='bbox 1040 2501 1073 2531; x_wconf 94' lang='lat' dir='ltr'>in</span> <span class='ocrx_word' id='word_1_376' title='bbox 1101 2500 1294 2530; x_wconf 84' lang='lat' dir='ltr'>Domitiano</span> <span class='ocrx_word' id='word_1_377' title='bbox 1321 2509 1397 2539; x_wconf 85' lang='lat' dir='ltr'>cap.</span> <span class='ocrx_word' id='word_1_378' title='bbox 1425 2503 1455 2529; x_wconf 89' lang='lat'>5.</span> <span class='ocrx_word' id='word_1_379' title='bbox 1499 2500 1508 2515; x_wconf 90' lang='lat'>‘</span> <span class='ocrx_word' id='word_1_380' title='bbox 1527 2498 1679 2529; x_wconf 84' lang='lat' dir='ltr'>Plurima</span> <span class='ocrx_word' id='word_1_381' title='bbox 1707 2502 1742 2528; x_wconf 89' lang='lat' dir='ltr'>et</span> 
     </span>
     <span class='ocr_line' id='line_1_67' title="bbox 1040 2548 1742 2591; baseline -0.003 -10"><span class='ocrx_word' id='word_1_382' title='bbox 1040 2550 1244 2591; x_wconf 82' lang='lat' dir='ltr'>amplissima</span> <span class='ocrx_word' id='word_1_383' title='bbox 1275 2549 1432 2580; x_wconf 84' lang='lat' dir='ltr'>incendio</span> <span class='ocrx_word' id='word_1_384' title='bbox 1459 2548 1613 2579; x_wconf 77' lang='lat' dir='ltr'>absumta</span> <span class='ocrx_word' id='word_1_385' title='bbox 1644 2549 1742 2579; x_wconf 88' lang='lat' dir='ltr'>resti—</span> 
     </span>
     <span class='ocr_line' id='line_1_68' title="bbox 1037 2600 1740 2641; baseline -0.003 -9"><span class='ocrx_word' id='word_1_386' title='bbox 1037 2601 1126 2640; x_wconf 85' lang='lat' dir='ltr'>tuit,&#39;</span> <span class='ocrx_word' id='word_1_387' title='bbox 1157 2601 1286 2641; x_wconf 87' lang='lat' dir='ltr'>templa</span> <span class='ocrx_word' id='word_1_388' title='bbox 1315 2609 1448 2640; x_wconf 82' lang='lat' dir='ltr'>nempe.</span> <span class='ocrx_word' id='word_1_389' title='bbox 1492 2600 1643 2630; x_wconf 87' lang='lat' dir='ltr'>Laconas</span> <span class='ocrx_word' id='word_1_390' title='bbox 1666 2600 1740 2640; x_wconf 89' lang='lat' dir='ltr'>pios</span> 
     </span>
     <span class='ocr_line' id='line_1_69' title="bbox 1037 2649 1737 2692; baseline -0.003 -10"><span class='ocrx_word' id='word_1_391' title='bbox 1037 2651 1137 2689; x_wconf 79' lang='lat' dir='ltr'>dixit,</span> <span class='ocrx_word' id='word_1_392' title='bbox 1148 2650 1238 2692; x_wconf 91' lang='lat' dir='ltr'>quod</span> <span class='ocrx_word' id='word_1_393' title='bbox 1255 2651 1378 2682; x_wconf 85' lang='lat' dir='ltr'>Castor</span> <span class='ocrx_word' id='word_1_394' title='bbox 1394 2654 1429 2681; x_wconf 87' lang='lat' dir='ltr'>et</span> <span class='ocrx_word' id='word_1_395' title='bbox 1443 2649 1567 2680; x_wconf 84' lang='lat' dir='ltr'>Pollux</span> <span class='ocrx_word' id='word_1_396' title='bbox 1582 2650 1737 2681; x_wconf 85' lang='lat' dir='ltr'>Lacoenae</span> 
     </span>
     <span class='ocr_line' id='line_1_70' title="bbox 1038 2700 1737 2733; baseline -0.001 -1"><span class='ocrx_word' id='word_1_397' title='bbox 1038 2701 1140 2732; x_wconf 82' lang='lat' dir='ltr'>Ledae</span> <span class='ocrx_word' id='word_1_398' title='bbox 1154 2700 1213 2731; x_wconf 85' lang='lat' dir='ltr'>filii</span> <span class='ocrx_word' id='word_1_399' title='bbox 1232 2701 1425 2732; x_wconf 82' lang='lat' dir='ltr'>alternatim</span> <span class='ocrx_word' id='word_1_400' title='bbox 1448 2701 1573 2733; x_wconf 87' lang='lat' dir='ltr'>vivant.</span> <span class='ocrx_word' id='word_1_401' title='bbox 1620 2701 1672 2732; x_wconf 89' lang='lat' dir='ltr'>De</span> <span class='ocrx_word' id='word_1_402' title='bbox 1688 2701 1737 2732; x_wconf 88' lang='lat' dir='ltr'>his</span> 
     </span>
     <span class='ocr_line' id='line_1_71' title="bbox 1037 2763 1150 2793; baseline 0.009 -10"><span class='ocrx_word' id='word_1_403' title='bbox 1037 2763 1150 2793; x_wconf 86' lang='lat' dir='ltr'>supra.</span> 
     </span>
    </p>

    <p class='ocr_par' dir='ltr' id='par_1_26' title="bbox 1081 2806 1735 2848">
     <span class='ocr_line' id='line_1_72' title="bbox 1081 2806 1735 2848; baseline 0.017 -12"><span class='ocrx_word' id='word_1_404' title='bbox 1081 2807 1119 2836; x_wconf 81' lang='lat'>12</span> <span class='ocrx_word' id='word_1_405' title='bbox 1145 2806 1266 2846; x_wconf 84' lang='lat' dir='ltr'>Templa</span> <span class='ocrx_word' id='word_1_406' title='bbox 1281 2807 1363 2848; x_wconf 85' lang='lat' dir='ltr'>polo]</span> <span class='ocrx_word' id='word_1_407' title='bbox 1402 2810 1487 2844; x_wconf 82' lang='lat' dir='ltr'>Quae</span> <span class='ocrx_word' id='word_1_408' title='bbox 1509 2813 1654 2846; x_wconf 86' lang='lat' dir='ltr'>culmine</span> <span class='ocrx_word' id='word_1_409' title='bbox 1671 2825 1735 2847; x_wconf 78' lang='lat' dir='ltr'>coe-</span> 
     </span>
    </p>
   </div>
  </div>
 </body>
</html>
