1893 3225
234 220 319 261 554
708 230 758 259 M.
792 230 904 260 vAi..
942 230 1221 260 niARTiALls

232 325 377 366 Parva
397 325 525 366 dabis
546 337 666 375 caro,
688 325 765 366 sed
788 325 937 366 dulcia
958 325 1075 366 dona
1096 324 1265 366 sodali:
1669 324 1696 363 5

289 393 458 434 Certior
479 393 524 433 in
545 398 697 434 nostro
716 395 908 434 carmine
931 394 1082 434 vultus
1104 395 1198 433 erit.

230 461 424 502 Casibus
444 461 514 502 hic
530 461 679 511 nullis,
702 462 834 502 nullis
858 461 1060 501 delebilis
1083 462 1213 501 annis

286 528 438 578 Vivet,
460 527 701 583 Apelleum
723 542 821 569 cum
842 528 1056 568 morietur
1077 540 1208 580 opus,

226 633 290 663 haec
306 632 371 662 loca
395 631 525 662 devictis
549 631 680 671 populis,
727 630 867 661 Donabis
881 630 994 660 dilecto
1007 628 1087 659 socio
1104 629 1222 668 exigua
1247 638 1388 667 munera,
1413 633 1445 660 at
1455 633 1570 669 grata:
1593 630 1694 660 nullus

227 676 288 706 erit
300 674 415 705 certior
427 675 459 703 in
470 677 573 704 nostro
584 684 683 704 versu.
729 673 794 704 Hic
820 673 899 703 rivet
918 673 1013 702 nullis
1028 673 1159 712 casibus,
1175 682 1229 703 nec
1242 673 1312 703 ullis
1335 674 1426 703 annis
1449 673 1599 711 delebilis,
1624 683 1691 703 cnm

227 717 342 757 peribit
357 727 430 757 opus
445 717 574 757 Apellis.

839 767 1077 779 eeeeeeeeeeee

223 813 380 850 jacentem
408 814 440 844 in
468 813 665 844 eodem—S
695 812 786 843 Vivet
811 813 1003 853 Appelloeum
1026 811 1123 844 Junt.
1152 820 1206 842 au.
1236 813 1330 842 1512.
1383 810 1475 842 Vivet
1500 811 1696 851 Apollineum

231 856 341 887 codex
360 856 553 887 Pulmauni.

892 896 1033 928 NOTAE

269 970 289 995 6
315 965 440 996 Certior
460 965 492 995 in
507 964 627 1004 nostro]
652 964 730 995 Hoc
748 968 818 994 est:
843 964 930 993 vor-
1028 965 1047 993 8
1079 960 1256 1002 Apelleum]
1294 961 1422 992 Vivent
1458 960 1525 992 mei
1552 961 1694 1001 Versus,

225 1017 316 1047 sibus
333 1017 417 1047 meis
434 1016 553 1046 melius
570 1025 669 1056 quam
684 1015 751 1045 ullo
770 1014 929 1055 penicillo
987 1023 1064 1044 cum
1081 1022 1186 1053 opera
1199 1011 1332 1052 Apellis
1345 1012 1485 1052 pictoris
1498 1011 1698 1043 nobilissimi

225 1066 440 1106 exprimetur
457 1076 531 1097 mea
549 1066 671 1105 imago.
986 1064 1162 1105 peribunt.
1198 1064 1250 1095 De
1276 1072 1343 1103 quo
1357 1061 1488 1093 Plinius
1504 1061 1563 1094 lib.
1580 1070 1698 1094 xxxv.

267 1120 288 1147 7
312 1117 394 1157 Hic]
418 1117 459 1147 In
490 1116 573 1147 meis
591 1114 806 1146 Carminibus
829 1115 931 1146 nullis
986 1124 1064 1155 cap.
1080 1118 1132 1146 10.

226 1168 359 1199 casibus
375 1168 521 1199 obnoxia
537 1166 605 1198 erit
621 1167 743 1206 imago.

824 1262 1086 1304 LXXXV.

766 1354 795 1383 A
807 1353 833 1382 D
869 1352 1155 1383 SABELLUM.

226 1421 374 1472 QUOD
396 1434 483 1462 non
504 1420 670 1461 insulse
692 1420 849 1461 scribis
871 1420 1094 1460 tetrastica
1116 1433 1174 1473 qu
1185 1420 1346 1470 aedam,

284 1488 494 1530 Disticha
514 1488 630 1542 quod
647 1489 761 1529 belle
783 1501 948 1542 pauca,
972 1487 1165 1537 Sabelle,
1189 1488 1330 1539 f'acis;

227 1556 401 1606 Laudo,
418 1570 500 1597 nec
523 1556 738 1597 admiror:
770 1556 903 1597 facile
925 1559 993 1596 est
1014 1555 1351 1609 Epigrammata
1369 1555 1483 1596 belle

283 1624 510 1665 Scribere:
543 1623 622 1664 sed
646 1624 807 1664 librum
828 1623 1034 1674 scribere,
1057 1621 1235 1663 difficile
1257 1626 1336 1664 est.

272 1724 304 1755 O
322 1724 455 1763 Sabelle,
471 1725 575 1764 laudo,
589 1735 644 1755 nec
659 1724 811 1762 admiror,
823 1726 903 1764 qnod
915 1735 973 1755 mm
984 1725 1088 1765 inepte
1098 1724 1252 1764 componis
1263 1724 1400 1764 quoedam
1412 1723 1608 1762 tetrasticha,
1621 1726 1700 1766 quod

226 1768 301 1799 bene
331 1768 437 1798 condis
457 1777 559 1807 pauca
584 1767 729 1798 disticha.
776 1767 871 1798 Nihil
892 1768 1014 1806 negotii
1029 1771 1075 1798 est
1091 1767 1164 1798 bene
1179 1776 1356 1806 componere
1380 1766 1641 1807 Epigrammata,·
1665 1771 1699 1798 at

230 1820 389 1851 operosum
401 1814 446 1841 est
463 1819 639 1850 componere
655 1810 800 1842 libellum.

864 1862 1080 1874 eeeeeeeeee

267 1908 286 1936 3
324 1905 393 1937 Pro
426 1906 669 1946 Epigrammata
701 1905 788 1943 belle,
815 1904 1008 1936 Scriverius
1041 1904 1223 1945 legendum
1252 1909 1371 1946 putat:
1396 1904 1616 1946 Epigramma,
1639 1904 1699 1936 Sa-

226 1949 310 1980 belle.

883 1990 916 2022 N
923 1989 1033 2022 0¹1*AE

318 2054 381 2085 Sed
401 2054 529 2095 librum]
552 2054 592 2085 ln
609 2064 676 2096 quo
693 2064 816 2095 nempe
832 2053 938 2086 confi·
994 2063 1037 2095 go
1053 2054 1181 2096 ingenii
1197 2054 1293 2087 fonte
1307 2065 1390 2097 opus
1405 2060 1471 2087 est.

224 2105 347 2137 ciendo
362 2114 483 2146 magna
495 2115 607 2137 rerum
620 2106 789 2137 varietate
803 2110 838 2137 et
857 2106 923 2136 lar·

811 2216 1106 2258 LXXXVI.

767 2310 830 2340 ΙΝ
884 2311 1157 2341 SEXTUM.

396 2378 474 2420 AD
496 2379 724 2420 natalitias
747 2379 886 2433 dapes
909 2380 1117 2431 vocabar,

396 2446 551 2487 Essem
575 2460 677 2488 cum
698 2447 793 2497 tibi,
817 2447 970 2498 Sexte,
993 2461 1080 2489 non
1105 2448 1289 2490 amicus.

267 2547 298 2577 O
326 2546 435 2587 Sexte,
460 2557 529 2579 cum
542 2556 604 2578 non
627 2549 733 2578 uterer
759 2550 791 2578 te
811 2546 1039 2590 familiariter,
1053 2548 1213 2580 invitabar
1239 2550 1280 2580 ad
1305 2548 1477 2581 convivium
1503 2550 1694 2584 natalitium.

883 2624 1024 2656 NOTAE

270 2691 285 2719 1
314 2687 363 2718 Ad
378 2686 557 2727 natalitias]
583 2687 746 2718 Natalem
774 2686 864 2718 diem
880 2697 931 2719 so·
986 2694 1051 2729 tos,
1074 2699 1094 2721 a
1122 2689 1243 2732 quibus
1269 2690 1402 2724 scilicet
1430 2700 1573 2724 munera
1603 2691 1693 2724 acci-

223 2738 316 2771 lenni
342 2737 498 2769 convivio
524 2737 749 2769 celebrabant
784 2739 931 2780 antiqui,
984 2744 1097 2781 peret.

225 2789 268 2822 ad
285 2788 376 2831 quod
399 2788 464 2820 iste
492 2788 618 2821 Sextus
644 2787 814 2821 invitabat
835 2789 929 2830 igno-
