1893 3225
600 242 1001 272 lzi’lcitAMtuA'rt'xl
1042 242 1134 271 [ΑΒ.
1169 242 1262 271 ΧΗ.
1569 230 1655 270 873

207 341 307 381 Non
327 346 469 382 tamen
489 341 655 394 hospes
678 341 777 390 cris,
801 353 880 379 uec
896 339 990 392 jam
1014 344 1140 391 potes
1162 339 1333 378 advena
1355 337 1461 386 dici,
1627 349 1655 376 υ

261 408 399 462 Cujus
422 409 552 450 habet
571 408 727 449 fratres
748 412 813 447 tot
833 406 990 446 domus
1012 406 1102 446 alta
1124 406 1268 446 Remi.

202 477 227 518 J
236 490 308 517 ure
331 482 406 517 tuo
428 476 672 518 veneranda
693 476 794 516 novi
819 479 919 527 pete
939 474 1091 514 limina
1114 474 1282 527 templi,

260 544 454 585 Reddita
476 544 620 585 Pierio
638 546 738 584 sunt
759 543 836 583 ubi
859 541 1024 595 templa
1048 540 1196 582 choro.

203 612 288 654 Vel
308 614 346 653 si
364 613 583 662 malueris,
604 612 744 666 prima
761 610 962 663 gradiere
985 609 1189 651 Subura:

259 679 387 721 Atria
407 685 505 721 sunt
522 680 612 720 illic
634 679 831 720 consulis
853 679 946 719 alta
967 678 1066 719 mei.
1603 678 1656 717 10

204 747 460 801 Laurigeros
481 748 647 790 habitat
663 747 880 788 facundus
903 746 1040 788 Stella
1065 746 1265 795 Penates,

260 816 416 857 Clarus
438 816 656 870 Hyanteae
677 815 815 856 Stella
831 814 972 855 sititor
993 826 1141 867 aquae.

205 885 324 926 Fons
346 884 407 925 ibi
429 883 648 925 Castalius
668 884 808 925 vitreo
828 886 1016 924 torrente
1038 881 1252 936 superbit,

261 952 391 993 Unde
412 965 570 992 novem
594 951 794 992 dominas
817 963 939 1004 saepe
957 950 1125 991 bibisse
1144 949 1301 990 ferunt.

204 1021 283 1062 Ille
304 1020 426 1061 dabit
448 1020 630 1073 populo,
650 1020 959 1073 patribusque,
982 1018 1204 1072 equitique
1224 1017 1474 1071 legendum,
1606 1017 1658 1056 15

260 1087 356 1129 Nec
377 1089 558 1129 nimium
578 1089 709 1129 siccis
729 1087 922 1142 perleget
943 1086 1040 1140 ipse
1061 1086 1198 1140 genis.

203 1155 326 1206 Quid
347 1156 523 1198 titulum
545 1156 730 1210 poscis?
763 1168 919 1196 versus
941 1154 1030 1195 duo
1053 1160 1200 1194 tresve
1221 1153 1430 1207 legantur,

259 1223 520 1265 Clamabunt
543 1236 695 1265 omnes
716 1227 772 1273 te,
793 1222 919 1272 liber,
939 1234 1038 1263 esse
1059 1235 1217 1263 meum.

201 1345 314 1376 Manes
333 1344 461 1384 patrios.
509 1344 722 1375 Nihilominus
741 1353 801 1374 non
816 1343 879 1374 eris
900 1346 1059 1382 externus,
1081 1352 1135 1374 nec
1148 1342 1219 1381 jum
1234 1342 1298 1374 dici
1311 1346 1399 1383 potes
1419 1343 1550 1382 adrem,
1574 1342 1660 1381 cujus

201 1392 245 1418 tot
260 1391 334 1418 sunt
340 1388 464 1426 fratres
478 1388 509 1418 in
525 1388 664 1428 superbis
678 1386 796 1418 cedibus
812 1386 918 1418 Remi.
963 1386 1045 1417 Jure
1059 1389 1111 1416 tuo
1126 1386 1179 1417 adi
1190 1387 1315 1417 colenda
1331 1386 1439 1416 limina
1455 1387 1527 1417 novi
1544 1385 1662 1425 templi,

201 1430 253 1461 ubi
268 1432 381 1471 templa
396 1435 467 1462 sunt
483 1432 632 1462 restituta
647 1430 737 1461 choro
754 1430 874 1460 Pierio.
925 1428 982 1459 Vel
997 1429 1025 1459 si
1041 1428 1177 1468 libuerit,
1194 1429 1255 1460 ibis
1268 1429 1371 1469 prima
1387 1429 1530 1459 Subura:
1554 1429 1597 1459 ibi
1614 1433 1660 1460 est

200 1473 330 1512 superba
343 1475 448 1504 domus
458 1474 516 1504 mei
526 1474 670 1504 consulis.
714 1472 813 1502 Stella
825 1472 958 1502 disertus
974 1471 1095 1502 habitat
1109 1473 1190 1503 oedes
1205 1472 1392 1510 laurigeras,
1406 1472 1541 1511 insignis
1558 1472 1661 1502 Stella

200 1517 307 1546 sititor
322 1526 410 1556 aquoe
426 1516 588 1554 Hianteae,
609 1516 660 1546 ubi
687 1515 932 1552 Castaliussons
947 1514 1086 1553 superbit
1102 1515 1212 1545 vitreis
1226 1516 1328 1554 aquiS,
1351 1516 1432 1546 unde
1450 1524 1530 1554 scepe
1547 1515 1658 1545 bibisse

200 1558 346 1589 dicuntur
360 1569 465 1590 not-em
480 1559 621 1589 dominae.
670 1558 729 1589 Ille
753 1558 840 1588 dabit
857 1561 891 1587 te
909 1557 1071 1596 legendum
1083 1558 1207 1597 populo,
1229 1561 1261 1587 et
1275 1557 1430 1597 patribus,
1451 1560 1481 1588 et
1497 1557 1665 1598 equitibus,

201 1605 231 1632 et
246 1602 312 1641 ipse
323 1603 462 1641 perleget
484 1603 575 1641 genis
588 1611 648 1632 non
663 1600 794 1631 nimium
810 1600 911 1631 siccis.
960 1599 1044 1634 Quid
1068 1600 1151 1639 petis
1173 1601 1298 1631 titulum
1310 1598 1326 1631 2
1349 1599 1512 1640 Legamur
1533 1602 1593 1631 duo
1607 1603 1661 1630 uzu

200 1648 265 1676 tres
278 1654 399 1676 tersus:
423 1655 442 1676 o
454 1645 543 1684 liber,
565 1643 739 1675 clamabunt
756 1652 860 1675 omnes
876 1646 906 1674 te
921 1652 984 1674 esse
999 1651 1109 1674 meum.

811 1727 1046 1740 eeeeeeeeeeee

203 1786 221 1814 7
245 1785 254 1800 ‘
268 1783 408 1824 Corrigo
423 1784 532 1815 limina
548 1784 641 1815 tecti.-
664 1784 743 1824 quia
768 1782 965 1823 templajam
982 1781 1080 1813 dedit
1094 1792 1142 1813 vs.
1160 1782 1326 1823 proximo.
1364 1782 1476 1813 Mavis
1494 1786 1530 1813 tu
1547 1787 1662 1813 tamen

206 1826 354 1857 retinere
378 1827 487 1857 limina
510 1826 631 1866 templi,
656 1835 718 1866 per
735 1835 787 1856 me
812 1825 954 1864 licebit;
977 1825 1077 1855 modo
1093 1835 1141 1855 vs.
1158 1835 1207 1866 sq.
1225 1835 1285 1864 pro
1310 1827 1434 1865 templa,
1451 1825 1541 1865 legas
1558 1825 1664 1856 tecta!

204 1870 258 1900 De
282 1870 478 1910 Rooy.-—l·2
502 1870 634 1899 ‘Toties
650 1869 820 1908 totiesque
841 1869 968 1907 monui,
982 1872 1020 1898 ut
1035 1867 1205 1899 scribatur
1221 1868 1371 1906 Iantheoe,
1395 1866 1536 1906 Ἰάνθιος,
1552 1868 1663 1908 inquit

204 1912 413 1943 Scriverius:
438 1917 475 1943 at
499 1912 556 1942 ille
572 1911 713 1942 fallitur.
739 1911 897 1951 Hyantem
913 1910 1051 1950 scripsit
1073 1910 1270 1942 Martialis.'
1297 1911 1435 1943 Gronov.
1470 1911 1558 1942 Edd.
1576 1916 1660 1941 vett.

197 1956 412 1994 petum—13
445 1954 604 1994 Superbus
638 1953 930 1985 Beverland.—14
957 1953 1074 1984 ferant
1102 1953 1292 1985 idem-16
1315 1954 1380 1985 Iste
1405 1954 1438 1985 in
1463 1964 1575 1995 marg.
1604 1953 1657 1984 ed.

202 1998 323 2039 Langii
337 1998 418 2030 Par.
435 2000 532 2029 1617.
547 1998 610 2028 ista
626 1997 834 2028 Beverland.

858 2069 998 2103 NOTAE

243 2140 264 2169 6
279 2137 375 2177 Cujus
383 2136 617 2177 habetsratres]
635 2137 749 2168 Romae
764 2136 903 2178 quippe,

200 2198 299 2229 quam
314 2189 411 2220 Remi
428 2189 563 2220 domum
579 2191 689 2227 vocat,
706 2186 903 2228 praeceden-

200 2245 252 2270 tes
277 2239 379 2271 libros
405 2239 614 2280 scripserat:
647 2238 762 2269 Romae
788 2242 903 2268 autem

201 2291 343 2331 triginta
368 2296 404 2323 et
430 2296 577 2332 quatuor
594 2289 690 2321 annis
717 2293 904 2326 manserat,

204 2341 261 2373 lib.
277 2351 313 2373 x.
329 2342 431 2384 Epig.
452 2344 522 2373 104.

248 2396 267 2424 8
291 2393 428 2424 Reddita
445 2391 566 2432 Pierio]
600 2391 643 2423 In
671 2391 799 2433 palatio
827 2391 903 2422 Mn-

202 2454 314 2476 sarum
339 2448 440 2484 atque
467 2442 637 2484 Apollinis
659 2442 824 2482 templum
847 2451 905 2473 ex-

203 2496 370 2527 citaverat
384 2493 572 2534 Augustus,
589 2493 644 2525 ubi
661 2493 808 2534 probata
824 2493 903 2534 poe'-

203 2550 314 2576 tarum
349 2543 477 2583 scripta
513 2543 778 2583 reponebantur,
815 2543 903 2584 quod

205 2596 322 2627 Nerva
357 2593 480 2625 deinde
512 2593 663 2625 restituit
691 2594 725 2624 in
760 2594 903 2634 gratiam

203 2647 295 2679 chori
308 2645 414 2678 Pierii
430 2655 489 2676 seu
503 2645 690 2685 Musarum,
704 2650 740 2677 et
755 2646 905 2687 ipsorum

203 2698 306 2729 etiam
323 2696 515 2737 poetarum.

245 2751 266 2779 9
289 2747 399 2778 Prima
428 2744 567 2785 Subura]
611 2745 653 2777 In
683 2745 780 2785 cujus
809 2745 906 2777 aditu

202 2798 378 2830 habitabat
393 2797 513 2836 Stella,
539 2796 582 2828 de
601 2806 666 2838 quo
684 2797 744 2828 lib.
759 2806 783 2828 1.
808 2796 906 2838 Epig.

962 2137 994 2166 8.
1033 2135 1088 2166 De
1111 2134 1205 2166 fonte
1222 2133 1397 2166 Ianthidos
1424 2134 1501 2165 vide
1522 2135 1580 2167 lib.
1598 2145 1663 2167 vir.

961 2185 1062 2226 Epig.
1090 2189 1143 2218 50.
1168 2191 1203 2217 et
1220 2189 1272 2217 14.
1289 2191 1325 2217 et
1340 2185 1397 2216 lib.
1416 2195 1467 2217 vr.
1493 2186 1594 2226 Epig.
1609 2189 1664 2217 47.

963 2237 1155 2269 Gronovius
1170 2237 1346 2270 contendit
1358 2237 1577 2268 scribendum
1590 2247 1666 2269 esse

961 2288 1132 2329 Hyanteae,
1156 2295 1192 2320 ut
1208 2288 1370 2320 scribitur
1390 2288 1493 2319 etiam
1515 2288 1549 2319 in
1577 2289 1662 2319 anti-

960 2340 1035 2380 quis
1066 2339 1262 2371 codicibus:
1308 2339 1470 2380 Hyantea
1490 2349 1589 2381 aqua,
1614 2340 1663 2370 in-

960 2391 1047 2432 quit,
1075 2395 1128 2421 est
1158 2390 1248 2421 unda
1278 2389 1436 2421 Castalis.
1482 2388 1664 2427 Ausonius,

960 2445 967 2458 ‘
988 2440 1149 2482 Hyantea
1164 2440 1373 2481 Aganippe.'
1415 2440 1540 2479 Statio,
1564 2441 1572 2456 ‘
1592 2440 1662 2480 Hy-

960 2497 1070 2523 anteae
1087 2491 1243 2530 sorores‚'
1258 2493 1324 2523 &c.

1003 2546 1042 2574 14
1061 2543 1180 2573 Novem
1194 2542 1350 2583 dominas]
1368 2542 1482 2573 Musas
1496 2542 1662 2581 intellige.

1003 2597 1044 2626 16
1068 2594 1135 2625 Nec
1149 2593 1280 2624 nimium
1294 2592 1399 2632 siccis]
1438 2593 1516 2623 Prae
1534 2591 1664 2622 deside-

960 2646 1011 2678 rio
1028 2645 1094 2676 mei
1110 2643 1220 2675 flebit.

1004 2698 1043 2726 17
1069 2695 1153 2731 Quid
1169 2693 1311 2733 titulum]
1347 2693 1424 2725 Hoc
1452 2697 1516 2731 est,
1538 2701 1661 2723 nomen

961 2745 1127 2778 auctoris.
