1893 3225
519 241 921 274 EPlGRAMMA'rL'M
956 242 1047 272 Lm.
1079 242 1149 273 lx.
1487 231 1570 274 691

734 433 949 475 LXXII.

548 524 610 553 DE
645 522 808 552 LEONE
843 523 902 552 m*
936 523 1135 553 AROETE.

122 590 202 632 MA
213 601 352 634 SSYLI
375 592 444 633 leo
466 591 578 633 fama
594 592 705 646 jugi,
729 593 990 645 pecorisque
1014 593 1197 633 maritus

179 658 396 713 Lanigeri,
416 660 585 709 mirum,
608 672 695 712 qua
716 660 859 699 coiere
881 659 981 699 fide.

122 725 227 780 Ipse
247 727 353 768 licet
374 728 544 777 videas,
567 741 703 769 cavea
725 728 995 768 stabulantur
1016 728 1061 768 in
1080 740 1182 777 una,

180 794 237 834 Et
256 795 417 848 pariter
437 796 580 836 socias
602 796 744 848 carpit
764 799 943 849 uterque
967 796 1120 848 dapes.

124 860 221 902 Nec
243 861 353 902 foetu
374 875 600 903 nemorum
622 863 825 915 gaudent,
846 876 925 904 nec
947 864 1128 903 mitibus
1148 862 1320 904 herbis:
1539 876 1567 902 o

181 928 451 970 Concordem
471 931 604 971 satiat
625 932 699 971 sed
722 931 838 971 rudis
861 945 972 983 agna
990 931 1165 972 samem.

124 994 246 1045 Quid
267 998 423 1039 meruit
443 1002 575 1038 terror
597 999 800 1049 Nemees,
824 1000 928 1052 quid
952 1000 1149 1052 proditor
1171 998 1343 1047 Helles,

179 1062 241 1104 Ut
260 1065 430 1105 niteant
451 1066 556 1106 celsi
576 1066 726 1108 lucida
748 1069 868 1118 signa
890 1068 1014 1119 poli?

123 1130 276 1171 Sidera
298 1132 336 1172 si
357 1137 543 1185 possent
563 1135 840 1187 pecudesque
862 1135 1049 1188 feraeque
1070 1134 1239 1182 mereri,

186 1198 272 1239 Hic
296 1199 408 1241 aries
429 1201 578 1251 astris,
599 1202 667 1242 hic
689 1202 759 1242 leo
783 1203 936 1254 dignus
957 1209 1064 1243 erat.
1511 1199 1567 1238 10

166 1311 227 1341 Leo
250 1311 341 1341 decus
354 1312 500 1342 montium
516 1312 687 1352 Massylioe‚
703 1316 733 1343 et
749 1314 797 1344 ιίι·
811 1313 929 1353 pecoris
943 1312 1089 1352 lanigeri,
1110 1311 1236 1348 mirum,
1259 1319 1317 1350 qua
1334 1309 1403 1350 fide
1417 1318 1572 1339 consense-

122 1356 206 1384 runt.
253 1353 324 1392 Ipse
333 1357 420 1394 potes
432 1360 578 1394 spectate,
592 1359 620 1384 st
624 1355 787 1386 obulorum·
800 1357 831 1386 in
848 1366 908 1385 ιιηιι
924 1366 1028 1391 cat-‚ea
1050 1359 1077 1385 et
1094 1355 1185 1385 simul
1204 1357 1330 1392 uterque
1350 1351 1484 1382 vescitur
1494 1362 1572 1381 com-

122 1396 209 1426 muni
222 1395 298 1426 cibo.
343 1397 411 1427 Nec
426 1398 572 1428 loetantw
578 1398 660 1435 joetu
675 1400 841 1438 sylvarum,
858 1408 912 1428 nec
926 1398 1051 1429 mitibus
1064 1397 1185 1428 herbis.-
1209 1399 1242 1426 at
1257 1395 1344 1426 rudis
1357 1404 1438 1434 agua
1450 1397 1572 1424 saturat

116 1437 220 1486 feram
249 1440 435 1470 concordem.
484 1441 567 1474 Quid
596 1441 708 1470 meruit
734 1446 834 1471 ten-10⁷
862 1441 1004 1478 Names,
1027 1441 1099 1481 quid
1120 1440 1255 1479 portitor
1270 1438 1392 1474 Helles
1416 1440 1448 1466 ut
1471 1437 1572 1467 lucida

122 1481 212 1520 signa
228 1482 286 1512 alti
299 1483 365 1512 coeli
377 1481 578 1522 splendeant?
601 1483 637 1513 δι’
648 1485 757 1523 pecud
755 1494 776 1514 s
799 1487 828 1514 et
843 1483 925 1521 ferae
937 1487 1060 1523 possent
1077 1482 1189 1514 mereri
1203 1485 1301 1521 astra,
1313 1480 1363 1511 hic
1374 1481 1453 1510 arz‘es
1469 1484 1571 1520 atque

125 1524 176 1553 hic
190 1524 235 1555 leo
250 1524 339 1562 digni
352 1528 439 1555 erant
453 1526 616 1556 sideribus.

733 1578 788 1588 Νι
794 1578 965 1589 ‘vce-emo

170 1633 190 1661 2
225 1631 359 1662 Posuere
387 1631 419 1662 in
447 1632 525 1662 edd.
544 1636 628 1662 vett.
633 1635 695 1662 -6
718 1631 824 1662 Sociat
843 1631 1065 1662 Pulmannns.
1089 1631 1203 1662 Feram
1226 1628 1308 1660 ΑΜ.
1337 1629 1435 1661 Junt.
1459 1627 1570 1658 Colin.

129 1672 260 1713 Gryph.
284 1674 416 1714 Langii,
435 1675 514 1705 Par.
532 1677 625 1706 1617.
648 1675 771 1715 Delph.
802 1674 954 1705 Famem
945 1674 1144 1713 :zer-siveriu,
1160 1671 1297 1703 Barbou
1318 1672 1399 1702 Par.
1413 1672 1506 1702 1754.
1508 1672 1570 1700 —7

130 1714 197 1746 Alii
219 1717 354 1756 portitor
365 1718 483 1749 Helles.

784 1770 922 1801 ΝΟΤἘ

170 1848 186 1876 1
213 1845 361 1887 Blassyli]
384 1846 500 1887 Libyae
528 1856 604 1887 pars
627 1851 681 1877 est
695 1847 825 1886 Massy-
877 1844 1077 1885 Aliilegunt
1091 1844 1199 1874 coiere.

127 1895 185 1934 lia,
212 1895 245 1926 in
261 1906 327 1936 qua
344 1903 420 1927 sunt
437 1897 551 1927 leones
568 1898 714 1937 ingentis
730 1907 822 1938 mag-
919 1898 936 1924 5
963 1893 1133 1933 Necfoetu]
1156 1892 1233 1923 Hoc
1250 1895 1314 1930 est,
1337 1901 1400 1922 nec
1418 1891 1472 1922 leo
1489 1890 1575 1921 desi·

128 1944 314 1976 nitndinis:
340 1945 397 1976 lib.
415 1955 498 1977 vm.
516 1947 616 1986 Epig.
635 1951 686 1978 55.
880 1944 978 1975 derat
994 1943 1096 1983 feras,
1121 1953 1185 1975 nec
1208 1943 1295 1974 aries
1317 1942 1438 1974 herbas
1456 1941 1576 1983 quibus

172 1996 355 2036 Pecorisque
380 1997 525 2037 maritus]
562 1997 660 2027 Aries
689 2007 821 2037 nempe.
880 1997 970 2027 vesci
985 1996 1084 2026 solet.

128 2047 185 2079 Sic
200 2047 362 2087 Virgilius
387 2048 503 2088 Eclog.
527 2057 592 2078 vn.
614 2049 622 2064 ‘
638 2048 697 2077 Vir
712 2049 822 2088 gregis
923 2052 943 2079 6
966 2048 1026 2079 Sed
1041 2048 1127 2079 rudis
1142 2046 1238 2087 agna]
1263 2045 1361 2078 Quod
1386 2046 1505 2076 mirum
1528 2046 1575 2076 vi-

129 2097 204 2138 ipse
220 2096 346 2136 cape&
363 2097 424 2127 8ὶο-
880 2099 993 2137 detur,
1011 2099 1149 2129 arietem
1168 2097 1298 2128 scilicet
1314 2105 1400 2136 agna
1416 2096 1517 2126 vesci.

173 2150 193 2177 2
209 2146 316 2177 Goiere
326 2145 578 2186 [Posuereffiine
595 2147 710 2178 addito
726 2148 826 2187 signi-
922 2152 939 2180 7
967 2150 1078 2180 Terror
1095 2148 1240 2189 Nemees]
1270 2146 1340 2177 Leo
1365 2145 1405 2176 ab
1424 2145 1575 2176 Hercule

129 2196 210 2228 sicat
233 2198 241 2214 ‘
254 2197 360 2228 sedati
378 2198 480 2236 sunt‚'
511 2200 572 2228 hoc
597 2203 662 2237 est,
689 2209 825 2229 consen·
879 2198 1094 2236 interfectus,
1109 2197 1150 2228 de
1168 2206 1233 2237 quo
1249 2195 1306 2226 lib.
1323 2205 1358 2226 v.
1376 2194 1474 2235 Epig.
1491 2198 1544 2226 65.

131 2251 257 2278 serunt.
300 2247 461 2287 Virgilius
476 2247 608 2279 AEneid.
626 2258 694 2280 vn.
718 2252 726 2265 ‘
741 2249 825 2279 Cum
925 2250 1009 2286 Quid
1023 2250 1163 2289 proditor
1176 2248 1341 2289 [portitor]
1365 2247 1493 2288 Phryxi
1513 2246 1575 2278 ari„

134 2297 226 2329 venti
264 2297 429 2338 posuere,’
467 2300 531 2329 &cu
569 2308 690 2339 nempe
728 2299 824 2330 iram.
880 2309 927 2340 es,
943 2299 985 2331 de
1001 2310 1066 2342 quo
1083 2300 1141 2331 lib.
1156 2308 1238 2330 vru.
1256 2299 1356 2340 Epig.
1373 2302 1426 2333 51.

727 2464 968 2506 LXXIII.

660 2553 688 2583 A
708 2555 736 2583 D
773 2553 1055 2584 LiBERUM.

138 2620 312 2668 LIBER,
335 2618 562 2674 Amyclaea
580 2621 763 2661 frontem
783 2622 938 2662 vittate
960 2633 1138 2670 corona,

195 2686 284 2737 Qui
307 2687 454 2739 quatis
475 2686 671 2728 Ausonia
690 2689 869 2728 verbera
885 2687 1021 2728 Graia
1040 2700 1188 2738 manu,

183 2796 214 2828 Ο
230 2795 335 2835 Liber,
345 2796 486 2827 redimite
502 2800 591 2836 caput
606 2807 715 2828 corona
729 2798 897 2839 Amycloea,
910 2797 963 2838 qui
977 2806 1066 2828 manu
1083 2796 1166 2828 Itala
1185 2794 1306 2836 infligis
1325 2795 1449 2826 verbera
1472 2795 1576 2827 instar
