1893 3225
534 263 934 294 EPIGRAMMATUM
973 265 1064 294 [ΑΒ.
1097 264 1189 294 X11.

1497 254 1581 294 899

251 362 349 403 Nec
370 360 524 401 molles
546 359 864 414 Elephantidos
886 359 1041 399 libelli.

248 429 360 469 Sunt
379 429 468 469 illic
490 427 679 468 Veneris
701 440 830 467 novae
852 427 1028 479 figurae:
1551 427 1578 466 5

248 496 419 546 Quales
439 496 634 550 perditus
656 495 814 536 audeat
831 496 1010 536 fututor:

251 565 483 613 Praestent,
504 568 545 604 et
566 567 739 604 taceant
761 562 862 615 quid
878 562 1067 603 exoleti:

249 631 353 681 Quo
376 630 689 684 symplegmate
712 631 903 683 quinque
923 629 1202 682 copulentur-3

248 698 351 748 Qua
371 698 518 751 plures
538 702 766 738 teneantur
787 710 813 737 a
836 701 1023 747 catena3

245 765 495 806 Extinctam
515 765 641 806 liceat
662 765 768 818 quid
789 764 843 805 ad
863 765 1101 805 lucernam.

1523 762 1578 804 10

245 833 375 875 Tanti
394 846 478 873 non
499 838 591 874 erat
610 846 708 873 esse
729 838 772 874 te
792 833 1013 874 disertum.

742 929 977 941 eoeeeemm

134 978 315 1005 nocem—8
337 975 516 1006 ‘Scriverii
541 975 594 1006 ed.
624 975 843 1016 Symplegade.-
878 974 966 1005 haud
992 974 1073 1014 scio,
1102 983 1166 1015 quo
1195 972 1359 1005 auctore!
1383 971 1510 1004 Schrev.
1538 971 1579 1002 In

135 1026 239 1058 marg.
255 1017 309 1049 ed.
325 1018 444 1059 Langii
462 1019 532 1054 Qua
546 1018 760 1059 Symplegade.

791 1081 929 1113 NOTAE

176 1150 194 1178 3
218 1146 351 1187 Didymi
379 1147 480 1177 sciunt
513 1146 638 1186 puellae]
670 1146 829 1187 Spintriae

133 1198 247 1228 nescio
262 1198 369 1237 cujus,
385 1197 575 1228 monstrosi.
620 1197 689 1227 Pro
707 1197 830 1237 Dindy-

133 1250 175 1280 mi
191 1248 257 1289 legi
273 1248 405 1289 Dyrlimi
420 1248 493 1278 vult
515 1248 590 1280 JOS.
613 1248 765 1289 Scaliger
788 1247 829 1278 ad

132 1300 313 1331 Catullum.

176 1355 196 1383 4
220 1350 442 1391 Elephantidos
451 1349 560 1390 libelli]
578 1350 740 1389 Poc'triae‚
754 1359 829 1390 quae

131 1401 224 1432 libris
242 1401 308 1432 suis
326 1400 495 1440 expressit
509 1400 634 1431 ποικίλα
647 1401 704 1437 τῆς
720 1400 827 1440 Ἀφρο-

132 1452 214 1489 δίτης
229 1451 278 1482 καὶ
297 1450 466 1482 ἀκολασίας
490 1450 649 1489 σχήματα,
665 1451 829 1490 cujusmo-

134 1502 167 1533 di
193 1501 310 1543 figuris
336 1505 371 1531 et
398 1500 578 1531 schematis
603 1499 758 1530 cubicula
773 1508 832 1528 sua

133 1553 295 1584 instruxit
329 1550 488 1581 Tiberius
531 1550 656 1581 Caesar.
721 1550 832 1579 Taceo

135 1603 267 1634 Aretini
300 1600 446 1632 nefarias
480 1600 633 1632 tabellas.
678 1599 766 1631 Vide
804 1600 832 1630 si

134 1655 250 1695 placet
275 1662 349 1694 quae
377 1651 593 1682 Casaubonus
618 1650 660 1681 ad
683 1660 756 1690 cap.
779 1652 830 1681 43.

136 1706 273 1735 Sueton.
318 1702 458 1741 Tiberii,
478 1711 520 1732 ex
542 1701 736 1743 PropertiO‚
754 1701 830 1732 Cle-

136 1758 250 1786 mente
263 1752 447 1785 Alexandr.
464 1754 529 1784 &c-

925 1149 944 1177 7
972 1146 1103 1177 Taceant
1129 1146 1202 1186 quid
1226 1145 1354 1185 exoleti]
1380 1143 1432 1174 An
1464 1146 1582 1174 tacent

884 1197 1011 1238 pudore
1027 1196 1158 1227 inhibiti
1175 1196 1238 1237 ipsi
1259 1196 1409 1227 exoleti?
1433 1195 1580 1235 Empha-

884 1246 964 1277 tice.
988 1245 1041 1277 An
1058 1251 1187 1285 tacent,
1204 1246 1255 1276 uti
1270 1246 1327 1276 lib.
1344 1254 1399 1276 111.
1411 1245 1511 1285 Epig.
1527 1248 1582 1275 96.

927 1302 946 1330 8
978 1298 1217 1340 Symplegmate‚
1257 1298 1328 1333 Qua
1362 1299 1477 1338 plures,
1514 1296 1584 1337 ἔξω]

883 1348 1043 1380 Sellarias
1059 1349 1141 1380 istas
1161 1358 1201 1380 ac
1217 1348 1322 1379 series
1338 1347 1486 1388 turpiter
1502 1357 1582 1377 con-

884 1409 1058 1439 nexorum,
1083 1399 1180 1429 nimis
1210 1403 1328 1439 aperte
1356 1397 1460 1428 refert
1488 1397 1582 1429 Suet.

885 1458 961 1488 cap.
984 1451 1037 1479 43.
1080 1448 1228 1479 Tiberii:
1252 1446 1435 1487 Ἀφροδίτην
1465 1446 1582 1483 ταύτην

887 1498 935 1529 ἐπὶ
962 1500 1002 1540 τῇ
1030 1499 1194 1539 συμπλοκῇ
1218 1496 1376 1536 δεδεμένην
1402 1503 1583 1528 execratur

888 1549 1046 1580 Clemens
1062 1548 1327 1580 Alexandrinus.
1370 1548 1582 1588 Προτρεπτικῷ

888 1600 929 1630 ad
958 1599 1110 1630 Graecos.
1153 1598 1315 1630 Scriverii
1347 1598 1464 1637 editio,
1493 1598 1582 1638 Sym-

881 1650 1024 1688 plegade.
1070 1647 1171 1678 Haud
1188 1647 1269 1687 scio,
1285 1657 1351 1688 quo
1368 1652 1517 1678 auctore.

930 1701 967 1728 11
996 1697 1088 1728 Tanti
1104 1707 1161 1728 non
1184 1700 1264 1736 erat,
1279 1697 1348 1737 isc]
1383 1697 1461 1728 Non
1488 1702 1584 1730 erant

884 1751 958 1782 haec
975 1750 1079 1791 digna
1095 1754 1190 1782 tanto
1207 1749 1355 1790 ingenio.

770 1896 948 1938 XLIV.

659 2010 724 2039 AD
759 2010 807 2037 M.

842 2009 1052 2039 UNICUM.

137 2089 314 2139 Unice,
337 2093 522 2142 cognato
536 2089 737 2144 junctum
759 2089 864 2129 mihi
884 2088 1096 2141 sanguine
1118 2100 1307 2129 nomen:

195 2157 371 2211 Quique
392 2157 503 2210 geris
523 2157 683 2198 studiis
704 2157 834 2197 corda
854 2156 1104 2210 propinqua
1123 2156 1256 2197 meis:

139 2225 343 2266 Carmina
365 2238 464 2265 cum
484 2224 625 2266 facias
646 2224 733 2265 soli
755 2223 955 2264 cedentia
979 2223 1120 2272 fratri,

194 2291 379 2334 Pectore
398 2305 484 2332 non
504 2293 643 2332 minor
663 2304 726 2341 es,
749 2291 828 2331 sed
850 2290 1014 2344 pietate
1033 2290 1166 2343 prior.

182 2401 213 2432 0
235 2403 343 2442 Unice,
364 2402 416 2442 qui
430 2401 522 2433 habes
535 2412 642 2433 nomen
656 2403 734 2433 mihi
748 2402 895 2441 junctum
918 2404 1048 2442 cognato
1063 2401 1224 2440 sanguine,
1246 2405 1276 2432 et
1301 2411 1352 2432 cor
1375 2402 1519 2433 accedens
1543 2403 1584 2433 ad

139 2455 205 2475 mea
218 2445 320 2475 studia
329 2455 340 2481 ,·
363 2454 432 2475 cum
446 2454 606 2485 componas
623 2455 729 2476 versus
748 2446 886 2477 cedentes
901 2446 958 2476 soli
973 2444 1089 2484 fratri,
1111 2454 1171 2475 non
1186 2444 1315 2483 inferior
1329 2454 1361 2476 es
1373 2448 1508 2485 pectore,
1529 2446 1584 2476 sed

796 2540 935 2572 NOTAE

184 2609 203 2638 2
237 2606 340 2636 Corda
362 2603 547 2645 propinqua]
581 2604 657 2636 Hoc
685 2608 752 2644 est,
777 2605 835 2646 qui

140 2656 261 2688 iisdem
279 2654 399 2686 studiis
415 2654 550 2685 deditus
564 2664 610 2685 es.

185 2710 204 2738 3
223 2703 384 2744 Carmina]
399 2704 528 2735 Unicus
539 2703 687 2736 habebat
696 2705 836 2737 fratrem

888 2609 1041 2637 noceret.
1073 2603 1169 2634 Idem
1183 2602 1271 2634 dixit
1285 2602 1396 2633 Poeta
1411 2601 1453 2633 de
1469 2601 1584 2632 Turno

889 2659 926 2687 et
937 2657 1094 2688 Memore
1107 2655 1165 2686 lib.
1179 2662 1231 2684 xx.
1246 2652 1343 2693 Epig.
1358 2655 1411 2683 10.

931 2708 951 2736 4
975 2706 1038 2737 Sed
1060 2707 1180 2747 pietate
1202 2702 1304 2743 prior]
1328 2703 1415 2734 Quia
1439 2700 1496 2731 das
1521 2700 1583 2741 ipsi

142 2758 198 2800 qui
228 2765 343 2788 versus
374 2755 526 2785 heroicos
562 2755 797 2795 componebat,
818 2765 837 2786 a
889 2757 1024 2797 primas.

141 2807 259 2849 quibus
275 2815 309 2838 se
324 2804 529 2845 abstinebat,
545 2814 586 2836 ne
602 2804 699 2836 famae
721 2804 835 2837 fratris
