1893 3225
515 231 918 261 EPIGRAMMATUM
958 231 1051 259 [ΑΒ.
1086 231 1154 261 x1.
1485 220 1570 260 845

735 367 943 408 LXVII.

665 457 716 486 lN
752 455 1021 485 MARONEM.

119 525 218 566 N1L
241 526 343 566 mihi
367 526 446 566 das
459 526 587 566 vivus
606 538 615 566 :
648 524 777 573 dicis,
800 527 901 576 post
920 522 1010 564 fata
1034 522 1255 563 daturum.

175 593 224 634 Si
245 607 330 634 non
351 607 399 634 es
421 594 594 643 stultus,
616 593 722 643 scis,
745 591 886 641 Maro,
909 590 1014 644 quid
1037 591 1226 644 cupiam.

167 708 264 739 Vivus
279 708 358 739 nihil
374 708 449 740 mihi
464 709 570 747 donas,
590 707 669 738 dicis
684 711 718 738 te
740 707 926 738 donaturum
940 709 1011 747 post
1035 709 1186 737 mortem.-
1209 707 1312 736 sinon
1335 716 1367 737 es
1393 707 1531 746 demem,
1554 715 1573 737 ο

120 752 225 791 Maro,
248 755 331 782 tenes
347 752 421 791 quid
437 755 590 791 expetam.

773 801 913 834 NOTAE

118 871 137 898 2
164 867 249 902 Quid
262 867 399 908 cupiam]
415 868 547 908 Nempe
562 872 652 899 tuam
669 872 824 906 mortem,
838 871 874 897 ut
889 875 1074 908 consequar
1090 866 1178 908 quod
1194 866 1273 897 mihi
1286 867 1378 897 vivus
1393 868 1574 907 promittis.

730 991 963 1033 LXVIII.

652 1083 717 1111 AD
753 1080 1050 1110 MATHONEM.

121 1149 297 1190 PARVA
318 1163 448 1203 rogas
469 1163 676 1203 magnos:
711 1150 787 1190 sed
810 1162 895 1190 non
915 1149 1018 1190 dant
1040 1149 1136 1190 haec
1161 1161 1342 1202 quoque
1364 1149 1526 1201 magni.

179 1216 243 1257 Ut
258 1217 425 1271 pudeat
445 1218 587 1259 levius
608 1222 664 1268 te,
689 1218 859 1267 Matho,
880 1230 1038 1271 magna
1060 1230 1180 1269 roga.

164 1328 255 1359 Petis
269 1337 319 1358 res
341 1328 472 1367 exiguas
486 1339 504 1358 a
520 1329 660 1367 m‹1gnz·s;
682 1329 734 1360 sed
750 1338 804 1359 nec
829 1328 883 1358 has
903 1328 995 1358 etiam
1020 1328 1167 1367 impetras
1188 1336 1206 1356 a
1223 1326 1357 1365 magnis.
1404 1326 1434 1358 O
1453 1326 1577 1365 Matho,

126 1375 159 1402 ut
177 1371 276 1401 nzz'nus
289 1372 402 1412 pudeat
419 1375 461 1410 te,
483 1375 552 1411 pete
568 1381 707 1410 magnas.

776 1435 807 1465 N
815 1433 917 1466 OTAE

165 1501 184 1530 2
212 1498 255 1529 Ut
277 1499 393 1538 pudeat
418 1497 531 1538 levius]
565 1499 680 1529 Minor
698 1498 824 1540 quippe
880 1508 994 1539 parvae
1021 1499 1192 1539 repulsam
1223 1498 1377 1539 patiaris.
1421 1499 1477 1529 De
1507 1498 1581 1529 Ma-

125 1548 309 1589 iguominia
325 1549 404 1589 erit,
419 1549 446 1579 si
457 1558 584 1589 magnae
604 1549 665 1589 rei,
682 1558 782 1590 quam
796 1549 823 1580 si
879 1549 981 1580 thone
992 1549 1162 1581 causidico
1174 1549 1299 1590 saepins
1311 1549 1452 1581 dictum.

763 1678 951 1719 LXIX.

499 1767 809 1798 EPITAPHIUM
844 1768 937 1798 CAN
949 1768 993 1798 IS
1028 1769 1090 1797 LY
1103 1768 1211 1798 DIAE.

126 1832 636 1877 AMPmTHEA'rRALEs
658 1836 774 1877 inter
792 1836 956 1878 nutrita
974 1836 1209 1890 magistros

183 1900 413 1952 Venatri&
435 1903 575 1957 sylvis
598 1916 770 1958 aspera,
790 1904 957 1945 blanda
975 1904 1108 1953 domi,

129 1968 272 2023 Lydia
293 1969 487 2021 dicebar,
509 1971 686 2013 domino
708 1972 928 2014 fidissima
947 1972 1135 2024 Dextro,

184 2036 274 2088 Qui
289 2050 374 2078 non
393 2038 607 2099 Erigones
627 2041 777 2082 mallet
796 2040 958 2081 habere
977 2053 1132 2082 canem
1154 2055 1162 2081 :

175 2146 310 2178 Nutrita
335 2148 417 2178 inter
450 2149 725 2188 amphitheatrales
751 2150 920 2188 magistros
945 2150 1103 2184 venatrix,
1125 2148 1234 2180 acerba
1259 2149 1367 2190 sylvis,
1393 2149 1479 2179 mitis
1503 2147 1585 2178 domi

133 2188 233 2230 Lydia
254 2191 429 2230 appellabar
442 2193 553 2222 dextra
560 2192 720 2234 fidissima
737 2193 820 2232 hero,
843 2193 894 2232 qui
917 2202 977 2223 non
995 2193 1096 2232 magis
1119 2195 1240 2232 optaret
1256 2192 1366 2223 habere
1391 2201 1492 2222 canem
1513 2192 1586 2220 Eri-

739 2266 814 2277 ”ee
819 2265 975 2276 comm

174 2309 193 2337 3
217 2307 343 2338 Dextra
354 2308 434 2340 edd.
446 2314 532 2341 vett.
548 2315 582 2341 et
602 2310 744 2341 Farnab.
774 2310 900 2341 Dextro
916 2310 992 2341 cod.
1009 2309 1141 2340 Thuan.
1157 2309 1236 2340 Vid.
1251 2308 1335 2341 Not.
1348 2309 1495 2340 Van—9
1519 2307 1585 2338 Hic

782 2401 813 2433 N
820 2401 923 2433 OTAE

178 2463 194 2491 1
219 2460 518 2504 Amphitheatrales]
553 2465 593 2496 In
623 2465 831 2506 amphithea-
883 2465 965 2496 hero
977 2474 1064 2506 meo,
1076 2473 1174 2506 quam
1196 2464 1318 2496 dextra
1333 2463 1481 2504 propria.
1520 2460 1589 2493 Alii

136 2515 188 2541 tro
204 2512 396 2543 venationes
413 2523 504 2555 saepe
526 2516 696 2547 exhibitae.
741 2517 830 2547 Vide
885 2515 1002 2555 legunt
1022 2516 1155 2555 Dextro,
1168 2518 1206 2546 ut
1221 2514 1265 2545 sit
1277 2523 1398 2544 nomen
1412 2512 1586 2554 proprium

136 2561 194 2591 lib.
211 2560 330 2601 Spect.
356 2562 545 2605 Magistros]
563 2565 631 2598 Qui
646 2566 831 2598 venationi.
883 2565 954 2596 heri
967 2565 1031 2596 sui.

138 2609 198 2640 bus
214 2616 395 2649 Praeerant.
928 2619 949 2647 4
981 2615 1153 2656 Erigones]
1183 2615 1262 2647 Fuit
1291 2614 1360 2646 filia
1387 2613 1504 2654 Icarii,
1532 2612 1589 2654 qui

179 2661 198 2690 3
221 2659 324 2700 Lydia
337 2661 475 2702 dicebar]
492 2662 679 2705 Canisipsa
693 2665 834 2707 loquens
887 2675 1006 2697 canem
1036 2667 1169 2697 Meram
1197 2675 1313 2697 secum
1339 2665 1484 2695 duxerat
1512 2673 1589 2694 cum

139 2710 325 2741 inducitur.
889 2715 1040 2747 Atticam
1067 2725 1252 2756 peragrans
1277 2714 1477 2746 interfectus
1501 2721 1554 2745 est
1571 2725 1590 2745 a

183 2760 351 2792 fidissima
374 2761 496 2792 Dextro
510 2761 651 2804 [dextra]
672 2764 751 2795 Tam
769 2764 836 2796 fida
892 2766 1094 2806 pastoribus.
1153 2766 1300 2807 Erigone
1346 2771 1472 2804 autem,
1509 2773 1590 2795 cane
