1893 3225
532 252 939 283 umeRAMMA‘rUM
977 253 1069 283 ΜΒ.
1104 253 1172 283 xl.
1487 242 1570 283 8⁵37

774 442 897 484 LIV.

708 533 756 562 ιΝ
794 533 938 564 zomu
948 534 994 563 M.

126 598 428 652 Ursaonem,
449 605 493 642 et
515 601 676 651 casias,
697 604 741 642 et
762 601 955 643 olentem
974 601 1124 643 funera
1139 603 1370 657 myrrham,

178 665 414 720 Thuraque
436 667 490 708 de
510 668 654 708 medio
678 668 988 710 semicremata
1008 681 1133 722 rogo,

125 732 181 773 Et
203 747 304 786 quae
326 734 380 776 de
401 735 555 788 Stygio
578 735 763 789 rapuisti
785 735 988 777 cinnama
1006 736 1139 786 lecto,

182 800 391 855 Improbe
411 802 465 843 de
487 803 620 856 turpi,
645 803 785 853 Zoile,
807 803 938 844 redde
960 804 1070 845 sinu.

124 867 166 908 A
189 869 377 922 pedibus
398 869 595 912 didicere
616 884 772 912 manus
793 885 978 926 peccare
1000 877 1229 926 protervae.
1544 872 1572 912 5

180 936 285 977 Non
305 939 434 979 miror
453 938 603 987 furem,
624 939 699 992 qui
722 939 932 992 fugitivus
953 945 1060 980 erat.

165 1055 196 1087 Ο
218 1057 305 1088 Zoile
319 1068 458 1098 nequam,
473 1060 602 1091 restitue
614 1061 651 1091 de
666 1061 751 1101 turpi
765 1062 836 1091 sinu
859 1065 1028 1100 unguenta,
1043 1064 1072 1091 et
1089 1060 1201 1100 casias,
1220 1063 1250 1091 et
1265 1059 1425 1100 myrrham
1438 1060 1571 1090 olentem

113 1098 241 1139 funera,
266 1104 296 1131 et
318 1101 410 1132 thura
424 1102 636 1134 semicremata
659 1113 699 1133 ex
714 1104 815 1134 media
834 1113 926 1144 pyra,
949 1107 979 1134 et
1001 1105 1144 1134 cinnama
1161 1113 1230 1143 quoe
1251 1102 1411 1133 abstulisti
1431 1112 1470 1133 ex
1495 1103 1572 1133 lecto

121 1142 256 1215 Stygio}
263 1144 589 1225 szl‘lgptrgispetulantes
602 1156 726 1186 peccare
739 1146 915 1177 didicerunt
928 1156 947 1177 a
959 1147 1106 1187 pedibus:
1127 1156 1188 1177 non
1203 1146 1300 1176 miror
1312 1145 1443 1177 Zoilum
1449 1145 1572 1184 furem,

122 1194 174 1224 qut
189 1195 241 1215 era
427 1210 434 1217 .

731 1247 785 1261 ‘ee
791 1250 805 1262 e
811 1249 964 1263 aeoeeeaeee

164 1295 182 1323 4
206 1293 256 1323 De
269 1296 388 1333 promto
405 1294 479 1326 cod.
496 1295 698 1326 Beverl.——6
714 1296 861 1327 Praefert
876 1306 946 1328 eras
962 1296 1004 1328 de
1018 1296 1124 1337 Rooy.

775 1382 913 1414 NOTAE

166 1448 180 1475 l
231 1445 408 1484 Unguenta,
448 1449 477 1476 et
513 1445 628 1486 casias]
672 1446 819 1477 Munera
914 1450 933 1477 5
957 1443 1138 1485 Apedibus]
1162 1443 1287 1474 Servus
1304 1443 1391 1474 enim
1408 1442 1574 1483 fugitivus

121 1504 257 1535 nempe,
282 1505 356 1536 quae
384 1495 475 1535 rogis
499 1496 626 1536 imponi
652 1496 820 1533 solebant,
872 1495 982 1527 fuerat
997 1495 1125 1533 Zoilus,
1138 1498 1242 1535 atque
1269 1493 1318 1524 ita
1331 1492 1464 1533 fugiens
1479 1502 1498 1523 a
1515 1492 1572 1524 do-

122 1546 222 1586 Epig.
236 1548 289 1576 97.
305 1545 363 1576 lib.
387 1554 420 1576 x.
451 1546 591 1585 Stygius
615 1555 692 1577 vero
710 1547 819 1577 lectus
874 1546 976 1585 mino,
995 1546 1069 1586 jam
1091 1554 1126 1576 se
1151 1545 1260 1585 ipsum
1273 1543 1322 1574 illi
1337 1543 1572 1583 surripuerat:

120 1596 284 1627 feretrum
297 1600 363 1635 est,
384 1595 474 1637 quod
492 1597 634 1628 violasse
657 1607 820 1628 summum
875 1595 1001 1636 pedum
1032 1604 1112 1635 ergo
1138 1593 1330 1633 exemplum
1352 1598 1478 1624 secutae
1494 1598 1573 1625 sunt

122 1647 232 1678 scelus
247 1646 395 1678 habitum
420 1651 480 1678 est.
875 1654 1003 1676 manus.
1049 1645 1104 1675 De
1118 1643 1212 1675 Zoilo
1225 1642 1351 1683 saepius
1367 1641 1508 1673 dictum.

799 1777 896 1818 LV.

538 1869 599 1897 DE
634 1868 776 1906 LUPO,
808 1867 875 1896 AD
910 1867 1154 1898 unmcum.

122 1937 412 1978 HORTATUR
434 1936 526 1978 fieri
545 1936 664 1990 quod
685 1941 728 1977 te
748 1935 920 1989 Lupus,
943 1935 1124 1985 Urbiee,
1146 1941 1333 1989 patrem,

179 2004 249 2046 Ne
270 2005 450 2046 credas:
482 2004 591 2046 nihil
612 2007 690 2054 est,
712 2004 830 2058 quod
851 2005 994 2045 minus
1016 2004 1088 2045 ille
1109 2004 1227 2045 velit.

127 2071 208 2113 Ars
228 2076 295 2113 est
316 2072 542 2126 captandi,
565 2073 683 2127 quod
706 2073 821 2113 nolis
840 2072 952 2113 velle
969 2071 1105 2113 videri
1124 2085 1133 2112 ε

183 2140 253 2181 Ne
275 2140 418 2182 facias
439 2146 579 2195 optat,
602 2140 719 2195 quod
743 2145 869 2194 rogat
886 2144 936 2182 ut
955 2140 1111 2181 facias.

122 2207 260 2249 Dicat
275 2213 573 2262 praegnantem
590 2213 668 2249 tua
687 2222 735 2249 se
758 2208 980 2250 Cosconia
1000 2211 1190 2248 tantum:
1542 2207 1570 2246 5

179 2274 389 2316 Pallidior
410 2275 488 2316 fiet
503 2275 597 2329 jam
617 2276 813 2329 pariente
834 2275 999 2329 Lupus.

165 2384 196 2415 Ο
221 2384 344 2422 Urbice,
357 2395 395 2416 ne
412 2385 519 2415 credas
533 2385 611 2424 quod
635 2384 739 2425 Lupus
760 2384 889 2425 impellit
910 2386 940 2414 te
955 2384 1034 2425 fieri
1047 2385 1242 2424 genitorem:
1259 2385 1339 2415 nihil
1354 2387 1398 2415 est
1423 2384 1501 2424 quod
1516 2382 1568 2413 ille

123 2427 223 2457 minus
233 2428 348 2466 cupiat.
394 2428 457 2458 Ars
471 2431 516 2458 est
531 2427 674 2467 captandi
685 2427 761 2458 velle
774 2427 874 2458 videri
890 2428 970 2466 quod
984 2428 1063 2458 nolis
1074 2438 1084 2458 .·
1106 2428 1192 2468 cupit
1205 2437 1243 2458 ne
1258 2437 1347 2466 agas,
1362 2428 1438 2466 quod
1454 2429 1520 2456 orat
1535 2429 1570 2456 ut

121 2479 207 2508 agas.
254 2470 402 2501 Cosconia
413 2474 468 2501 tua
479 2472 632 2501 duntaxat
644 2470 794 2510 praedicet
807 2480 839 2501 se
848 2474 1059 2510 praegnantem
1070 2480 1080 2500 .·
1098 2471 1204 2511 Lupus
1210 2469 1272 2511 fiet
1285 2468 1503 2510 pallidiorjam
1517 2478 1571 2509 pa-

730 2544 963 2556 eeeeeeeeeeee

167 2597 219 2629 Aa
238 2597 278 2628 U.
294 2598 331 2628 de
345 2597 382 2628 L.
400 2597 453 2629 ed.
472 2598 575 2630 Barb.
620 2599 672 2630 De
686 2599 724 2631 L.
740 2600 905 2631 omittunt
921 2599 999 2631 edd.
1017 2603 1101 2631 vett.
1115 2602 1151 2630 et
1168 2598 1295 2640 Delph.

781 2685 919 2716 NOTAE

167 2750 180 2777 l
211 2745 297 2776 Fieri
309 2745 445 2786 patrem]
469 2745 601 2786 Nempe
623 2746 819 2788 adoptando
873 2757 956 2790 quas
973 2752 1031 2778 tua
1046 2746 1146 2778 bona.

122 2797 237 2837 filium,
254 2796 306 2827 vel
318 2797 428 2837 potius
439 2797 646 2837 generando,
656 2799 706 2829 cui
722 2799 819 2830 relin—
916 2801 934 2827 5
961 2798 1026 2829 Tua
1040 2796 1204 2837 Cosconia]
1218 2797 1314 2828 Uxor
1331 2800 1399 2828 tua.
