1893 3225
267 235 352 275 6520
748 246 795 275 M.
829 247 941 276 VAL.
977 247 1249 277 MAR'riAms

270 341 383 382 Cum
404 341 538 383 modo
560 341 807 383 distulerint
826 355 969 384 raucae
988 344 1243 384 vadimonia
1264 347 1443 396 quartae,

329 410 387 451 Et
406 411 668 451 Floralicias
689 411 829 451 lasset
849 424 983 452 arena
1002 411 1136 452 feras,

268 479 421 529 Curre,
444 493 540 532 age,
563 485 607 520 et
622 480 774 520 illotos
794 493 970 529 revoca,
992 479 1190 530 Calliste,
1211 480 1458 522 ministros:
1701 481 1728 521 5

326 548 578 588 Sternantur
598 548 728 589 lecti:
761 548 1019 597 Caeciliane‚
1043 539 1160 589 sede.

269 614 455 655 Caldam
476 617 628 669 poscis
650 629 833 669 aquam:
867 615 946 656 sed
967 616 1164 656 nondum
1184 615 1341 671 frigida
1361 616 1505 657 venit:

325 681 459 736 Alget
479 685 624 726 adhuc
644 685 761 725 nudo
784 684 941 725 clausa
962 685 1109 725 culina
1129 685 1248 726 foco.

271 752 406 792 Mane
430 754 529 793 veni
551 754 727 807 potius:
760 766 862 793 nam
885 765 960 794 cur
981 756 1023 793 te.
1045 753 1200 806 quinta
1226 754 1442 794 moretur?

328 819 390 861 Ut
403 820 565 874 jentes,
588 834 701 870 sero,
725 821 976 870 Caeciliam,
997 821 1138 861 venis.
1675 819 1730 860 10

268 922 306 952 ad
324 932 381 953 me.
429 923 508 953 Cum
524 924 610 953 modo
628 933 730 953 raucae
743 922 858 954 chartoe
874 924 1073 963 prorogarint
1088 923 1275 962 vadimonia,
1290 925 1381 963 alque
1397 931 1493 952 arena
1508 919 1664 959 defatiget
1673 920 1728 958 se-

267 974 320 995 ras
337 965 367 995 F
367 965 545 1001 loralicz'as;
569 976 587 996 ο
603 966 741 1002 Calliste,
761 976 902 1006 propera,
915 976 984 1005 age,
999 970 1029 996 et
1044 975 1152 996 revoca
1166 966 1268 996 illotos
1283 975 1405 996 servos:
1429 965 1501 995 lecti
1515 965 1703 994 adornentur
1722 974 1732 994 .-

271 1009 450 1048 Caeciliane,
464 1011 544 1040 sede.
590 1009 681 1040 Petis
695 1020 806 1049 aquam
829 1010 973 1047 calidam,
994 1012 1027 1038 at
1042 1010 1176 1039 nondam
1180 1008 1309 1047 frigida
1325 1009 1421 1039 allata
1441 1012 1507 1038 est:
1529 1007 1631 1037 culina
1646 1007 1728 1037 clau-

267 1060 300 1080 su
308 1050 414 1089 friget
426 1052 524 1082 adhuc
543 1053 623 1082 nudo
632 1052 715 1090 foco.
754 1052 832 1083 Veni
845 1052 948 1092 potius
960 1062 1049 1083 mane
1064 1062 1075 1088 ,·
1097 1062 1151 1082 cur
1161 1053 1243 1083 enim
1258 1053 1367 1092 quinta
1378 1051 1516 1082 retardet
1529 1054 1559 1081 te
1573 1048 1588 1082 ?
1609 1052 1663 1080 aut
1676 1059 1729 1080 cur

268 1103 326 1124 non
336 1094 420 1125 venis
431 1104 511 1134 sero,
525 1105 543 1125 o
557 1096 724 1126 Caecz'lz‘ane
738 1094 753 1127 ἶ)

882 1147 1116 1158 eeeeeeeeeeee

312 1203 330 1231 3
356 1201 564 1232 Beverlandi
583 1202 647 1233 Ms.
670 1212 777 1242 pauca>
796 1203 976 1234 vadimonia
991 1206 1131 1243 quartae:
1157 1203 1188 1233 in
1207 1202 1326 1233 codice
1340 1202 1419 1233 Vat.
1434 1211 1537 1242 parca>
1554 1201 1731 1232 vadimonia

268 1247 397 1284 quartoe.
423 1244 505 1275 Ant.
523 1244 565 1274 de
582 1245 677 1285 Rooy
692 1247 780 1286 conj.
803 1257 906 1277 raacoe
920 1247 1096 1277 vadimonia
1117 1249 1233 1286 parte&
1281 1244 1368 1276 Vide
1391 1245 1523 1275 Phaour.
1537 1245 1578 1275 de
1592 1245 1731 1282 litigan-

269 1287 429 1319 tibuslib.
447 1297 504 1319 111.
526 1288 610 1319 Fab.
629 1291 679 1319 13.
706 1293 740 1319 et
757 1288 836 1319 ibid.
850 1288 973 1320 Scheff.
997 1299 1099 1320 raucoe
1122 1288 1299 1319 vadimonia
1315 1289 1434 1319 charta.)
1457 1288 1489 1318 in
1516 1287 1729 1328 quibusdam.

268 1330 356 1361 Vide
373 1330 405 1362 J.
431 1330 596 1361 Salinuth.
625 1331 665 1362 ad
694 1332 925 1371 Pancirohrrn,
948 1342 1023 1372 cap.
1052 1332 1094 1362 de
1123 1332 1189 1362 cibi
1207 1331 1363 1371 cupiendi
1387 1331 1488 1361 ruodo
1514 1336 1681 1370 veterum,
1697 1341 1730 1371 p.

266 1375 409 1404 538.-4
438 1374 479 1403 Et
498 1374 683 1405 Floralicias
706 1375 791 1405 laxet
818 1375 1028 1406 Reverlandi
1062 1376 1191 1406 Ms.-7
1217 1375 1309 1414 Lips.
1336 1375 1446 1405 Elect.
1471 1374 1527 1405 lib.
1554 1383 1577 1405 1.
1604 1383 1679 1413 cap.
1698 1377 1729 1404 4.

268 1415 371 1455 legit:
397 1418 530 1447 nondum
546 1417 622 1447 milei
639 1417 767 1455 frigida
783 1418 943 1448 venit.—S
968 1418 1008 1448 In
1026 1418 1241 1458 quibusdam,
1265 1418 1348 1448 clusa
1363 1417 1564 1448 culina—10
1588 1418 1654 1446 Aut
1676 1426 1730 1447 cur

268 1468 327 1488 non
340 1468 407 1489 sero
425 1459 479 1489 cd.
498 1460 604 1499 antiq.
625 1460 756 1490 Ferrar-
770 1459 848 1491 Ald.
861 1460 959 1492 Junt.
971 1461 1082 1492 Colin.
1101 1461 1234 1500 Gryph.
1253 1460 1408 1491 Pulman.
1426 1460 1597 1491 Calderin.
1615 1459 1731 1490 Plant.

267 1501 406 1533 Junian.
427 1503 531 1541 Lang.
560 1503 683 1542 Delpli.
701 1506 766 1533 Sec.
791 1503 903 1535 Josias
921 1504 1101 1534 Mereerus·
1118 1513 1160 1534 ex
1179 1503 1332 1542 vestigiis
1355 1505 1506 1543 antiquie
1524 1503 1704 1541 scripturae
1722 1513 1730 1532 ι

272 1544 313 1574 Ut
327 1545 397 1583 jam
413 1547 442 1575 te
457 1555 536 1583 sero,
550 1547 602 1585 250.
627 1546 802 1585 rescripsit
820 1546 1086 1583 ingeniosissime
1101 1557 1108 1576 ε
1139 1546 1292 1584 Utjentes
1306 1556 1387 1586 sero,
1402 1548 1455 1586 alfe.
1490 1545 1663 1585 Scriptum
1679 1544 1730 1575 fu-

269 1592 360 1618 erat:
390 1588 549 1625 Utjuntcs
559 1598 638 1627 sero,
653 1590 704 1627 &a
729 1588 815 1618 Vide
828 1589 907 1619 Var-
923 1589 1041 1620 Notas.

935 1676 1073 1707 NOTAE

313 1743 328 1770 1
356 1740 462 1771 Horas
477 1741 623 1782 quinque]
641 1742 784 1772 Coenare
801 1751 881 1772 vero
893 1742 975 1772 liora

269 1796 401 1822 tantum
429 1801 516 1823 nona
540 1793 697 1823 solebant
714 1793 869 1825 Romani.
895 1793 968 1824 Lib.

269 1851 322 1873 lv.
337 1841 476 1882 Epig.8.
491 1844 499 1859 ‘
511 1842 664 1884 Imperat
677 1848 873 1875 exstructos
887 1844 975 1874 fran-

271 1902 352 1933 gere
364 1902 455 1923 noua
473 1893 589 1924 toi-os!

313 1946 331 1974 3
359 1943 438 1974 Cum
452 1943 554 1984 modo]
573 1944 657 1976 Cum
669 1944 813 1975 modoin
827 1945 973 1976 alterum

271 1994 361 2025 diem
391 1994 528 2025 dimissa
545 1995 612 2026 sint
629 1996 880 2034 vadin10nia‚et
897 2007 973 2027 cau-

270 2056 315 2076 sae
331 2044 485 2076 forenses
501 2056 577 2086 quae
600 2046 682 2077 hora
698 2047 803 2078 tertia
826 2047 973 2088 ageban-

273 2102 337 2127 tur.
378 2096 454 2128 Lib.
473 2106 523 2127 tv.
541 2097 640 2137 Epig.
657 2100 688 2128 8.
712 2099 881 2129 ‘Exercet
899 2108 972 2129 rau·

271 2156 329 2177 cos
348 2147 450 2177 tertia
472 2147 686 2179 causidicos.'
731 2149 971 2179 Vadimonium

271 2207 352 2228 vero
377 2198 513 2238 sponsio
539 2204 590 2230 est
613 2199 753 2230 sistendi
783 2201 972 2241 injudicio.

272 2250 408 2289 Legunt
436 2249 510 2279 alii:
549 2258 650 2280 raacoe
680 2251 858 2281 vadimonia
886 2261 973 2282 εει-ιε.

271 2300 305 2330 id
323 2305 387 2339 est,
418 2299 525 2330 libelli
546 2299 714 2341 forenses,
732 2301 840 2343 inquit
860 2302 975 2333 Domi-

272 2351 350 2382 tius.
398 2351 522 2381 Raucae
551 2351 679 2383 chartae
708 2353 880 2391 dicuntur,
898 2363 972 2384 meo

266 2401 411 2442 judicio,
435 2411 496 2442 pro
524 2402 605 2442 ipsis
638 2404 747 2434 raucis
779 2403 973 2435 causidicis.

273 2452 342 2483 Alii
359 2453 497 2492 legunt:
523 2453 698 2484 vadimonia
709 2457 841 2494 quarloe.
880 2454 973 2484 Hora

272 2503 361 2533 enim
388 2507 509 2544 quarta
536 2501 783 2535 differebantur
815 2505 905 2545 lites,
935 2509 973 2536 ut

275 2554 382 2584 aiunt.

314 2607 334 2635 4
361 2605 406 2635 Et
430 2604 631 2644 Floralicias]
654 2605 974 2637 Deludisinhono-

273 2664 343 2688 rem
372 2656 480 2686 Florae
506 2655 686 2687 celebratis
713 2655 839 2689 dictum
867 2657 926 2689 lib.
949 2667 974 2690 1.

1030 1741 1129 1782 Epig.
1149 1744 1177 1772 1.
1214 1741 1254 1771 In
1279 1740 1329 1771 his
1347 1742 1496 1781 lepores,
1519 1750 1666 1782 capreae,
1683 1746 1734 1773 at-

1030 1801 1095 1830 que
1122 1791 1188 1821 alia
1221 1791 1379 1821 animalia
1409 1790 1661 1822 exhibebantur
1689 1792 1730 1823 ab

1030 1841 1211 1873 AEdilibus.

1072 1896 1090 1922 5
1119 1893 1237 1934 lllotos]
1260 1892 1355 1923 Hora
1366 1897 1488 1923 octava
1502 1892 1664 1925 lavabant
1677 1903 1733 1925 ve-

1030 1948 1132 1974 teres.

1071 1997 1092 2025 6
1126 1994 1317 2025 Sternantur
1354 1995 1441 2035 lecti]
1494 1995 1537 2026 In
1583 1996 1732 2028 triclinio

1029 2055 1164 2086 nempe.

1071 2099 1089 2126 7
1117 2095 1246 2127 Caldam
1256 2097 1370 2137 poscis]
1389 2097 1465 2130 Qua
1478 2098 1591 2128 vinum
1603 2104 1733 2140 tempe-

1029 2148 1177 2179 rabatur.
1212 2148 1290 2179 Lib.
1307 2158 1331 2180 1.
1350 2149 1452 2189 Epig.
1470 2151 1522 2179 12.

1074 2203 1093 2230 8
1119 2201 1212 2231 Nudo
1242 2200 1359 2240 clausa]
1389 2201 1466 2232 Hoc
1491 2205 1554 2239 est,
1583 2202 1731 2234 nondum

1031 2251 1155 2282 adsunt
1170 2251 1263 2291 ligna
1279 2251 1398 2292 quibus
1416 2251 1588 2283 excitetur
1605 2253 1702 2293 ignis.

1075 2305 1114 2332 10
1143 2302 1185 2332 Ut
1215 2302 1319 2340 jentes
1344 2301 1411 2333 Aut
1447 2302 1517 2342 [cur
1545 2303 1619 2344 non]
1649 2304 1731 2344 sero]

1030 2353 1116 2383 Post
1153 2362 1283 2383 coenam
1321 2352 1488 2384 nimirum.
1549 2353 1641 2385 Alii:
1687 2356 1730 2386 Ut

1019 2403 1134 2441 jentcs,
1159 2413 1238 2441 sero,
1270 2403 1449 2443 Coeciliane,
1473 2404 1570 2435 venis.
1607 2405 1653 2436 Et
1683 2406 1731 2437 sic

1029 2453 1179 2494 explicat
1209 2454 1414 2486 Salmasius:
1442 2454 1540 2486 Hora
1562 2456 1731 2496 jentaculi

1030 2506 1135 2536 tertia
1152 2511 1209 2536 aut
1228 2511 1352 2546 quarta
1368 2511 1461 2537 erat:
1487 2506 1576 2538 unde
1589 2508 1731 2539 Martia-

1030 2557 1069 2587 lis
1086 2566 1174 2596 eum,
1186 2557 1243 2597 qui
1261 2556 1301 2587 ad
1316 2558 1467 2598 quintam
1482 2563 1622 2589 venerat
1635 2569 1733 2599 pran-

1030 2618 1141 2648 surus,
1157 2618 1232 2638 sero
1249 2609 1365 2639 venire
1382 2608 1482 2648 dixit,
1497 2614 1535 2640 ut
1555 2610 1727 2650 jentaret:

1031 2658 1128 2689 nimis
1147 2658 1291 2700 tempori
1305 2664 1342 2690 ut
1359 2659 1556 2700 pranderet.
