1893 3225
264 192 347 234 574
737 203 785 233 M.
809 203 921 232 vm..

956 202 1231 234 MARTIALIS

266 297 329 338 Hi
351 298 439 339 duo
458 299 659 351 longaevo
682 302 913 339 censentur
935 298 1129 339 Nestore
1150 298 1296 339 fundi:

322 364 494 407 Pollice
517 366 571 406 de
594 364 726 420 Pylio
748 365 848 407 trita
868 365 1075 406 columba
1096 366 1217 405 nitet.

1667 365 1722 406 10

266 432 357 474 Hic
374 434 568 488 scyphus
586 438 668 483 est,
689 433 733 474 in
755 446 843 486 quo
862 433 1038 474 misceri
1053 433 1188 487 jussit
1209 431 1365 472 amicis

323 500 509 554 Largius
531 501 741 542 AEaeides
761 500 1041 553 vividiusque
1061 513 1241 540 merum.

267 568 370 609 Hac
394 568 647 622 propinavit
669 568 813 621 Rytiae
834 567 1124 620 pulcherrima
1148 567 1266 607 Dido

323 636 374 676 In
395 639 560 689 patera,
583 634 775 690 Phrygio
796 647 895 675 cum
916 634 1020 675 data
1035 647 1167 676 coena
1187 635 1282 675 viro
1304 638 1383 675 est.

268 704 459 744 Miratus
478 702 612 743 fueris
632 716 732 743 cum
755 703 907 756 prisca
928 707 1177 743 toreumata
1195 702 1393 750 multum,

1670 705 1726 745 15

323 771 376 811 In
399 769 565 810 Priami
587 769 758 822 cyathis
779 768 1058 822 Astyanacta
1078 769 1221 809 bibes.

256 891 356 928 fundi
379 889 575 921 aestimantur
600 889 683 920 senis
709 890 851 920 Nestoris
879 899 972 920 causa
990 900 1001 926 ;
1022 889 1159 920 columba
1175 889 1285 928 fulget
1314 892 1483 921 attrectata
1510 900 1601 922 manu
1618 891 1724 932 Pylia.

268 934 334 965 Hic
349 938 392 964 est
407 933 549 974 scyphus,
557 932 591 963 in
606 943 662 972 quo
676 933 811 963 Achilles
823 933 988 971 imperavit
999 933 1120 972 plenius
1136 932 1260 970 infundi
1274 933 1394 971 amicis,
1408 936 1435 963 et
1450 933 1516 973 ipse
1529 934 1651 973 potavit
1666 945 1730 966 me-

265 987 347 1007 ram.
372 975 604 1006 Formosissima
619 975 704 1006 Dido
717 975 748 1006 in
765 976 820 1006 hac
836 978 946 1014 patera
961 975 1139 1015 propinavit
1156 976 1278 1016 Bytioe,
1292 986 1358 1006 cum
1375 985 1457 1006 caena
1469 977 1545 1006 data
1561 980 1606 1008 est
1622 977 1727 1018 Phry-

262 1020 318 1058 gio
334 1018 458 1049 marito.
506 1019 583 1049 Cum
597 1019 728 1049 multum
743 1019 874 1049 miratus
881 1017 986 1055 saeris
1001 1018 1128 1058 antiqua
1140 1021 1325 1059 toreumata,
1343 1018 1465 1059 potabis
1479 1019 1674 1060 Astyanacta
1694 1021 1728 1052 in

267 1061 387 1102 cyathis
401 1061 535 1092 Priami.

876 1112 1117 1124 me

266 1167 376 1206 debile,
390 1168 530 1206 &cn—10
553 1166 761 1197 Beverlandi
778 1166 843 1198 Ms.
864 1168 1001 1198 columna
1017 1167 1197 1199 nitet.—l2
1222 1167 1310 1199 Edd.
1327 1172 1411 1199 vett.
1437 1171 1468 1199 et
1487 1168 1567 1200 bibit
1581 1170 1645 1210 ipse
1659 1179 1724 1200 me-

274 1220 355 1241 rum.
380 1209 498 1241 Codex
517 1209 719 1241 Pulmanni:
744 1213 773 1240 et
790 1209 973 1250 bibitusque
998 1220 1127 1241 merum.

1174 1211 1374 1242 Lectionem
1398 1216 1546 1242 nostram
1561 1217 1735 1244 testantur

269 1252 368 1284 codd.
383 1252 516 1283 Thuan.
533 1257 569 1283 et
584 1252 827 1283 Florent.—-16
852 1253 896 1283 Et
910 1253 1035 1284 Priami
1051 1254 1185 1285 calathis
1200 1253 1301 1285 codd.
1319 1254 1472 1286 Florem.
1486 1259 1522 1286 et
1530 1255 1725 1287 Pulmanui.

275 1296 344 1327 Alii
361 1305 423 1336 pro
440 1295 524 1327 bibes
538 1295 658 1336 legunt
674 1294 764 1327 bibis.
809 1295 899 1326 Vide
914 1296 997 1327 Var.
1016 1296 1137 1328 Notas.

928 1386 1072 1419 NOTAE

312 1454 332 1482 9
355 1451 404 1482 Hi
427 1450 501 1490 duo]
525 1450 650 1481 Sensus
673 1455 742 1482 est:
768 1450 843 1482 Hoc
870 1460 977 1491 pocu-

270 1504 351 1542 lum,
374 1501 464 1544 quod
492 1502 596 1532 habet
620 1501 704 1532 duos
720 1500 853 1542 fundos,
868 1502 974 1543 pluris

270 1553 458 1584 aestimatur
482 1557 625 1592 propter
647 1561 762 1583 senem
778 1552 975 1592 Nestorem,

270 1603 312 1634 ad
323 1613 422 1645 quem
439 1602 614 1643 pertinuit.
638 1600 691 1632 Ab
708 1602 860 1633 Homero
874 1602 975 1633 Iliad.

269 1659 305 1685 A.
336 1652 557 1692 describitur,
589 1656 691 1692 atque
716 1651 759 1683 ab
794 1653 974 1684 Eustathio

269 1704 344 1735 fuse
371 1703 575 1744 explicatur.
619 1702 732 1733 Variae
758 1706 838 1734 sunt
856 1702 975 1734 Gram-

270 1749 475 1788 maticorum‘
496 1754 687 1796 opiniones,
718 1764 846 1795 opusne
872 1753 976 1786 fuerit

271 1817 387 1846 unum,
415 1816 458 1837 an
482 1804 607 1846 gemini
634 1808 797 1843 crateres,
818 1804 976 1845 alterque

272 1858 371 1889 alteri
389 1856 576 1897 impositus.
597 1853 836 1894 Ἀμφικύπελλα
851 1859 976 1885 vocant

272 1910 398 1941 Graeci.
441 1908 618 1940 Turnebus
636 1907 694 1938 lib.
708 1916 822 1938 xxnl.
837 1915 913 1946 cap.
926 1909 977 1937 23.

273 1959 478 1998 Hesychius,
508 1956 742 1997 ἀμφικύπελλον
757 1956 842 1988 dicit
856 1961 978 1996 περιφε-

273 2009 322 2051 ρὲς
347 2008 500 2050 ποτήριον,
516 2009 582 2039 hoc
607 2013 672 2048 est,
696 2008 864 2038 rotundum
887 2017 979 2047 poca-

273 2062 346 2092 lum.
392 2059 580 2091 Athenaeus
593 2058 652 2089 lib.
670 2067 723 2089 XI.
737 2058 796 2097 ait,
820 2058 979 2098 poculum

273 2110 358 2141 illud
374 2109 531 2141 habuisse
548 2108 633 2140 duos
649 2107 784 2139 fundos.
808 2107 897 2138 Vide
912 2107 981 2138 ani-

274 2160 529 2192 madversiones
546 2159 737 2191 Casauboni
751 2169 829 2200 cap.
845 2161 895 2191 12.
914 2158 977 2190 lib.

274 2213 393 2244 citato.

319 2267 360 2295 10
386 2263 475 2294 Trita
494 2261 646 2302 columba]
671 2261 748 2293 Hoc
763 2266 827 2301 est,
853 2261 979 2302 saepius

276 2318 465 2346 attrectata
484 2313 654 2353 columba,
670 2323 745 2355 quae
763 2313 980 2354 prominebat

277 2365 449 2406 insculpta
478 2364 512 2395 in
538 2364 596 2395 illo
629 2364 769 2404 poculo:
796 2373 863 2405 quo
891 2363 980 2394 enim

277 2415 383 2456 magis
422 2424 540 2446 aurum
571 2414 709 2453 teritur,
740 2419 838 2446 tanto
873 2414 980 2455 magis

278 2465 429 2498 nitescit.
471 2465 527 2496 De
553 2464 655 2506 Pylio
682 2464 831 2496 Nestore
857 2464 982 2506 saepius

279 2518 420 2550 dictum.

1073 1456 1112 1484 11
1148 1453 1253 1485 Jussit
1284 1453 1408 1494 amicis]
1456 1453 1586 1495 Ulyssi‚
1622 1454 1738 1495 Ajaci,

1028 1503 1198 1544 Phoenici,
1234 1504 1290 1545 qui
1323 1505 1366 1535 ab
1401 1503 1657 1544 Agamemnone
1692 1505 1737 1536 ad

1029 1554 1231 1594 placandum
1276 1555 1388 1596 ipsum
1428 1554 1596 1587 Achillem
1643 1556 1737 1588 missi

1029 1604 1179 1637 fuerant.

1074 1659 1115 1687 12
1142 1656 1344 1697 Vividiusque
1358 1657 1405 1698 [et
1416 1656 1494 1688 bibit
1508 1656 1589 1698 ipse]
1603 1656 1736 1697 merum]

1031 1706 1113 1744 Alii,
1139 1718 1233 1749 usque
1259 1718 1388 1740 merum.
1434 1707 1517 1749 Alii,
1541 1709 1737 1750 vividiusque

1030 1767 1160 1790 merum.

1075 1811 1114 1839 13
1138 1808 1263 1849 Bytiae]
1287 1808 1493 1849 Virgil.AEn.
1505 1817 1531 1840 1.
1543 1809 1738 1840 convivium

1032 1857 1211 1898 describit,
1234 1868 1301 1900 quo
1318 1859 1457 1890 AEneam
1478 1859 1666 1900 Phrygium
1683 1869 1740 1890 ex-

1033 1907 1129 1948 cepit
1156 1908 1266 1939 Dido:
1290 1908 1396 1940 ‘Tum
1423 1909 1535 1951 Bytiae
1568 1909 1666 1942 dedit
1690 1910 1740 1941 in-

1034 1958 1230 1999 crepitans,'
1245 1962 1311 1991 &c-

1077 2012 1115 2040 15
1155 2009 1268 2040 Prisca
1304 2011 1494 2051 toreumata]
1536 2010 1623 2043 Quae
1660 2015 1740 2042 sunt

1035 2069 1141 2100 opera
1152 2063 1253 2091 torno
1270 2059 1373 2091 facta.
1400 2060 1474 2092 Lib.
1491 2069 1542 2092 1v.
1559 2060 1661 2101 Epig.
1685 2063 1738 2093 39.

1079 2113 1119 2141 16
1155 2110 1351 2151 Astyanacta
1379 2110 1475 2151 bibes]
1509 2110 1552 2142 Id
1589 2116 1656 2151 est,
1701 2116 1740 2142 ut

1033 2160 1127 2192 aiunt
1143 2161 1376 2201 Interpretes:
1402 2161 1538 2192 Novum
1553 2161 1668 2192 vinum
1693 2161 1743 2193 bi-

1032 2210 1180 2242 bendum
1207 2211 1363 2251 porriget
1394 2211 1527 2242 Euctus
1543 2211 1576 2241 in
1608 2211 1740 2251 poculis

1033 2260 1284 2292 vetustissimis.
1331 2261 1442 2292 Notus
1457 2266 1511 2292 est
1523 2270 1627 2292 senex
1644 2261 1743 2293 Pria-

1033 2321 1119 2348 mus,
1142 2311 1239 2351 cujus
1254 2320 1359 2350 nepos
1376 2309 1444 2342 fuit
1457 2310 1634 2352 Astyanax
1649 2312 1741 2343 Hec-

1035 2361 1116 2392 toris
1127 2360 1227 2392 filius.
1274 2361 1376 2392 Hunc
1402 2371 1535 2393 versum
1550 2372 1618 2393 non
1640 2362 1742 2394 intel-

1035 2412 1118 2451 ligo.
1174 2411 1391 2452 Astyanacta
1426 2412 1516 2443 enim
1551 2422 1615 2453 pro
1660 2413 1739 2444 vino

1035 2472 1123 2493 novo
1152 2463 1248 2501 sumi,
1281 2468 1398 2495 mente
1429 2464 1565 2505 assequi
1597 2473 1742 2507 nequeo.

1035 2512 1163 2545 Videat
1176 2513 1295 2545 lector.
