1893 3225
184 247 270 286 :356

666 255 714 284 M.
747 252 858 282 VAL.
894 251 1167 281 MAR'rlAms

189 351 378 391 Publius
409 350 585 403 exiguae
606 350 645 390 si
666 348 823 401 flagrat
844 359 994 389 amore
1018 345 1220 396 catellae3

246 420 295 460 Si
318 418 507 460 Cronius
528 418 716 460 similem
742 415 1085 470 cercopithecon
1107 416 1248 464 amat3

188 486 395 528 Delectat
417 486 610 527 Marium
630 485 668 526 si
691 483 964 538 perniciosus
985 482 1269 531 ichneumon3
1626 479 1654 519 5

247 555 359 596 Pica
381 554 617 596 salutatrix
638 554 675 594 si
696 552 794 601 tibi,
817 551 978 599 Lause,
1002 549 1172 603 placet;

192 622 239 664 Si
262 623 452 675 gelidum
474 622 588 662 collo
608 621 746 662 nectit
769 619 961 660 Glacilla
983 617 1217 658 draconem
1235 629 1246 667 ;

252 690 477 731 Lusciniae
501 688 714 730 tumulum
735 688 774 728 si
792 686 1031 728 Thelesina
1051 685 1200 736 dedit3

194 757 364 798 Blanda
386 756 626 811 Cupidinei
643 769 718 796 cur
737 768 826 796 non
848 759 965 795 amet
985 765 1063 794 ora
1084 752 1293 806 Labycae,

249 825 340 876 Qui
361 824 482 866 videt
502 824 599 865 haec
618 823 808 864 dominis
829 825 1028 863 monstra
1049 821 1225 875 placere
1246 818 1370 859 suis'?

1603 816 1659 857 10

197 934 330 966 Publius
345 934 436 964 ardet
446 943 549 964 amore
564 943 668 973 part-ce
681 933 797 963 catelloe
811 943 820 963 .·
836 932 863 962 si
882 932 1004 962 Cronus
1028 932 1113 960 amat
1127 929 1261 960 similem
1277 925 1504 966 cercopithecon
1516 936 1526 956 .·
1548 925 1576 956 si
1591 925 1660 956 exi-

197 977 295 1008 tiosus
325 977 505 1008 ichneumon
526 977 626 1016 placet
643 976 748 1006 Mario
759 986 769 1006 .·
790 975 818 1005 si
835 979 882 1013 tu,
907 985 926 1005 o
938 974 1051 1009 Lause,
1066 982 1152 1003 amas
1162 972 1263 1012 picum
1278 970 1512 1000 salutatricem:
1534 969 1562 999 si
1587 969 1664 1000 Gla-

192 1021 265 1051 cz'lla
288 1020 419 1050 involvit
443 1020 553 1049 collum
566 1018 694 1056 frigido
708 1019 840 1049 dracone
855 1029 865 1048 :
886 1017 914 1047 si
931 1016 1094 1047 Thelesina
1110 1015 1212 1046 erexit
1228 1014 1379 1044 tumulum
1392 1011 1586 1053 philomeloe:
1609 1011 1663 1052 qui

194 1062 293 1094 cernit
314 1063 379 1094 haec
392 1065 529 1094 monstra
542 1065 637 1101 grata
652 1070 713 1092 esse
728 1060 792 1091 suis
807 1060 951 1099 dominis,
973 1068 1028 1089 cur
1043 1068 1102 1089 non
1126 1060 1208 1089 amet
1224 1067 1257 1088 os
1279 1059 1418 1087 tenerum
1434 1054 1571 1093 formosi
1594 1054 1657 1087 La-

196 1106 280 1147 bycoe
290 1103 306 1137 2

807 1154 1044 1167 eum-‘mvsa'

197 1208 267 1241 Alii
283 1209 414 1249 legunt,
431 1210 581 1248 zagopece.
626 1208 746 1239 Lectio
772 1212 890 1238 nostra
915 1212 967 1239 est
993 1218 1037 1239 ex
1060 1207 1196 1248 ingenio
1214 1206 1390 1246 Scaligeri,
1407 1214 1504 1245 quem
1521 1204 1599 1236 vide
1615 1204 1659 1235 ad

196 1254 349 1291 Festum,
375 1253 409 1282 in
427 1261 499 1282 voc.
522 1253 530 1267 ‘
551 1250 846 1291 ce1·calopex.’-5
872 1251 991 1282 Codex
1008 1251 1144 1292 quidam
1174 1260 1228 1290 ap.
1254 1249 1461 1281 Beverland.
1489 1248 1665 1279 ischemon:

197 1295 350 1326 Florent.
377 1294 494 1332 habet,
523 1294 700 1325 icanewno:
739 1293 849 1325 codex
872 1294 1074 1333 Vaticanus,
1097 1294 1313 1324 ichemon.—-7
1339 1292 1379 1323 In
1408 1291 1530 1323 codice
1553 1291 1667 1322 Palat.

199 1338 365 1369 Gladella:
390 1336 595 1368 Beverlandi
612 1337 678 1367 Ms.
694 1337 840 1367 Gadilla:
867 1337 977 1368 codex
994 1337 1190 1376 Pulmanni,
1209 1335 1380 1367 Galathz'a:
1403 1335 1474 1372 alii,
1494 1334 1664 1369 Gradiuo,-

195 1382 248 1412 vel
267 1380 488 1412 flaccillae-9
505 1379 636 1419 Labycoe
649 1380 811 1410 exhibent
826 1378 908 1412 edd.
923 1385 1009 1412 vett.
1026 1380 1157 1421 Labytoe
1189 1380 1300 1411 codex
1317 1379 1473 1410 Florent.
1490 1387 1558 1419 quo
1574 1377 1666 1417 vulg.

197 1423 353 1455 firmatur
367 1434 375 1454 2
400 1422 540 1463 Labyrte
556 1422 665 1453 codex
678 1423 880 1454 Vaticanus.

857 1497 1002 1528 NOTAE

243 1561 258 1589 l
287 1558 409 1589 Gaudet
424 1559 608 1599 glaucopitle
621 1558 801 1599 [lagopode]
826 1558 907 1589 Sen-

199 1618 253 1639 sus
270 1609 374 1639 totius
399 1609 667 1649 Epigrammatis
690 1613 764 1640 est:
787 1608 822 1639 Si
853 1608 908 1639 alii

199 1669 277 1691 aves
293 1664 351 1690 aut
365 1660 430 1690 alia
444 1660 603 1690 animalia
617 1663 745 1697 amant,
758 1669 820 1690 cur
833 1669 909 1700 ego,

198 1710 309 1751 iuquit
340 1709 463 1750 Poeta,
489 1720 555 1741 nou
575 1709 696 1740 amabo
723 1708 906 1740 formosum

201 1770 354 1801 puerum.
388 1760 608 1801 Lagopodem
627 1769 707 1790 vero
723 1769 819 1790 avem
833 1769 907 1790 esse

201 1811 302 1842 docet
324 1811 457 1842 Plinius
481 1811 540 1841 lib.
559 1819 596 1842 x.
613 1820 690 1850 cap.
705 1813 759 1840 48.
773 1810 820 1841 sic
838 1809 908 1840 dic-

201 1867 270 1893 tam
297 1872 316 1892 a
349 1862 492 1903 pedibus
521 1861 699 1902 leporinis.
747 1860 909 1891 Horatius

202 1923 243 1944 11.
275 1914 344 1944 Sat.
387 1912 589 1952 2.,prima1n
622 1912 675 1942 liic
707 1911 908 1952 productam

202 1964 386 2005 corripuit:
413 1965 422 1982 ‘
442 1965 517 1995 Nec
547 1973 677 2001 scarus,
705 1967 764 1993 aut
782 1962 910 2002 poterit

203 2017 387 2057 peregrina
409 2016 533 2057 juvare
562 2014 715 2055 lagopis.’
786 2014 909 2054 Itaque

203 2067 328 2099 Raderi
367 2072 402 2099 et
432 2066 590 2098 Farnabii
615 2065 752 2106 judicio
791 2064 910 2095 melius

204 2119 291 2158 legit
317 2118 479 2158 Scaliger,
507 2117 702 2157 glaucomae,
743 2121 779 2146 et
808 2116 911 2146 inter-

205 2174 386 2209 pretantur
404 2169 540 2205 ululam,
563 2177 622 2198 seu
636 2166 817 2197 bubonem.
854 2166 911 2196 Sic

204 2229 284 2250 vero
313 2221 464 2260 loquitur
493 2219 648 2258 Scaliger
680 2218 721 2249 ad
751 2219 913 2258 Propert.

206 2271 265 2301 lib.
293 2279 344 2301 iv.
378 2271 476 2310 Eleg.
509 2273 541 2300 3.
588 2270 742 2300 Primum
770 2269 913 2309 lagopo-

206 2321 282 2352 dem
312 2331 378 2352 nou
397 2331 470 2351 esse
489 2321 646 2351 auritam.
693 2321 756 2350 Est
774 2321 914 2360 lagopus

208 2381 308 2412 quam
341 2370 513 2410 perdicem
543 2370 652 2401 albam
684 2369 836 2410 Inalpini
859 2380 916 2401 vo-

209 2426 302 2453 cant.
343 2420 479 2451 Deinde
507 2420 617 2460 prima
649 2421 783 2460 syllaba
816 2420 919 2452 corri-

208 2472 314 2512 pitur.
359 2471 539 2500 Postremo
577 2471 647 2500 avis
678 2471 736 2501 illa
766 2476 818 2502 est
846 2472 919 2512 pul-

211 2521 394 2559 cherrima,
421 2520 565 2561 ideoque
583 2530 650 2550 non
677 2521 815 2552 videtur
831 2522 921 2552 inter

210 2577 360 2604 monstra
376 2576 410 2602 et
424 2575 585 2611 portenta
599 2572 828 2610 numerandat,
842 2582 919 2603 cum

210 2628 324 2655 tamen
341 2623 405 2653 hoc
419 2626 498 2662 agat
512 2621 694 2661 Martialis,
707 2626 744 2653 ut
757 2622 921 2653 ostendat

211 2679 364 2706 monstra
395 2671 566 2713 placuisse
597 2671 663 2702 illis
703 2672 797 2712 viris,
838 2682 921 2714 quos

211 2726 332 2758 ordine
352 2727 523 2755 recenset:
553 2726 588 2753 at
604 2727 723 2753 contra
734 2723 922 2763 glaucopis,

215 2787 273 2807 seu
288 2775 394 2814 bubo,
422 2779 457 2805 et
475 2772 585 2804 aurita
613 2777 679 2812 est,
704 2779 739 2804 et
757 2784 838 2804 saue
857 2784 922 2805 uon

215 2829 306 2859 iuter
323 2830 463 2858 venusta
476 2824 634 2856 animalia
651 2825 891 2857 enumeranda.

1005 1561 1025 1590 2
1052 1558 1152 1589 Tristi
1184 1557 1316 1597 Canius]
1341 1558 1396 1588 De
1424 1555 1530 1588 Canio
1558 1554 1673 1587 Poeta

963 1610 1139 1641 Gaditano
1156 1609 1215 1641 lib.
1234 1618 1290 1640 111.
1304 1608 1400 1649 Epig.
1417 1611 1470 1639 20.
1485 1606 1596 1646 Tristi,
1609 1607 1672 1638 hoc

962 1665 1028 1699 est,
1041 1666 1127 1699 atro,
1146 1660 1197 1690 vel
1210 1660 1289 1700 quia
1300 1658 1439 1690 infausti
1453 1659 1574 1689 ominis
1588 1661 1675 1696 erat,

961 1711 987 1741 si
1002 1720 1100 1741 mane
1113 1711 1186 1751 quis
1199 1709 1408 1741 occurrisset
1421 1708 1582 1748 AEthiopi.
1593 1707 1673 1739 Juv-

962 1761 1035 1793 Sat.
1054 1770 1103 1791 vr.
1121 1763 1199 1792 602.

1011 1813 1030 1841 3
1056 1809 1204 1850 Publius]
1230 1810 1284 1840 De
1298 1809 1433 1841 Catella
1455 1807 1572 1839 Publii
1595 1806 1675 1838 vide

962 1862 1022 1893 lib.
1042 1871 1065 1893 Ι.
1084 1862 1184 1902 Epig.
1203 1864 1277 1893 110.

1007 1915 1026 1943 4
1054 1911 1310 1953 Cercopithecon]
1335 1911 1610 1951 Cercopithecus
1623 1914 1677 1942 est

966 1964 1146 1999 caudatus,
1172 1969 1290 1994 cetera
1318 1963 1415 1993 simio
1444 1962 1574 1994 similis.
1602 1961 1677 1993 Lib.

968 2024 1047 2046 xrv.
1074 2015 1175 2055 Epig.
1205 2017 1280 2045 202.
1338 2012 1511 2044 ‘Callidus
1539 2012 1678 2043 emissas

967 2066 1105 2097 eludere
1123 2065 1238 2096 simius
1262 2065 1390 2104 hastas,
1410 2065 1445 2095 Si
1472 2064 1554 2095 mihi
1570 2063 1680 2094 cauda

967 2117 1069 2156 foret,
1097 2117 1360 2157 cercopithecus
1377 2115 1493 2148 eram.'
1537 2116 1680 2147 Similem

969 2168 1056 2199 dixit
1073 2177 1115 2198 an
1134 2167 1296 2208 sfflhiopi,
1312 2177 1353 2198 au
1380 2167 1528 2207 cateuae,
1552 2176 1594 2197 an
1613 2166 1679 2207 ipsi

971 2219 1084 2250 Crono
1103 2218 1242 2248 similem
1261 2217 1379 2248 dicat?
1403 2217 1545 2249 Judicet
1559 2218 1683 2254 lector,

1011 2273 1029 2300 5
1056 2269 1260 2308 Ichnemnon]
1287 2269 1398 2300 Quem
1427 2267 1594 2298 describit
1612 2268 1682 2298 Pli-

970 2321 1044 2351 nius
1072 2320 1129 2350 lib.
1157 2328 1239 2349 vui.
1266 2329 1342 2358 cap.
1368 2320 1422 2349 24.
1451 2318 1680 2358 perniciosum

971 2370 1056 2401 dicit
1084 2369 1191 2409 aspidi
1220 2368 1406 2409 prasertim
1437 2372 1471 2398 et
1495 2367 1681 2407 crocodilo,

973 2420 1094 2462 quibus
1122 2424 1172 2450 est
1190 2419 1297 2450 hostis
1314 2416 1573 2449 infensissimus.

1016 2474 1036 2502 6
1053 2468 1323 2508 Picasalutatriae]
1344 2468 1506 2500 Lib.X1v.
1518 2469 1683 2510 Epig.76.

1018 2526 1036 2554 7
1064 2520 1225 2560 Gelidum]
1249 2520 1386 2551 AEstivis
1403 2520 1491 2550 enirn
1508 2520 1683 2552 mensibus

974 2572 1142 2604 dracones
1172 2571 1247 2602 sinu
1275 2569 1457 2610 gerebant,
1487 2570 1608 2611 quibus
1646 2575 1684 2602 et

975 2623 1099 2654 collum
1111 2621 1330 2653 involvebant
1339 2620 1496 2652 mulieres
1509 2621 1684 2663 Romanae,

976 2678 1015 2705 ut
1027 2683 1062 2704 se
1079 2672 1332 2713 refrigerarent.

1017 2728 1038 2756 9
1061 2725 1186 2756 Blanda
1206 2722 1387 2765 Cupidinei]
1412 2723 1482 2755 Cur
1507 2723 1588 2755 mihi
1615 2733 1683 2755 non

975 2775 1078 2806 liceat
1095 2784 1207 2805 amare
1233 2774 1404 2815 Labycam
1432 2772 1539 2806 forma
1567 2784 1683 2816 parem

978 2825 1137 2866 Cupidini
1156 2825 1166 2855 ἓ
