1893 3225
231 214 310 255 ao
704 225 752 253 M.
787 224 896 254 VAL.
933 225 1206 256 MAR'rrAMs

342 319 483 361 Siccis
505 320 668 361 rustica
688 319 869 363 Veritas
893 321 1087 375 capillis.

345 386 446 427 Hoc
469 387 552 427 sub
573 387 788 442 principe,
811 389 849 429 si
872 390 1009 443 sapis,
1033 394 1209 438 caveto,

340 453 518 504 Verbis,
541 454 703 506 Roma,
724 456 944 509 prioribus
966 457 1179 509 loquaris.

227 562 265 592 ab
281 563 392 601 inseris
405 564 532 594 reduxit
552 563 721 596 Veritatem
734 565 879 596 rusticam
891 567 985 597 comis
999 567 1099 598 siccis.
1145 566 1176 597 Ο
1195 567 1308 606 Roma,
1319 567 1348 597 si
1363 566 1484 607 sapiens
1499 576 1541 607 es,
1557 576 1628 597 cat-e
1643 576 1679 598 ne

226 605 280 636 sub
296 605 350 636 hoc
362 605 504 647 principe
518 607 652 647 loquaris
669 608 826 648 prioribus
841 609 952 640 verbis.

882 694 1022 726 NOTAE

272 765 309 794 11
335 762 449 803 Siccis]
483 762 638 803 lucustis,
676 762 798 794 veritas
835 763 924 794 enim
981 763 1102 794 vilibus
1145 769 1247 805 atque
1295 764 1508 805 adulatoriis,
1555 765 1676 806 quibus

226 823 291 845 non
308 818 361 844 est
374 812 498 844 fucata.

270 867 308 895 13
338 863 444 895 Verbis
467 863 638 904 prioribus]
660 864 738 895 Hoc
766 868 831 903 cst,
858 873 924 895 ser-

981 824 1102 854 nempe
1135 816 1278 846 Romani
1302 815 1486 846 utebantur
1517 816 1577 846 sub
1608 817 1679 847 Do·

980 865 1129 896 mitiano.

837 997 1078 1039 LXXIII.

787 1089 853 1118 AD
890 1088 1120 1119 MARCUM.

226 1158 417 1198 L1TERA
440 1156 617 1198 facundi
639 1160 811 1210 gratum
832 1155 939 1197 mihi
961 1156 1123 1209 pignus
1145 1156 1279 1197 amici

282 1225 483 1275 Pertulit,
505 1224 719 1266 Ausoniae
743 1224 861 1266 dona
878 1238 1033 1265 severa
1053 1229 1170 1278 togae
1190 1239 1200 1265 z

225 1294 329 1345 Qua
348 1307 435 1334 non
458 1292 704 1341 Fabricius,
726 1292 800 1333 sed
825 1293 958 1333 vellet
979 1291 1167 1345 Apicius
1188 1292 1265 1340 uti,

280 1361 429 1402 Vellet
451 1359 677 1402 Maecenas
700 1360 986 1401 Caesarianus
1005 1373 1156 1413 eques.

224 1429 371 1470 Vilior
390 1429 488 1470 haec
509 1428 640 1469 nobis
662 1428 750 1468 alio
771 1428 972 1468 mittente
994 1427 1174 1468 fuisset:
1647 1430 1674 1469 5

281 1497 387 1538 Non
409 1509 688 1550 quacumque
705 1508 839 1536 manu
863 1495 1044 1536 victima
1065 1508 1185 1536 caesa
1204 1494 1317 1536 litat.

223 1566 265 1608 A
286 1570 328 1607 te
350 1565 487 1606 missa
508 1565 649 1605 venit:
681 1577 861 1617 possem
882 1563 970 1604 nisi
992 1576 1152 1604 munus
1175 1576 1337 1612 amare,

280 1634 450 1683 Marce,
473 1638 617 1674 tuum:
650 1637 850 1685 poteram
872 1645 1032 1672 nomen
1054 1645 1200 1673 amare
1222 1643 1382 1671 meum.

222 1701 411 1743 Munere
432 1701 509 1742 sed
529 1701 630 1754 plus
650 1704 729 1749 est,
748 1704 790 1740 et
808 1700 982 1740 nomine
1003 1699 1172 1752 gratius
1194 1699 1311 1752 ipso,

279 1769 482 1811 Officium
504 1768 639 1817 docti,
653 1767 959 1822 judiciumque
979 1767 1077 1808 viri.
1624 1766 1678 1808 10

264 1890 406 1929 Epistola
429 1888 537 1920 attulit
561 1892 691 1927 gratum
714 1887 790 1917 mihi
815 1886 932 1927 pignus
958 1886 1041 1917 docti
1066 1886 1171 1925 «inici,
1194 1887 1274 1917 dona
1302 1895 1409 1917 sei-era
1436 1889 1517 1924 logae
1530 1885 1678 1918 Italica.-

219 1933 339 1973 quanti
367 1932 458 1962 nollet
475 1931 652 1969 fabricius,
674 1931 726 1960 sed
744 1930 875 1969 Apicius
890 1930 991 1968 vellet,
1014 1934 1049 1960 et
1069 1929 1223 1960 Maecenas
1244 1938 1331 1969 eques
1357 1929 1564 1962 Caesarianus.
1610 1931 1678 1960 Ex-

218 1977 405 2006 istimassem
428 1974 507 2004 hanc
529 1974 669 2004 viliorem
694 1973 755 2003 alio
780 1974 941 2003 mittente:

974 1972 1103 2002 victima
1125 1982 1186 2003 non
1213 1972 1285 2002 litat
1308 1973 1466 2002 immolata
1492 1982 1679 2013 quacumque

218 2029 322 2049 manu.
370 2017 400 2048 Ο
430 2017 553 2055 Blarce,
574 2016 638 2046 nisi
655 2025 773 2056 possem
788 2025 893 2046 amm-e
919 2018 1007 2045 tunm
1029 2016 1152 2055 (Ionum,
1171 2019 1310 2055 poteram
1325 2025 1428 2045 amare
1442 2025 1541 2046 meum
1556 2026 1676 2047 nomeu.

220 2063 265 2092 At
278 2060 421 2103 qfficium,
443 2063 473 2091 et
480 2059 636 2099 judicium
650 2059 711 2090 viri
727 2058 841 2089 eruditi
852 2059 923 2099 plus
938 2061 983 2089 est
999 2059 1088 2099 dono,
1113 2062 1141 2089 et
1149 2058 1319 2097 jucundius
1335 2058 1400 2098 ipso
1415 2058 1548 2089 nomine.

831 2143 928 2155 ααααα

259 2183 279 2212 2
303 2180 420 2212 Serena
441 2177 648 2211 Beverlandi
663 2178 728 2209 Ms.

874 2220 1020 2252 NOTAE

262 2290 278 2318 1
303 2285 571 2325 Literafacundi]
594 2285 705 2315 Marci
719 2293 841 2324 nempe
854 2283 921 2315 An-

217 2337 305 2370 tonii
327 2336 449 2375 Primi,
475 2335 518 2367 de
545 2345 610 2377 quo
639 2335 738 2376 Epig.
765 2337 836 2366 100.
861 2335 919 2366 lib.

217 2397 270 2419 lx.
286 2391 323 2418 et
339 2389 391 2418 32.
405 2395 519 2425 supra.

260 2437 399 2478 Pignus]
420 2436 558 2468 Scilicet
576 2440 704 2476 togam,
733 2444 831 2475 quam
859 2444 921 2474 per

218 2488 467 2530 appositionem
499 2491 612 2525 vocat,

257 2543 277 2571 2
289 2539 383 2570 Dona
395 2536 516 2577 severa]
532 2535 631 2569 Quod
641 2541 720 2575 toga
729 2539 921 2574 uterentur,

216 2600 292 2622 cum
306 2599 401 2630 reges
418 2598 496 2618 suos
511 2587 685 2618 colerent:
703 2586 853 2626 synthesi
867 2595 922 2616 au-

216 2646 298 2679 tem,
315 2649 392 2671 cum
407 2638 507 2669 rebus
525 2638 612 2668 laetis
627 2646 766 2678 operam
777 2636 920 2668 darent:

217 2691 353 2732 Epig.l.
372 2688 431 2719 lib.
448 2697 526 2719 xrv.

259 2745 277 2772 3
302 2739 482 2779 Fabricius]
506 2739 571 2770 Ille
598 2748 722 2780 nempe
738 2743 921 2779 pauperta-

217 2794 258 2823 tis
283 2792 407 2830 cultor,
433 2791 526 2830 cnjus
553 2790 709 2820 meminit
736 2789 838 2830 Epig.
866 2792 920 2821 68.

216 2843 273 2875 lib.
288 2852 355 2874 vu.
395 2842 447 2873 De
461 2842 632 2873 luxurioso
649 2841 773 2883 Apicio
791 2842 920 2875 dictum

977 2284 1077 2324 Epig.
1094 2287 1149 2314 69.
1162 2283 1216 2315 lib.
1230 2292 1272 2314 Π.

1017 2338 1036 2366 4
1061 2334 1231 2374 Maecenas]
1255 2334 1345 2365 Satis
1373 2338 1474 2364 notus
1502 2342 1544 2363 ex
1570 2332 1679 2364 Hora-

976 2384 1036 2416 tio.
1096 2384 1273 2416 Juvenalis
1305 2385 1376 2415 Sat.
1402 2393 1465 2415 ΧΠ.
1511 2384 1678 2416 ‘Vestem

977 2436 1191 2476 Purpuream
1210 2436 1337 2467 teneris
1354 2445 1488 2477 quoque
1504 2435 1679 2467 Maecena-

979 2485 1068 2517 tibus
1080 2486 1220 2526 aptam.’

1022 2536 1233 2576 Caesarianus]
1259 2536 1347 2568 Nam
1362 2536 1548 2577 apartibus
1571 2537 1680 2568 Caesa-

978 2588 1023 2618 ris
1040 2587 1190 2627 Augusti
1207 2588 1315 2625 stetit,
1334 2588 1432 2627 cujus
1449 2586 1515 2618 fuit
1538 2586 1679 2618 familia-

979 2638 1143 2669 rissimus.

1020 2692 1040 2719 6
1063 2689 1169 2730 Litat]
1194 2688 1270 2720 Hoc
1301 2692 1366 2729 est,
1396 2698 1462 2719 non
1494 2692 1548 2719 est
1579 2692 1678 2728 grata

976 2740 1066 2772 Diis.

1018 2793 1037 2821 S
1063 2791 1184 2822 Nomen
1209 2791 1328 2831 amare]
1351 2789 1462 2821 Po'eta
1478 2789 1567 2820 enim
1584 2788 1676 2820 Mar-

976 2852 1034 2874 cus
1049 2853 1183 2885 quoque
1201 2847 1355 2873 vocatur.
