1893 3225
587 249 986 278 EPIGRAMMATL'M
1030 250 1069 277 Ill
1085 251 1118 277 Β.
1145 250 1246 277 xlv.

1528 240 1638 280 1049

846 342 984 374 NOTAE

231 414 250 442 2
274 412 372 442 Istius
386 411 488 452 pueri]
514 413 568 443 De
581 413 728 453 quojam
743 411 888 442 diximus
945 422 1030 451 runi,
1057 423 1155 453 quom
1184 412 1328 444 amando
1354 413 1480 443 Brutus
1514 413 1642 454 Philip-

189 462 287 503 Epig.
303 466 355 493 51.
373 462 430 493 lib.
447 471 500 494 1x.
517 462 647 493 Plinius
676 463 732 493 lib.
755 471 886 493 xxxiv.

189 522 263 553 cap.
280 517 311 544 8.
360 513 447 544 Item
466 512 548 545 fecit
564 512 791 554 Apollodorus
806 523 887 553 pue-

944 463 1056 504 pensis
1073 464 1274 504 cognomine
1291 473 1350 494 suo
1367 464 1556 495 illustravit.

790 675 1045 717 CLXXII.

562 767 583 796 S
593 767 654 796 AU
664 767 914 797 ROCTONOS

947 767 1274 798 CORINTHIUS.

192 832 269 875 An
290 839 333 874 te
354 834 560 888 reptanti,
582 847 688 888 puer
709 833 934 884 insidiose,
956 834 1136 876 lacertae

251 902 413 944 Parce:
446 903 570 956 cupit
592 902 741 955 digitis
763 902 838 943 illa
860 902 1000 954 perire
1023 903 1123 943 tuis.

238 1016 268 1048 O
280 1027 357 1057 puer
372 1017 531 1058 insidiose,
547 1018 669 1057 ignosce
684 1019 808 1049 Iacertoe
824 1018 942 1058 repenti
955 1020 994 1049 ad
1010 1022 1039 1049 te
1050 1029 1060 1048 .·
1084 1019 1137 1049 illut
1150 1022 1236 1059 optat
1249 1018 1346 1049 occidi
1362 1021 1373 1048 t
1379 1018 1424 1048 nis
1439 1018 1561 1058 digitis.

801 1101 919 1112 ““““

921 1102 1039 1112 cneaeo

236 1158 437 1187 Sauroclonos
451 1157 620 1187 coriantius
634 1157 763 1187 Thuan.
781 1158 857 1188 cod.
876 1157 1079 1188 Sauroctonos
1097 1160 1133 1188 C.
1151 1157 1203 1188 ed.
1220 1157 1391 1188 Seni-evel.

852 1243 992 1275 NOTAE

236 1307 457 1350 Sauroctonos]
494 1308 524 1339 A
561 1308 667 1339 κτείνω
701 1309 815 1348 occido,

193 1360 303 1400 σαῦρος
315 1361 447 1391 lacerta:
473 1360 535 1391 hoc
551 1366 616 1398 est,
629 1360 792 1391 lacertam
807 1361 894 1392 occi-

194 1411 289 1441 dens.
336 1410 505 1440 Nimirum
523 1410 675 1450 intellige
689 1410 834 1450 sigillum
851 1421 893 1441 ex

197 1471 265 1493 aere
288 1462 464 1493 Corinthio
492 1460 632 1493 factum.
666 1462 799 1492 Plinius
831 1462 893 1493 lib.

198 1521 325 1543 xxxlv.
355 1521 428 1553 cap.
455 1515 487 1542 8.
515 1512 523 1528 ‘
541 1512 639 1543 Fecit
667 1512 893 1552 [Praxiteles]

860 1314 896 1340 et
951 1314 985 1341 et
1003 1311 1166 1351 puberem
1185 1308 1383 1349 subrepenti
1396 1308 1534 1338 lacertae
1547 1307 1650 1337 comi-

950 1372 1011 1392 nus
1038 1363 1163 1403 sagitta
1182 1361 1411 1398 insidiantem,
1440 1368 1539 1400 quem
1568 1359 1647 1388 Sau-

950 1421 1115 1446 roctonon
1128 1411 1272 1444 vocant!

992 1469 1011 1495 2
1038 1464 1148 1504 Cupit]
1173 1461 1334 1494 Utnobili
1347 1459 1417 1491 fato
1435 1464 1564 1500 pereat.

778 1646 1062 1689 CLXXIII.

485 1737 819 1767 HYActN‘rHUS
854 1738 905 1767 1N
940 1736 1140 1765 'FABULA
1176 1733 1364 1764 Plo'ros.

200 1812 418 1853 FLEch‘r
442 1813 499 1853 ab
520 1812 667 1853 inviso
689 1811 915 1851 morientia
936 1810 1101 1850 lumina
1122 1808 1248 1848 disco

258 1881 486 1930 OEbalius,
509 1880 674 1922 Phoebi
695 1879 830 1932 culpa
849 1878 1078 1932 dolorque,
1099 1889 1220 1930 puer.

239 1993 326 2024 Puer
345 1992 502 2032 OEbalius,
516 1991 630 2022 crimen
644 1991 754 2022 Phoebi
767 1993 797 2022 et
809 2000 932 2029 moeror,
946 1989 1062 2020 avertit
1077 1988 1178 2019 oculos
1189 1986 1355 2017 morientes
1370 1995 1388 2016 α
1401 1984 1485 2015 disco
1498 1983 1610 2014 odioso.

810 2075 924 2086 eeeeee

244 2114 259 2142 1
286 2111 418 2143 Flectite
434 2110 511 2141 cod.
527 2110 656 2141 Thuan.

928 2075 1044 2086 eeeeee

854 2150 994 2183 NOTAE

245 2221 261 2249 l
298 2217 416 2249 flectit
444 2216 497 2256 ab]
536 2216 721 2258 Hyacinthi
748 2216 900 2248 meminit

202 2269 336 2300 Plinius
365 2267 424 2298 lib.
456 2275 573 2298 xxxv,
599 2276 673 2307 cap.
702 2269 754 2298 ll.
789 2266 899 2306 ‘Hya-

203 2321 338 2352 cinthus
381 2321 481 2362 [opus
513 2320 635 2351 Niceae
663 2318 901 2358 Atheniensis]

203 2381 302 2413 quem
317 2372 431 2403 Caesar
443 2370 630 2410 Augustus,
643 2370 834 2400 delectatus
849 2378 901 2407 eo,

204 2432 319 2453 secum
343 2421 539 2461 deportavit
554 2419 763 2451 Alexandria
786 2425 902 2460 capta,

206 2478 241 2504 et
272 2473 316 2503 ob
342 2471 376 2502 id
406 2471 569 2502 Tiberius
601 2472 715 2503 Caesar
750 2470 784 2500 in
820 2474 902 2501 tem·

205 2524 262 2564 plo
286 2523 360 2563 ejus
370 2521 499 2553 dicavit
511 2521 596 2552 lianc
611 2520 786 2553 tabulam!
823 2520 906 2552 Ovi-

205 2574 278 2604 dius
296 2582 331 2605 x.
348 2573 434 2604 Met.
458 2573 468 2588 ⁴
484 2571 639 2612 Laberis,
652 2570 824 2611 OEbalide,
838 2570 906 2611 pri-

206 2633 261 2655 ma
272 2622 430 2654 fraudate
442 2623 599 2663 juventa,
615 2621 762 2653 Phoebus
780 2622 841 2661 ait,
856 2621 903 2652 vi-

207 2675 339 2715 deoque
371 2679 464 2705 tuum
490 2683 567 2705 mea
590 2672 730 2705 crimina
758 2672 902 2705 vulnus.’

997 2218 1016 2246 2
1042 2214 1201 2254 OEbalius]
1215 2212 1374 2253 Amyclas
1386 2209 1453 2241 fuit
1469 2214 1568 2249 pater
1582 2209 1654 2250 Hy-

957 2266 1098 2304 acinthi,
1129 2264 1284 2295 conditor
1321 2261 1552 2301 Amyclarum,
1578 2270 1652 2300 quae

957 2316 1035 2347 urbs
1052 2314 1118 2346 fuit
1145 2313 1304 2344 Laconiae
1323 2322 1332 2350 ;
1356 2311 1411 2342 ubi
1430 2310 1524 2351 pueri
1549 2315 1656 2340 tumu-

957 2367 1007 2397 lus
1025 2365 1086 2397 sub
1097 2364 1266 2406 Apollinis
1282 2364 1391 2402 signo.
1437 2362 1487 2391 Ex
1504 2360 1656 2400 Cynorta

955 2416 1064 2447 fratre
1087 2413 1273 2456 Hyacinthi
1296 2417 1394 2444 natus
1411 2410 1575 2447 OEbalius,
1598 2410 1655 2450 qui

958 2465 1117 2507 regnavit
1139 2463 1312 2505 Amyclis3
1344 2473 1363 2493 a
1391 2472 1455 2502 quo
1482 2460 1572 2491 forte
1603 2470 1654 2490 re·

959 2517 1026 2558 gio,
1047 2520 1107 2547 aut
1132 2514 1211 2545 urbs
1227 2513 1361 2546 OEbalia
1381 2513 1483 2551 dicta,
1507 2510 1595 2541 nude
1619 2514 1655 2540 et

961 2566 1176 2608 Hyacinthus
1193 2564 1358 2595 OEbalius.
1403 2562 1490 2592 Vide
1507 2561 1653 2592 Pansam

959 2619 994 2651 in
1010 2617 1184 2650 Laconicis
1196 2615 1292 2647 initio
1308 2614 1365 2645 lib.
1382 2621 1440 2644 ιιι.
