1893 3225
531 234 940 266 EPIGRAMMATUM
980 236 1072 265 mu.
1098 236 1147 266 x.
1485 230 1571 271 '723

111 329 299 381 Quando
321 330 404 372 crit
422 330 497 371 ille
519 330 626 380 dies,
643 343 730 384 qno
749 342 950 383 campu5‚
971 334 1014 372 et
1035 331 1178 380 arbor,
1201 335 1247 372 et
1269 331 1410 373 omnis

169 397 357 440 Lucebit
379 398 509 440 Latia
525 397 642 438 culta
663 397 855 438 fenestra
875 411 985 439 nuru
1006 399 1024 438 Ί

112 465 304 517 Quando
325 480 461 508 morae
480 466 649 516 dulces,
670 466 917 520 longusque
939 481 965 508 a
987 467 1168 509 Caesare
1184 468 1348 521 pulvis,
1542 472 1570 510 5

166 533 368 588 Totaque
392 534 608 575 Flaminia
631 533 778 575 Roma
798 535 989 576 videnda
1005 536 1110 577 via?

110 600 304 652 Quando
326 616 476 656 eques,
496 607 542 643 et
561 602 673 656 picti
692 602 844 644 tunica
866 602 1064 644 Nilotide
1084 602 1234 645 Mauri

166 670 296 711 Ibitis
310 672 329 711 ’ἒ
361 674 404 712 et
423 671 576 725 populi
601 684 691 713 vox
712 671 796 712 erit
812 684 916 722 una,
939 670 1108 713 Venit?

108 783 358 823 Septemtrionis.

419 783 549 817 Quando
574 783 716 814 adveniet
740 783 792 814 ille
817 783 895 822 dies,
918 793 977 823 quo
1006 793 1144 823 εαηηηιε,
1172 786 1202 814 et
1232 781 1335 819 arbor,
1359 785 1452 823 atque
1475 782 1573 813 omnis

100 826 246 862 fenestra
262 825 401 863 fulgebit
424 831 533 856 ornata
549 826 727 857 mulieribus
742 824 870 858 Latiis?
897 826 1028 861 Quando
1047 829 1143 864 grata
1158 825 1388 866 impedimenta,
1412 829 1442 857 et
1463 827 1573 863 longus

104 869 208 908 pulvis
224 869 392 899 excitatus
409 879 428 899 (ι
453 869 590 901 Coesnre,
613 872 643 900 et
660 873 724 900 tota
751 869 852 900 Roma
865 870 1079 910 conspicienda
1095 869 1128 899 in
1145 869 1194 899 via
1212 868 1391 900 Flaminia?
1425 869 1455 900 O
1484 878 1574 909 eques

107 916 138 942 et
155 911 263 942 Mauri
274 911 354 951 picti
369 912 473 943 tunica
487 912 641 953 Nilotide,
657 914 776 952 quando
790 912 959 954 proeibitz's,
981 916 1073 953 atque
1087 922 1149 943 una
1163 923 1224 943 vox
1239 913 1299 943 erit
1310 913 1426 953 populi,
1447 910 1560 943 Venit?

766 987 912 1019 NOTAE

107 1049 275 1081 sideribus
299 1050 424 1091 saepius
439 1050 581 1082 dictum.
627 1051 814 1083 Germania

910 1056 930 1084 6
954 1051 1128 1093 Flaminia]
1160 1051 1238 1085 Qua
1254 1051 1319 1083 iter
1345 1057 1398 1084 est
1420 1052 1454 1083 in
1486 1053 1572 1084 Ger-

108 1105 223 1131 autem
241 1105 295 1132 est
310 1100 352 1131 ad
374 1101 676 1142 Septemtrionem,
692 1112 736 1132 ex
747 1113 813 1144 qua
869 1103 1028 1134 maniam.

109 1151 282 1182 rediturus
296 1156 372 1183 erat
388 1152 569 1193 Trajanus.
605 1152 694 1183 Vide
708 1152 809 1194 Epig.

109 1211 264 1243 sequens.

151 1255 171 1282 4
195 1252 324 1284 Lucebit
335 1252 446 1293 Latia]
478 1252 554 1284 Hoc
576 1256 639 1292 est,
667 1263 731 1293 quo
756 1253 811 1284 die

107 1313 223 1335 omues
252 1304 340 1336 Latii
380 1305 539 1336 mulieres
576 1315 618 1336 ex
649 1304 810 1336 fenestris

106 1354 293 1395 Trajanum
307 1355 506 1388 redeuntem
521 1355 739 1397 spectabunt.

909 1156 927 1184 7
955 1154 1085 1188 Quando
1101 1163 1201 1193 equeS‚
1221 1157 1251 1184 et
1274 1153 1368 1194 picti]
1404 1153 1482 1186 Hoc
1509 1160 1575 1192 est,

866 1204 1000 1245 equites
1015 1205 1131 1234 Mauri
1154 1202 1279 1235 induti‘
1293 1210 1389 1236 veste
1411 1205 1573 1247 AEgyptia

868 1255 970 1285 variis
1001 1254 1173 1285 coloribus
1202 1255 1308 1295 picta.
1355 1255 1442 1286 Vide
1470 1256 1573 1296 Epig.

867 1308 920 1337 13.
945 1304 1056 1336 infra:
1097 1305 1165 1335 ‘Et
1192 1304 1298 1345 Libys
1321 1305 1354 1336 iu
1383 1306 1486 1346 longo
1503 1307 1574 1347 pul-

866 1365 948 1387 vere
966 1355 1067 1387 sudet
1083 1354 1212 1397 eques.'

508 1545 575 1575 AD
610 1544 846 1584 RHENUM,
880 1545 945 1574 DE
981 1544 1167 1574 EODEM.

225 1611 269 1653 N
274 1623 306 1652 Y
315 1623 566 1654 MPHARUM
588 1617 710 1666 pater
731 1613 1026 1665 amniumque,
1047 1611 1220 1662 Rhene,

225 1680 503 1734 Quicumque
526 1680 740 1735 Odrysias
760 1681 918 1721 bibunt
939 1679 1133 1732 pruinas,

221 1748 298 1788 Sic
317 1761 493 1801 semper
512 1749 693 1802 liquidis
714 1749 875 1790 fruaris
896 1747 1044 1797 undis,
1081 1744 1090 1748 ’

224 1815 323 1856 Nec
346 1820 386 1857 te
407 1816 596 1857 barbara
613 1816 928 1858 contumeliosi

222 1883 454 1925 Calcatum
475 1888 569 1926 rota
590 1883 786 1926 conterat
806 1883 1016 1935 bubulci3

1546 1885 1574 1924 U!

223 1951 298 1992 Sic
321 1955 362 1992 et·
383 1952 591 1993 cornibus
614 1965 772 1993 aureus
793 1951 1008 2005 receptis,

151 2054 182 2083 0
196 2055 317 2092 Rhene,
328 2058 416 2095 pater
431 2056 648 2096 Nympharum
659 2056 938 2097 atqueflnriornm,
949 2056 1128 2095 quic-umque
1140 2054 1300 2094 excipiunt
1308 2055 1439 2094 pruinas
1457 2055 1573 2096 Othry-

107 2099 185 2137 sz'as,
199 2098 244 2129 sic
258 2108 375 2138 semper
390 2099 502 2130 habeas
521 2109 615 2140 aquas
622 2099 771 2139 fluentes,
785 2109 840 2130 nec
855 2099 987 2129 barbara
1001 2101 1071 2128 rota
1087 2098 1233 2137 injuriosi
1247 2097 1369 2130 bubulci
1388 2101 1526 2129 conterat
1543 2103 1573 2129 te

742 2181 779 2192 «ι

927 2180 967 2190 eo—

151 2219 203 2251 De
224 2221 328 2251 eodem
354 2221 514 2252 nesciunt
532 2221 611 2252 edd.
636 2221 801 2262 antiquae.
829 2221 882 2251 De
898 2221 964 2252 eod.
979 2221 1019 2251 ad
1035 2220 1076 2250 R.
1101 2219 1242 2251 exhibet
1268 2219 1325 2251 ed.
1349 2220 1571 2251 Barbouii.——

108 2265 128 2293 2
154 2263 282 2304 Othrys.
310 2263 387 2294 edd.
412 2269 495 2294 vett.
513 2269 546 2294 et
564 2265 740 2295 Barbouii.
790 2265 851 2295 011.
873 2263 945 2294 rell.
963 2269 997 2294 et
1021 2264 1070 2294 sic
1086 2263 1154 2294 Ms.
1172 2263 1419 2294 Pulmann.——3
1447 2264 1574 2295 Frueris

108 2305 185 2337 edd.
211 2311 296 2338 vett.
342 2307 456 2337 Fruar.
488 2307 562 2338 reil.
589 2313 624 2339 et
654 2308 704 2338 sic
739 2307 786 2339 id.
811 2307 946 2338 Ms.-e
968 2306 1086 2338 Aureis
1111 2305 1159 2337 id.
1187 2306 1264 2337 cod.
1300 2311 1335 2337 et
1359 2307 1408 2337 sic
1436 2307 1574 2346 legend.

768 2387 910 2419 NOTAE

152 2447 171 2475 2
197 2445 387 2486 Quicumque
406 2448 483 2478 Oclr.
512 2447 713 2489 [Othrysias]
752 2448 808 2479 De

107 2495 170 2526 hac
187 2505 269 2526 voce
283 2496 409 2527 dictum
422 2498 522 2538 Epig.
537 2501 566 2529 8.
579 2499 637 2529 lib.
652 2507 716 2530 v11.
740 2497 809 2529 Alii

113 2546 276 2586 Odrysias.
323 2546 460 2587 Odryse
477 2549 619 2580 Thracia
634 2554 708 2580 est:
734 2559 810 2590 quae

109 2606 174 2627 vox
191 2597 291 2627 latius
316 2598 460 2628 sumitur
475 2609 494 2628 a
515 2599 625 2635 Poeta
641 2609 703 2639 pro
730 2600 812 2640 Sep-

109 2647 317 2685 temtrione3
355 2647 493 2678 Rhenus
520 2649 608 2679 enim
633 2650 811 2681 Thraciam

110 2708 176 2730 non
213 2697 320 2729 alluit.
375 2698 541 2728 ‘Pruinas
554 2698 562 2711 ’
595 2700 737 2740 glaciem
775 2704 812 2731 et

110 2750 204 2780 nives
220 2747 423 2792 liquefactas
441 2748 606 2789 intellige.

153 2801 172 2829 4
199 2799 305 2830 Necte
321 2797 468 2838 barbara]
491 2799 569 2830 Hoc
586 2803 660 2830 est:
685 2799 760 2831 Nec
777 2803 811 2830 te

866 2446 943 2487 gelu
980 2446 1202 2477 constrictum
1231 2451 1391 2486 premant
1422 2447 1574 2486 plausu-a

866 2497 1100 2529 bubulcorum.

909 2550 929 2578 6
956 2547 1012 2578 Sic
1027 2550 1057 2578 et
1073 2546 1232 2587 cornibus]
1267 2547 1309 2578 In
1341 2546 1425 2577 duas
1455 2548 1573 2587 praeci-

866 2608 932 2639 pue
951 2603 1077 2638 partes,
1092 2608 1167 2639 quae
1192 2607 1319 2628 cornua
1335 2602 1509 2636 vocantur,
1526 2597 1576 2628 di-

867 2650 994 2680 viditur
1006 2650 1142 2680 Rhenus
1157 2659 1166 2687 ;
1188 2658 1331 2690 quorum
1342 2648 1487 2678 alterum
1502 2658 1576 2678 cor-

865 2710 923 2740 nu,
940 2699 1050 2740 inquit
1061 2699 1250 2737 Domitius,
1264 2698 1438 2728 habebant
1455 2699 1576 2728 Trans-

866 2750 1006 2780 rhenani
1020 2760 1028 2787 ;
1047 2750 1193 2780 alterum
1205 2758 1285 2780 vero
1300 2753 1373 2779 erat
1387 2748 1420 2778 in
1434 2748 1575 2787 imperio

867 2800 1108 2831 Romanorum.
1152 2799 1162 2816 ‘
1187 2797 1344 2830 Aureus’
1373 2798 1512 2837 dicitur,
1536 2802 1575 2828 ut
