1924 3225
299 241 383 282 5:36
774 251 821 279 M.
854 249 967 280 VAL.
1003 249 1284 279 MARTL-xms

960 397 1092 438 LIX.

825 488 887 517 DE
920 485 1213 517 CAECHAANO.

301 555 410 597 NON
437 560 583 598 coenat
603 556 699 596 sine
721 568 827 609 apro
847 557 1009 602 noster,
1029 552 1148 600 Tite,
1171 551 1453 592 Caecilianus.

356 624 534 665 Bellum
555 625 787 666 convivam
810 622 1077 663 Caecilianus
1098 620 1242 660 habet.

346 735 377 767 Ο
396 736 477 777 Tite,
502 736 690 767 Caecz'lianas
702 738 804 766 noster
818 744 877 765 non
891 736 990 764 coenat
1010 732 1075 763 sine
1090 740 1187 772 apro:
1213 730 1400 761 Coecilianus
1415 730 1504 761 habet
1519 731 1678 770 egregium
1689 741 1759 762 eon·

298 789 414 811 ravam.
1572 795 1580 811 x

909 826 1144 840 eeeeeeeeeeee

344 886 467 928 Neque
485 886 517 916 in
534 886 595 917 hoc
613 885 865 926 Epigrammate
881 883 1061 926 quicquam
1078 882 1208 913 variant
1223 881 1299 912 libri
1318 881 1438 922 scripti
1456 885 1514 912 aut
1529 881 1659 912 excusi.

957 970 1097 1002 NOTAE

346 1041 362 1069 l
381 1038 456 1069 Siue
470 1037 559 1078 apra]
583 1036 682 1068 Unde
698 1037 872 1069 Juvenalis
887 1038 959 1068 Sat.
977 1046 1000 1068 1.
1056 1036 1128 1076 ejus
1159 1035 1335 1066 convivam
1367 1034 1531 1075 appellat.
1586 1032 1759 1065 Domitius

304 1091 377 1121 141.
422 1089 431 1105 ‘
448 1093 574 1129 quanta
590 1094 641 1119 est
655 1088 732 1128 gula
746 1098 819 1128 quae
833 1088 896 1118 sibi
909 1092 1000 1118 totos
1057 1091 1170 1118 tamen
1186 1086 1314 1117 mavult
1327 1085 1370 1116 de
1388 1094 1475 1126 apro
1487 1085 1622 1116 homine
1638 1085 1760 1116 intelli-

303 1139 407 1170 Ponit
422 1148 536 1179 apros,
551 1138 671 1168 animal
687 1143 829 1178 propter
843 1138 1003 1169 convivia
1056 1146 1148 1177 gere,
1177 1137 1273 1177 cnjus
1302 1135 1459 1167 meminit
1499 1135 1611 1168 Poeta
1637 1135 1696 1168 lib.
1721 1144 1757 1168 x.

302 1189 445 1228 natum,'
474 1191 537 1220 Sec.
580 1189 710 1229 Aprum
738 1198 819 1229 ergo
849 1189 910 1219 sibi
939 1190 1002 1220 soli
1057 1188 1158 1229 Epig.
1176 1190 1226 1218 15.
1251 1187 1366 1227 Eligat
1383 1187 1501 1219 lector.

302 1240 496 1282 apponebat
518 1240 731 1279 Caeciiianus,
759 1249 857 1281 quem
887 1240 1001 1271 facete

703 1462 768 1490 AD
800 1460 963 1491 JOVEM
997 1461 1362 1492 CAPITOLINUM.

475 1527 714 1568 TARPEIAE
738 1528 981 1570 venerande
1001 1535 1144 1570 rector
1162 1530 1296 1580 aulae,

474 1595 619 1646 Quem
637 1597 764 1637 salvo
786 1597 895 1639 duce
918 1598 1134 1638 credimus
1160 1598 1424 1647 Tonantem,

474 1663 584 1704 Cum
604 1665 722 1705 votis
742 1665 827 1705 sibi
847 1666 1034 1719 quisque
1055 1670 1095 1706 te
1115 1665 1280 1717 fatiget,

473 1730 532 1771 Et
551 1737 711 1784 poscat
732 1732 853 1782 dare,
875 1746 975 1787 quae
1000 1733 1087 1773 Dei
1108 1733 1322 1786 potestis:

472 1798 551 1840 Nil
572 1813 652 1853 pro
672 1813 741 1840 me
763 1801 883 1849 mihi,
902 1800 1092 1855 Jupiter,
1112 1800 1276 1854 petenti
1733 1799 1761 1838 5
1794 1798 1797 1805 “

472 1865 544 1908 Ne
567 1868 891 1917 succensueris,
914 1868 1033 1909 velut
1052 1868 1256 1921 superbo.

472 1933 537 1974 Te
556 1947 637 1987 pro
659 1934 838 1976 Caesare
861 1935 1002 1976 debeo
1022 1948 1191 1988 rogare:

472 2000 562 2042 Pro
583 2015 652 2043 me
675 2003 818 2044 debeo
841 2002 1067 2044 Caesarem
1085 2015 1254 2056 rogare.

346 2119 376 2151 0
400 2122 523 2153 colende
535 2121 724 2159 gubernator
739 2124 818 2154 auloe
837 2124 992 2164 Tar-pem,
1007 2133 1095 2165 quem
1120 2125 1292 2155 Tonantem
1316 2127 1461 2165 putamus
1487 2125 1601 2165 sospite
1625 2124 1763 2165 Impera-

302 2167 378 2202 tore,
393 2175 459 2195 cum
475 2166 600 2205 quilibet
624 2177 678 2205 pro
699 2177 730 2197 se
753 2170 782 2197 te
798 2171 901 2197 oneret
920 2170 1010 2204 totis,
1024 2171 1053 2198 et
1067 2171 1155 2207 petat
1172 2171 1205 2198 ut
1221 2169 1378 2205 concedas,
1393 2178 1462 2207 (μα’
1479 2168 1539 2199 Dii
1567 2169 1716 2208 potestis:
1741 2178 1760 2199 o

303 2207 441 2246 Jupiter,
465 2218 501 2238 ne
517 2209 665 2239 irascaris
680 2209 756 2240 mihi
782 2210 859 2240 nihil
882 2211 1019 2250 poscenti
1048 2220 1106 2249 pro
1121 2220 1180 2250 me,
1194 2212 1275 2241 telut
1287 2211 1463 2250 arroganti.
1506 2211 1612 2242 Debeo
1627 2220 1715 2242 orare
1731 2214 1762 2241 te

301 2258 357 2287 pro
372 2251 516 2282 (αέανει
540 2257 575 2282 at
590 2252 683 2283 debeo
707 2262 795 2284 orare
812 2254 965 2284 Caesarem
979 2264 1035 2294 pro
1051 2263 1108 2285 me.

913 2326 1148 2338 eeeeeeeeeeee

344 2372 396 2401 Ad
411 2371 519 2403 Jovem
534 2373 654 2405 lemma
670 2380 723 2406 est
741 2376 775 2406 in
790 2375 867 2407 edd.
885 2381 1035 2409 vett.—-4
1058 2376 1128 2408 Alii
1145 2378 1284 2418 legunt:
1309 2387 1376 2418 quae
1388 2376 1609 2417 Deipolestas.

955 2452 1100 2484 NOTAE

346 2512 361 2540 1
391 2509 545 2550 Tarpeioe]
582 2511 660 2543 Hoc
691 2518 755 2553 est,
770 2516 945 2557 Capitolii,
970 2516 1004 2547 in
1101 2520 1121 2548 8
1144 2518 1210 2548 Pro
1225 2527 1272 2548 me
1288 2516 1394 2557 debeo]
1431 2517 1554 2549 Potest
1576 2517 1665 2548 enim
1691 2517 1764 2548 Do-

303 2570 369 2602 quo
385 2561 562 2592 colebatur
574 2563 725 2603 Jupiter.
1059 2569 1218 2600 mitianus
1244 2569 1323 2599 mihi
1349 2569 1572 2609 suppeditare
1593 2578 1667 2610 quae
1683 2573 1764 2600 sunt

344 2614 364 2642 2
391 2612 489 2646 Quem
503 2612 603 2652 salvo]
628 2614 736 2645 Quem
749 2616 871 2648 Jovem
888 2618 1002 2649 Deum
1058 2620 1258 2651 necessaria.
1303 2620 1424 2660 Turpis
1437 2620 1509 2650 haec
1526 2624 1578 2650 est
1593 2629 1675 2660 erga
1691 2620 1764 2650 Do-

301 2661 483 2701 eredimus,
505 2663 598 2694 salvo
617 2664 825 2698 Domitiano.
870 2669 925 2700 Sic
944 2669 1000 2700 lib.
1058 2670 1237 2701 mitianum
1265 2668 1438 2708 adulatio;
1477 2671 1574 2711 quasi
1600 2679 1680 2701 vero
1704 2670 1761 2700 ille

303 2721 337 2743 v.
364 2712 462 2753 Epig.
484 2716 512 2744 1.
805 2730 808 2734 ¹
1057 2722 1152 2752 velut
1171 2721 1265 2751 Deus
1282 2720 1450 2760 potuisset
1465 2720 1658 2752 Martialem
1674 2720 1762 2751 tueri

343 2766 363 2793 4
390 2764 468 2798 Quae
485 2764 547 2795 Dei
560 2765 704 2805 potestis]
736 2765 817 2805 Alii,
843 2778 910 2808 1111oe
934 2770 1000 2800 Dei
1056 2771 1098 2801 ab
1126 2770 1280 2801 omnibus
1307 2770 1443 2802 casibus
1467 2770 1589 2813 quibus
1615 2770 1763 2803 obnoxia

297 2817 446 2854 potestas.
493 2815 589 2847 Idem
607 2822 659 2847 est
677 2827 805 2849 sensus.
1055 2829 1107 2854 est
1122 2823 1265 2854 humana
1281 2822 1363 2854 vita.
