1893 3225
473 251 876 282 izvianMMA'rum
915 250 1006 280 mn.
1040 251 1143 280 vui.
1454 238 1535 280 627

90 349 364 388 Permutatur
385 360 511 396 onus,
532 347 777 400 stipataque
801 345 963 385 tollitur
983 345 1070 385 ulto

143 415 333 456 Grandis
356 416 399 455 in
421 418 608 465 angusta
631 413 808 453 sarcina
828 413 1078 464 sandapila.

92 482 180 523 llic
204 484 306 524 mihi
329 484 383 524 do
404 482 556 523 multis
578 495 704 530 unus,
729 482 922 531 Lucane,
945 480 1140 521 videtur:
1486 482 1542 520 1.»

148 550 230 591 Cui
251 552 406 592 merito
429 550 531 599 dici,
553 554 717 590 mortue
739 549 884 599 Gallo,
906 552 1068 601 potest.

92 648 179 678 Onus
189 651 393 688 permutatur,
408 648 517 686 ingens
527 647 649 678 sarcina
665 648 727 678 alte
742 648 862 678 tollitur
874 648 994 677 intrusa
1007 647 1040 676 in
1051 651 1169 678 arctam
1185 647 1387 688 sandapilam.
1434 648 1464 678 O
1483 648 1541 678 Lu-

90 701 175 730 cane,
190 691 378 731 expluribus
394 691 472 721 hunc
483 690 628 721 existimo
648 700 753 731 unum,
767 691 896 730 caijnre
907 691 969 721 (lici
984 694 1097 730 potest,
1114 691 1144 722 Ο
1162 691 1252 722 Galle
1262 694 1393 721 mortue.

699 764 737 775 Ν
741 760 934 773 aeaeaeaeaeaeaeaeaeae

96 800 149 828 21.
188 797 263 827 Nec
282 797 428 828 insolens
444 802 495 828 est
513 798 568 828 illa
587 797 815 835 Constructio‚
829 800 867 826 ut
884 795 1077 827 Infinitivus
1094 806 1136 827 ox
1153 797 1268 829 Verbo
1285 798 1394 829 altero
1410 798 1454 828 sit
1470 807 1547 838 sup-

94 840 246 879 plendus.
293 840 347 871 cf.
374 842 512 873 Terent.
542 841 673 882 Hecyr.
690 850 747 871 ιιι.
762 841 861 870 1.37.
906 839 1034 871 Justin.
1053 849 1092 870 11.
1109 844 1140 871 5.
1156 849 1223 872 ΧΠ.
1239 844 1271 872 6.
1317 842 1447 881 Nepot.
1478 842 1547 872 Da-

94 888 174 912 tam.
187 893 260 931 qap.
275 886 306 914 9.
331 888 366 914 et
381 884 454 915 Cic.
473 884 591 915 Famil.
609 884 664 915 lib.
679 893 729 915 ιν.
754 881 863 922 Epist.
882 885 1000 914 1.—13
1029 883 1230 915 Permutatur
1244 894 1318 925 opus
1342 884 1450 915 codex
1468 884 1548 914 Pul-

93 935 215 956 maniu.
747 967 886 1000 NOTAE

90 1030 274 1070 deponant,
294 1040 506 1072 quocumque
524 1031 659 1075 inloco
673 1032 789 1063 volue-
846 1031 967 1072 stipata
993 1031 1120 1064 dicitur
1143 1043 1162 1064 a
1186 1037 1331 1074 quatuor
1357 1043 1481 1073 nempe
1498 1033 1546 1063 in-

95 1081 183 1111 rint:
206 1081 382 1121 jacentem
401 1091 482 1112 vero
496 1092 591 1112 suum
617 1082 790 1113 dominum
849 1082 985 1123 scriptis
1015 1083 1122 1114 servis
1146 1083 1353 1123 libitinariis,
1381 1084 1437 1126 qui
1461 1093 1547 1114 mor-

94 1132 225 1162 tollant.
259 1131 326 1162 Alii
343 1136 466 1172 putant
482 1132 626 1164 Poetam
640 1133 791 1163 alludere
850 1137 926 1164 tuos
940 1132 1113 1165 efferrent.

94 1182 135 1212 ad
166 1182 282 1213 Gallos
320 1182 467 1222 Cybeles
499 1183 707 1222 sacerdotes,
736 1183 793 1224 qui
897 1186 937 1214 16
961 1185 1088 1216 Mortue
1106 1185 1212 1225 Galle]
1236 1186 1428 1217 Dicteiiuin
1448 1184 1547 1216 estin

95 1232 236 1263 castrati
260 1233 375 1263 inanes
399 1243 458 1264 seu
476 1233 680 1273 impotentes
697 1238 797 1265 erant
852 1234 973 1265 Gallos
990 1235 1134 1275 Cybeles
1155 1236 1361 1273 sacerdotes,
1377 1236 1434 1276 qui
1451 1237 1551 1275 impo-

98 1283 139 1312 ad
168 1283 410 1322 generandum.
434 1284 563 1315 Videat
590 1285 711 1315 lector.
854 1288 966 1315 tentes
982 1284 1024 1315 ad
1038 1287 1280 1325 generandum,
1297 1285 1552 1322 eteffoeminati,

140 1336 178 1364 13
203 1334 344 1374 Stipata]
370 1335 444 1366 Hoc
457 1340 520 1375 est,
537 1335 655 1366 Gallus
672 1335 794 1366 obesus
851 1336 974 1366 merito
998 1337 1122 1367 mortui
1146 1337 1437 1378 nuncupabantur.
1483 1336 1550 1366 Hic

96 1384 194 1415 valde
211 1390 408 1416 coarctatus
427 1386 564 1426 ponitur
589 1386 621 1416 in
639 1385 796 1425 sandapi-
851 1390 963 1417 autem
982 1386 1150 1427 Lingonus
1176 1397 1194 1418 a
1220 1387 1460 1429 vespillonibus
1482 1387 1548 1416 elass

96 1435 140 1473 la,
155 1445 228 1476 quae
242 1440 318 1466 erat
332 1446 518 1477 pauperum
532 1435 706 1467 feretrum.
733 1436 796 1467 Vel
853 1441 905 1467 tus
923 1441 1059 1477 poterat
1070 1438 1150 1478 jure
1171 1443 1320 1469 mortuus
1336 1438 1462 1469 vocari.

709 1571 944 1612 LXXVI.

645 1660 693 1690 1N
731 1660 1004 1690 GAIAACUM.

272 1728 365 1769 Dic
388 1740 537 1768 verum
558 1727 680 1777 mihi,
705 1726 870 1777 Marce,
891 1727 962 1769 dic
985 1729 1167 1769 amabo:

271 1795 350 1837 Nil
371 1799 452 1845 est,
474 1794 594 1848 quod
617 1795 757 1847 magis
778 1794 954 1835 audiam
978 1795 1184 1835 libenter:

271 1863 345 1904 Sic
367 1867 408 1903 et
429 1875 527 1902 cum
550 1862 710 1902 recitas
736 1866 838 1902 tuos
859 1862 1044 1911 libellos,

272 1931 331 1971 Et
353 1942 533 1970 causam
556 1930 726 1983 quoties
749 1930 844 1981 agis
866 1928 1054 1978 clientis,

271 1998 400 2046 Oras,
424 1996 610 2046 Gallice,
634 2009 702 2036 me
723 2008 938 2049 rogasque
960 2009 1150 2049 semper.
1528 2010 1555 2036 ῑ)

274 2065 446 2106 Durum
462 2068 530 2104 est
550 2076 618 2103 me
638 2063 736 2112 tibi,
758 2062 878 2115 quod
898 2063 1027 2115 petis,
1050 2077 1223 2116 negare.

277 2132 398 2173 Vero
422 2132 566 2173 verius
588 2143 688 2184 ergo
709 2130 814 2184 quid
837 2130 908 2179 sit,
930 2131 1060 2172 audi:

276 2199 459 2249 Verum,
482 2198 670 2248 Gallice,
690 2211 780 2239 non
800 2198 983 2239 libenter
1005 2198 1149 2240 audis.

150 2309 181 2341 Ο
202 2310 320 2348 Marce,
336 2309 386 2339 dic
401 2309 479 2339 mihi
496 2309 672 2348 veritatem,
686 2308 738 2339 dic
749 2317 849 2348 quoeso
862 2318 871 2338 .-
894 2307 973 2339 m'hil
983 2312 1027 2339 est
1040 2309 1118 2348 quod
1133 2307 1287 2339 lubentius
1301 2306 1446 2338 audiam:
1470 2307 1526 2345 sic,
1540 2317 1560 2337 o

111 2353 242 2392 Gallice,
255 2362 302 2383 me
316 2361 387 2382 oras
407 2362 525 2391 semper
539 2356 569 2382 et
595 2361 700 2391 rogas,
719 2361 788 2382 cum
808 2351 922 2381 recitas
947 2354 1017 2382 tuos
1038 2351 1144 2389 libros,
1166 2354 1195 2381 et
1211 2351 1330 2391 quoties
1344 2351 1422 2380 dicis
1437 2360 1557 2380 causam

106 2395 236 2426 clientis.
283 2395 418 2436 Difficile
439 2398 485 2426 est
499 2404 546 2425 me
561 2404 702 2425 recusare
716 2394 776 2424 tibi
791 2395 868 2434 quod
885 2395 1033 2434 postulas.
1078 2394 1184 2433 Igitur
1196 2394 1269 2424 audi
1285 2393 1386 2424 verius
1402 2402 1473 2423 vero
1485 2394 1559 2433 quid.

110 2439 150 2469 sit
167 2449 176 2469 .·
200 2438 231 2469 Ο
252 2438 386 2477 Gallice,
399 2447 460 2468 non
476 2437 606 2468 libenter
621 2437 712 2468 audis
726 2436 902 2468 veritatem.

720 2510 955 2521 eeeeeeeeeeee

155 2553 223 2584 Hic
240 2554 366 2585 nullam
395 2554 553 2586 lectionis
574 2554 776 2585 varietatem
803 2553 967 2584 exhibent
993 2553 1200 2594 exemplaria
1214 2557 1272 2584 aut
1286 2541 1418 2592 ¹scripta
1434 2557 1491 2582 aut
1505 2561 1561 2581 ex-

116 2605 209 2627 cusa.

763 2638 902 2671 NOTAE

160 2705 174 2731 l
201 2701 264 2732 Dic
279 2701 398 2742 verum]
424 2701 520 2733 Idem
548 2706 602 2734 est
631 2711 808 2743 argumen-
906 2706 925 2734 8
951 2703 1024 2733 Non
1049 2702 1194 2743 libenter]
1224 2702 1358 2733 Etenim
1387 2701 1413 2731 si
1446 2708 1561 2730 verum

117 2757 187 2783 tum
215 2752 272 2782 lib.
302 2761 336 2782 v.
358 2752 455 2792 Epig.
488 2755 541 2784 64.
578 2758 613 2785 et
652 2754 708 2785 lib.
744 2763 806 2785 vn.
865 2753 997 2792 dixero,
1014 2763 1079 2784 non
1096 2757 1130 2784 te
1154 2752 1310 2792 landabo,
1328 2752 1428 2782 immo
1451 2749 1561 2780 dicam

118 2801 218 2842 Epig.
241 2803 293 2832 27.
867 2808 903 2834 te
913 2803 999 2834 male
1011 2812 1110 2843 agere
1129 2813 1258 2834 causas.

1878 669 1893 747 a
