1893 3225
546 200 949 230 121‘1(:R.mm1;x'1'vm
987 201 1077 231 ιλιι».
1114 203 1218 232 vm,
1526 192 1611 234 (523

779 336 967 378 LXXI.

645 427 694 457 ῙΝ
733 427 883 457 ros'ru
894 426 946 455 Ml
959 427 1018 456 AN
1032 427 1117 456 UM.

141 494 393 546 Qumaon
417 497 584 550 argenti
605 496 742 537 libras
765 496 872 536 mihi
893 499 1090 549 tempore
1110 496 1278 538 brumae

198 564 364 606 Misisti
387 570 489 606 ante
512 577 665 613 annos,
689 563 993 613 Postumiane,
1017 563 1186 604 decem.

139 632 345 686 Speranti
366 633 515 687 plures
535 631 659 687 (nam
682 634 800 672 stare
822 634 897 671 aut
918 643 1115 671 crescere
1137 631 1303 672 debent

198 699 403 755 Munera)
423 708 636 742 venerunt
656 700 829 753 plusve,
850 699 1054 740 minusve
1074 699 1192 740 duae.

138 768 317 810 Tertius
339 774 381 810 et
401 773 580 823 quartus
600 769 738 809 multo
760 767 966 809 inferiora
987 768 1185 808 tulerunt.
1578 771 1606 810 5

197 837 333 878 Libra
352 838 436 879 fuit
457 837 613 891 quinto
636 835 911 890 Septitiana:
944 834 1050 889 quid
1072 835 1170 875 est'?

138 904 365 946 Bessalem
388 904 445 946 ad
466 905 686 946 scutulam
707 907 836 944 sexto
859 902 1139 957 pervenimus
1160 915 1271 943 anno
1290 916 1299 943 :

197 973 309 1014 Post
329 973 444 1013 hunc
464 973 511 1013 in
531 972 682 1013 cotula
701 984 805 1013 rasa
826 972 991 1012 selibra
1013 971 1119 1012 data
1141 976 1222 1014 est.

138 1040 336 1082 Octavus
355 1041 536 1093 ligulam
557 1041 680 1081 misit
700 1043 899 1081 sextante
920 1039 1129 1081 minorem
1146 1053 1156 1081 ε

196 1107 351 1148 Nonus
373 1121 457 1148 acu
479 1108 623 1148 levius
646 1108 724 1148 vix
743 1108 968 1149 cochleare
989 1107 1099 1148 tulit.
1550 1107 1606 1147 10

139 1175 273 1226 Quod
294 1175 437 1216 mittat
456 1175 601 1226 nobis,
623 1175 823 1216 decimus
837 1174 933 1228 jam
955 1188 1041 1215 non
1062 1175 1196 1216 habet
1217 1187 1382 1216 annus:

194 1242 395 1293 Quatuor
415 1243 469 1284 ad
489 1244 640 1293 libras,
663 1243 974 1291 Postumiane,
998 1243 1102 1284 redi.

179 1348 209 1379 Ο
231 1348 441 1387 postumiane,
463 1352 536 1380 ante
562 1350 664 1380 elecem
679 1359 775 1380 annos
799 1348 915 1379 misisti
941 1349 1043 1380 adme
1064 1352 1200 1389 tempore
1216 1349 1333 1380 bramoe
1348 1352 1481 1389 quatuor
1507 1348 1607 1380 libras

134 1391 268 1430 argenti.
291 1392 373 1422 Daae
383 1393 490 1432 plusve
506 1393 642 1423 minusve
654 1394 759 1423 allalae
774 1395 846 1422 sunt
865 1392 1044 1432 expectanti
1058 1394 1182 1432 plures:
1205 1403 1277 1423 nam
1293 1393 1372 1422 dona
1384 1392 1493 1422 debent
1507 1395 1605 1432 stare,

133 1435 181 1464 vel
195 1444 368 1473 augescere.
413 1436 536 1466 Tertius
551 1439 578 1466 et
605 1436 884 1476 quartuslulerunt
910 1435 999 1473 longe
1022 1435 1187 1473 inferiora.

1237 1435 1354 1471 Quinto
1379 1435 1458 1466 libra
1480 1435 1604 1475 quidem

136 1476 314 1516 Septiliana
331 1478 423 1508 missa
435 1482 503 1510 est:
516 1482 604 1509 sexto
616 1490 695 1509 anno
708 1478 828 1508 redacti
842 1487 947 1508 sumus
962 1479 1002 1508 ad
1017 1479 1169 1509 scutulam
1185 1478 1342 1517 bessalem,
1357 1481 1425 1518 post
1438 1479 1518 1509 hunc
1534 1488 1606 1508 rasa

133 1520 246 1550 selibra
258 1521 372 1551 donata
389 1525 433 1551 est
447 1524 477 1552 z‘n
495 1522 607 1552 cotula.
643 1523 780 1552 Octavus
802 1521 887 1551 misit
912 1520 1044 1560 ligulam
1072 1521 1219 1552 minorem
1247 1525 1413 1552 sextante.-
1436 1530 1534 1552 nonus
1547 1521 1605 1551 vix

134 1563 207 1593 tulit
223 1563 379 1594 cochleare
394 1564 488 1593 levius
497 1575 562 1594 acu.
607 1566 682 1595 ιΙαιη
693 1564 828 1595 decimus
841 1574 940 1594 annus
955 1564 1118 1595 nonhabet
1140 1566 1220 1605 quod
1236 1567 1343 1595 mzttat
1354 1564 1459 1596 uobis.-
1479 1563 1509 1595 O
1528 1564 1607 1594 Pos-

133 1606 281 1646 tumiane,
297 1610 452 1637 revertere
461 1609 501 1637 ad
516 1610 646 1647 quatuor
660 1607 765 1637 libras.

761 1658 882 1670 ‘Ma

884 1658 984 1668 N-txe‘

178 1704 198 1732 6
224 1701 263 1732 In
281 1701 358 1733 edd.
376 1707 464 1735 vett.
489 1703 669 1744 Septitiaua
693 1704 827 1744 quidem,
843 1703 1011 1743 probante
1027 1703 1217 1734 Gronov-io.
1266 1703 1385 1734 Lectio
1404 1707 1524 1734 nostra
1547 1703 1604 1734 de-

134 1744 234 1775 betur
248 1745 433 1776 Scriverio.
456 1747 529 1786 quid
545 1745 604 1779 ia?
628 1747 713 1785 legit
729 1747 810 1778 Ant.
831 1746 872 1777 de
899 1747 1094 1785 Rooy.—10
1122 1746 1232 1777 Nonus
1249 1748 1370 1777 aculeos
1395 1746 1428 1776 in
1447 1746 1603 1777 cochleare

133 1787 213 1818 Ald.
240 1788 337 1820 Junt.
365 1789 474 1819 Colin.
488 1789 623 1830 Gryph.
646 1792 711 1821 &cu
729 1795 764 1820 et
781 1791 828 1820 sic
845 1790 879 1819 in
897 1789 1016 1819 codice
1033 1789 1212 1826 vaticano.

133 1830 166 1861 in
184 1830 301 1861 codice
318 1830 511 1864 Pulmanni.
560 1833 670 1863 Nonus
685 1843 741 1863 acu
757 1832 854 1863 levius
871 1832 913 1862 mi
928 1832 1086 1862 cochleare
1110 1832 1229 1872 legunt
1247 1833 1316 1863 alii.

1261 1790 1373 1820 Nonus
1395 1789 1532 1820 aculeius
1548 1789 1603 1819 vix

1366 1832 1444 1863 Hoc
1460 1833 1538 1864 loco
1557 1834 1604 1863 vi-

133 1873 234 1905 detur
251 1873 409 1905 cochlear
426 1875 589 1917 distingui
605 1886 624 1907 a
641 1876 758 1916 ligula,
779 1875 868 1917 quod
883 1874 980 1905 multi
999 1880 1112 1906 tamen
1128 1879 1269 1915 negant.

793 1949 939 1981 NOTAE

178 2016 193 2044 l
223 2014 370 2055 Tempore
392 2014 524 2056 brumoe]
551 2016 672 2047 Mense
687 2017 838 2047 Decem-

134 2063 197 2104 bri,
219 2075 285 2104 quo
307 2066 571 2097 celebrabantur
583 2067 787 2103 Saturnalia,
803 2072 838 2096 et

135 2124 274 2146 munera
292 2116 408 2147 amicis
435 2117 573 2148 mittere
598 2117 754 2148 solebant
772 2117 837 2147 Ro-

135 2166 240 2196 mani.

177 2219 195 2247 3
222 2217 310 2248 Nam
338 2221 423 2248 stare
448 2217 518 2258 aut]
553 2218 686 2249 Plinius
717 2218 840 2251 Junior

132 2266 192 2299 lib.
207 2276 258 2299 tv.
272 2268 383 2308 Epist.
396 2272 426 2300 3.
449 2271 457 2286 ‘
473 2270 534 2300 Est
549 2269 637 2300 enim
653 2269 702 2300 ita
717 2273 840 2300 natura

136 2325 384 2358 comparatum,
400 2324 439 2351 ut
458 2321 653 2362 antiquiora
670 2319 840 2351 beneficia

135 2368 325 2409 subvertas,
345 2371 409 2401 nisi
439 2371 496 2402 illa
522 2372 766 2413 posterioribus
784 2382 839 2404 eu-

137 2419 270 2458 mules‚'
286 2422 350 2451 ἃς.

179 2468 373 2511 Septitz'ana]
402 2472 593 2504 Duodecim
623 2473 730 2504 unciis
759 2483 836 2504 con-

138 2519 254 2551 stabat
288 2521 377 2555 libxa
409 2523 575 2562 Romana,
607 2535 682 2565 quae
722 2529 836 2555 tamen

136 2570 286 2601 secundo
302 2571 392 2603 bello
415 2574 546 2605 Punico
563 2581 704 2615 urgente
721 2575 762 2606 ad
781 2585 836 2606 no-

137 2628 213 2650 vem
246 2622 362 2653 uncias
393 2632 468 2654 cnm
495 2626 670 2656 semuncia
697 2626 838 2657 redacta

137 2675 203 2708 est,
219 2676 253 2702 et
279 2672 362 2703 libra
385 2673 592 2715 Septitiana⁷
609 2681 646 2706 ut
663 2677 838 2709 existimat

141 2721 305 2761 umerus,
320 2732 340 2753 a
361 2723 476 2764 Septis,
499 2725 554 2755 ubi
581 2727 723 2758 Romani
741 2738 839 2765 nego-

140 2772 313 2804 tiabantur
345 2779 446 2815 atque
476 2775 518 2806 ad
550 2777 681 2816 pondus
712 2778 837 2809 vende-

894 2014 989 2052 bant,
1007 2013 1054 2045 sic
1071 2013 1178 2053 dicta,
1192 2020 1229 2046 ut
1245 2015 1388 2055 conjicit
1402 2015 1602 2047 Farnabius.

937 2069 955 2097 7
981 2067 1141 2097 Bessalem
1157 2068 1197 2097 ad
1212 2067 1380 2106 scutulam]
1405 2068 1473 2098 Bes
1498 2067 1601 2108 signi-

893 2116 975 2148 ficat
1006 2123 1084 2148 octo
1108 2119 1243 2157 uncias;
1272 2120 1406 2149 scutula
1435 2128 1516 2150 vero
1540 2129 1600 2150 vas

892 2169 990 2208 rapit
1005 2174 1085 2199 octo
1098 2169 1225 2199 uncias.

939 2221 958 2249 8
982 2219 1021 2250 In
1049 2220 1166 2260 cotula]
1204 2219 1269 2251 Vel
1294 2221 1407 2261 cotyla,
1434 2230 1600 2253 mensurae

896 2275 947 2301 est
967 2281 1088 2311 genus,
1113 2271 1202 2312 quod
1221 2281 1278 2302 sex
1296 2273 1411 2303 uncias
1431 2272 1602 2313 capiebat.

895 2321 981 2351 Rasa
1004 2322 1133 2362 selibra]
1170 2322 1276 2354 Forte
1308 2323 1472 2364 intelligit
1501 2324 1601 2355 simul

896 2381 970 2402 cum
993 2374 1108 2413 cotyla
1124 2373 1237 2403 datam
1254 2372 1358 2404 fuisse
1371 2375 1530 2405 selibram
1549 2383 1600 2405 ar-

895 2423 1002 2463 genti.
1035 2423 1103 2454 Alii
1119 2434 1190 2454 rasa
1207 2423 1364 2456 referunt
1376 2425 1418 2456 ad
1435 2425 1597 2466 cotylam,

894 2474 953 2504 sed
970 2475 1144 2516 quantitas
1162 2480 1342 2516 repugnat.

934 2528 954 2556 9
970 2527 1108 2556 Octavus
1123 2526 1268 2566 ligulam]
1287 2526 1404 2558 Genus
1421 2536 1598 2559 mensnrae.

892 2576 1016 2608 Plures
1041 2577 1124 2608 alias
1149 2577 1413 2618 significationes
1436 2578 1540 2609 habet
1562 2579 1599 2609 li·

894 2627 984 2667 gula,
1003 2627 1101 2668 Epig.
1120 2630 1172 2659 33.
1198 2638 1311 2669 supra.
1357 2629 1504 2659 Sextans
1520 2629 1595 2660 duae

893 2684 971 2710 sunt
998 2680 1119 2710 nnciae.

938 2733 977 2760 10
1003 2731 1111 2761 Nonus
1137 2742 1192 2762 acu
1216 2731 1326 2771 levius]
1353 2733 1487 2773 Legunt
1518 2734 1591 2764 alii:

896 2781 1006 2812 Nonus
1016 2783 1165 2812 aculeolos
1182 2782 1213 2812 in
1230 2783 1384 2814 cochleare
1400 2785 1484 2814 tulit.
1513 2785 1594 2814 Sen-
