1924 3225
571 275 971 305 rzvicimxru-x'i‘i'm
1014 275 1104 303 mn.
1128 275 1212 304 iix.
1540 261 1624 304 537

523 528 588 557 AD
621 526 866 556 CAESAREM
900 525 1198 556 GERMANICU
1211 525 1257 553 Μ.

161 592 501 635 ABSTULERAT
524 599 662 636 totam
683 595 944 636 temerarius
972 595 1150 635 institor
1169 594 1334 641 urbem,

220 661 362 716 Inque
385 676 467 704 suo
486 663 652 704 nullum
672 662 824 703 limine
847 663 980 703 limen
996 667 1104 703 erat.

161 729 347 772 ,Iussisti
367 735 531 781 tenues,
553 730 833 780 Germanice,
856 742 1053 770 crescere
1072 728 1221 778 vicos;

219 798 274 840 Et
294 799 425 841 modo
445 813 543 853 quae
564 798 709 840 fuerat
729 799 902 848 semita,
924 797 1046 839 sacta
1065 798 1138 838 via
1161 800 1242 837 est.

162 866 306 908 Nulla
326 869 545 909 catenatis
566 867 656 921 pila
677 871 744 908 est
762 867 1005 920 praecincta
1027 864 1221 919 lagenis:
1597 862 1626 902 5

218 934 319 976 Nec
339 940 501 989 praetor
521 935 667 976 medio
686 935 855 987 cogitur
879 935 939 974 ire
959 934 1072 976 luto.

160 1001 394 1054 Stringitur
414 1004 459 1043 in
477 1003 619 1044 densa
639 1016 720 1044 nec
742 1016 865 1044 caeca
884 1002 1102 1043 novacula
1124 1002 1276 1043 turba:

217 1068 421 1124 Occupat
442 1075 516 1112 aut
536 1076 659 1112 totas
680 1071 801 1124 nigra
825 1071 995 1124 popina
1018 1071 1126 1111 vias.

159 1135 350 1188 Tonsor,
371 1151 531 1192 caupo,
553 1151 743 1192 coquuS,
766 1138 913 1179 lanius
935 1151 1014 1179 sua
1034 1138 1185 1178 limina
1206 1138 1397 1177 servant,

219 1204 352 1247 Nunc
373 1205 517 1247 Roma
538 1212 622 1257 est,
644 1219 781 1260 nuper
801 1219 956 1259 magna
975 1206 1160 1247 taberna
1178 1205 1274 1247 fuit.
1569 1202 1626 1242 10

205 1311 454 1343 lnconsideratus
475 1315 626 1343 mercator
650 1314 849 1350 occupaverat
877 1313 974 1341 totam
1000 1310 1117 1346 urbem,
1144 1314 1174 1342 et
1190 1311 1307 1341 nullum
1321 1310 1414 1340 limen
1439 1308 1555 1340 eratin
1571 1317 1626 1338 sno

160 1354 278 1385 limine.
324 1355 355 1385 Ο
379 1355 574 1395 Germanice,
599 1355 744 1394 imperas!
751 1355 761 1384 ι’
776 1354 879 1385 laxari
895 1355 976 1384 vicos
991 1357 1160 1393 angustos.-
1185 1357 1212 1384 ει
1230 1354 1283 1393 qm·
1307 1354 1398 1392 paulo
1420 1355 1492 1383 aute
1508 1355 1626 1382 trames

153 1396 275 1436 fuerat,
288 1396 396 1436 sactus
411 1401 456 1429 est
471 1398 534 1430 υἱα.
581 1398 677 1428 Nulla
692 1397 756 1437 pila
775 1400 819 1427 est
844 1396 961 1435 referta
975 1398 1128 1427 catenatis
1139 1398 1280 1435 lagenis.-
1304 1406 1358 1426 nec
1369 1399 1486 1436 proelor
1501 1395 1627 1433 cogitur

162 1439 316 1471 ambulare
331 1440 429 1471 medio
444 1451 537 1472 coeno.
581 1441 648 1471 Nec
664 1450 744 1470 σφεα
763 1441 908 1470 novacula
934 1442 1069 1470 nudatur
1086 1441 1118 1469 in
1134 1439 1295 1480 frequenti
1320 1438 1423 1475 turbu,
1435 1441 1489 1468 aut
1498 1437 1626 1475 fumosa

156 1483 272 1522 popina
287 1486 369 1513 tenet
381 1486 462 1514 totas
476 1484 555 1515 vias.
605 1483 730 1519 Tonsor,
747 1493 854 1523 caupo,
869 1493 994 1522 coquuS,
1009 1483 1110 1513 lanius
1120 1485 1244 1513 manent
1259 1482 1343 1512 domi
1357 1491 1442 1512 suoe:
1463 1490 1543 1511 nunc
1562 1480 1625 1510 Ro-

161 1534 210 1555 ma
226 1529 286 1565 est,
300 1525 473 1566 nuper-fuit
488 1536 604 1565 magna
616 1527 752 1567 officina.

769 1589 903 1600 eeeeeee

908 1589 1004 1600 σσσσσ

206 1634 226 1662 2
250 1632 345 1673 Inque
360 1643 413 1664 suo
428 1634 545 1664 nullum
572 1633 678 1664 limine
694 1634 790 1665 malit
816 1633 898 1664 Ant.
922 1633 964 1664 de
988 1635 1163 1674 Romu—7
1189 1631 1371 1671 Stringitur
1385 1631 1418 1661 in
1439 1630 1549 1661 densas
1572 1638 1626 1660 nec

162 1685 241 1706 coeca
257 1677 402 1707 novacula
417 1677 523 1707 turbas
536 1676 676 1707 exhibet
686 1676 794 1708 codex
808 1676 998 1707 Pulmanni.

823 1750 963 1782 NOTAE

207 1817 221 1844 l
248 1813 429 1844 Abstulerat
446 1813 556 1854 totam]
592 1813 723 1845 Passim
740 1823 867 1845 merca-

163 1869 254 1895 tores
267 1870 364 1895 erant
378 1864 490 1895 media
507 1865 574 1903 via,
587 1870 624 1895 ut
637 1864 693 1894 vix
711 1865 803 1895 locus
817 1874 865 1895 es·

164 1921 215 1946 set
233 1915 484 1946 ambulantibus
499 1925 561 1956 per
578 1914 715 1952 urbem;
748 1914 865 1945 Domi-

162 1967 272 1997 tianns
302 1975 396 2004 vero,
421 1975 521 2006 quem
552 1964 795 1996 Germanicum
821 1964 865 1995 ob

162 2016 314 2047 devictos
330 2015 519 2047 Germanos
534 2020 649 2054 vocat,
663 2014 756 2045 vicos
773 2014 864 2045 laxa-

161 2067 313 2108 rijussit.
357 2066 502 2096 Institor
518 2065 544 2096 is
562 2070 613 2096 est
632 2065 688 2106 qui
706 2064 739 2095 in
754 2065 864 2096 taber-

163 2127 207 2148 na
226 2116 407 2155 ,mercibus
434 2115 621 2147 vendendis
656 2116 863 2156 proepositus

163 2172 223 2200 est.
507 2188 511 2189 ν

205 2221 225 2249 2
248 2217 347 2258 Inque
361 2217 429 2258 suo]
462 2217 539 2249 Hoc
556 2222 621 2256 est,
640 2218 766 2248 nullum
785 2222 864 2249 ante

162 2268 253 2300 aedes
277 2278 352 2299 suas
376 2268 518 2299 liberum
550 2267 709 2298 euntibus
735 2277 796 2308 per
813 2278 865 2298 ur-

161 2320 239 2351 bem
257 2320 437 2350 transitum
466 2319 709 2360 relinquebant
736 2329 867 2350 merca·

162 2375 267 2401 tores.

206 2425 224 2452 5
251 2421 350 2452 Nulla
372 2419 538 2460 catenatis]
577 2420 664 2452 Pilae
696 2425 793 2452 crant
811 2431 867 2452 co·

162 2473 287 2503 lumnae
320 2472 362 2503 ad
396 2482 478 2513 quas
516 2472 593 2502 libri
623 2471 868 2504 vendebantur.

164 2522 329 2553 Horatius
348 2531 373 2553 1.
400 2523 470 2553 Sat.
487 2525 520 2554 4.
562 2523 571 2538 ‘
591 2521 694 2553 Nulla
726 2522 870 2554 taberna

165 2582 257 2604 meos
289 2573 424 2611 babeat,
455 2582 564 2614 neque
607 2574 679 2613 pila
713 2573 870 2606 libellos!

166 2624 295 2656 Quibus
311 2623 414 2654 etiam
442 2623 551 2654 affixae
575 2629 673 2654 erant
702 2634 868 2656 connexoe

166 2677 256 2708 inter
271 2685 306 2706 se
325 2676 466 2716 lagenae,
493 2676 623 2717 signum
648 2686 770 2717 nempe
799 2677 869 2708 vini

165 2726 328 2758 venalitii.

208 2780 229 2808 6
253 2777 322 2807 Nec
342 2776 474 2817 proetor]
510 2776 603 2808 Vicis
630 2777 719 2808 enim
747 2777 868 2809 laxatis

163 2829 233 2869 jam
245 2827 407 2858 transitus
418 2826 505 2856 liber
517 2827 679 2866 estjuxta
692 2828 865 2861 tabernas,

209 2882 227 2910 7
251 2877 431 2916 Stringitur
446 2877 478 2908 in
493 2877 601 2918 densa]
639 2878 716 2910 Hoc
741 2884 805 2920 est,
817 2879 864 2909 in-

922 1814 997 1855 quit
1012 1813 1199 1852 Domitius,
1216 1812 1382 1843 novacula
1398 1821 1464 1842 non
1478 1810 1628 1842 nudatur

920 1864 1064 1905 amplius
1082 1863 1194 1894 media
1222 1863 1302 1901 via3
1334 1863 1430 1893 cellae
1448 1862 1535 1892 enim
1554 1866 1627 1892 ton-

921 1915 1019 1945 soriae
1037 1914 1147 1944 media
1163 1914 1216 1944 via
1232 1914 1422 1951 collocatae,
1435 1912 1486 1943 uti
1500 1917 1535 1942 et
1548 1921 1629 1944 cau-1

922 1975 1046 2006 ponuni
1062 1965 1215 1995 tabernae
1230 1964 1375 2004 dejectae
1397 1968 1487 2001 sunt,
1502 1967 1537 1993 et
1555 1962 1627 2003 jam

921 2021 1074 2047 tonsores
1091 2016 1180 2047 dorni
1196 2015 1341 2046 tondere
1359 2018 1539 2055 coguntur.
1564 2014 1629 2044 Ra-

921 2068 1022 2098 derus
1051 2067 1192 2107 conjicit
1215 2067 1278 2096 boc
1306 2064 1428 2096 referri
1460 2074 1560 2105 posse
1584 2063 1628 2095 ad

921 2119 1139 2157 saecular-iffi,
1156 2118 1212 2159 qui
1231 2116 1342 2148 media
1368 2117 1401 2147 in
1426 2117 1525 2147 turba
1541 2126 1629 2147 mar-

919 2169 1017 2209 supia
1045 2173 1263 2199 exsecarent.
1312 2168 1402 2197 Caeea
1416 2168 1563 2198 novacula
1579 2167 1629 2197 di-

921 2221 1022 2258 citur,
1050 2220 1104 2250 vel
1130 2219 1219 2260 quod
1248 2219 1291 2250 sit
1322 2218 1498 2250 recondita
1527 2219 1627 2249 theca

922 2281 992 2309 sua,
1013 2271 1066 2301 vel
1087 2270 1175 2312 quod
1200 2279 1265 2300 non
1285 2269 1442 2300 videatur
1464 2269 1497 2300 in
1515 2268 1629 2308 turba,

922 2331 998 2352 cum
1031 2330 1081 2351 res
1107 2320 1217 2350 brevis
1240 2320 1285 2350 sit
1316 2325 1351 2350 et
1377 2319 1513 2360 exigua.
1559 2319 1627 2350 Hic

923 2373 1015 2402 locus
1029 2372 1190 2402 obscurus
1204 2370 1283 2401 mihi
1300 2370 1447 2401 videtur.
1484 2370 1628 2402 Judicet

922 2424 1042 2454 lector.

966 2477 986 2504 9
1010 2474 1135 2504 Limina
1149 2472 1288 2512 serrant]
1326 2473 1404 2504 Hoc
1428 2473 1539 2510 est,hi
1557 2482 1626 2505 orn-

922 2533 981 2555 nes
1005 2534 1070 2555 non
1091 2530 1275 2555 exstruunt
1304 2523 1447 2564 amplius
1466 2525 1626 2555 tabernas

923 2575 1035 2606 media
1061 2576 1130 2614 via,
1161 2575 1219 2606 sed
1251 2575 1342 2606 domi
1365 2585 1434 2606 suae
1462 2581 1628 2607 exercent

924 2636 999 2656 suas
1015 2631 1116 2656 arteS.

969 2679 1009 2707 10
1033 2676 1133 2706 Roma
1148 2673 1209 2714 est]
1244 2674 1340 2706 Idem
1357 2673 1429 2705 fere
1451 2674 1537 2706 dixit
1563 2675 1626 2707 lib.

923 2727 1039 2767 spect.
1064 2727 1166 2767 Epig.
1184 2729 1216 2756 2.
1239 2724 1399 2756 ‘reddita
1431 2726 1534 2756 Roma
1561 2725 1625 2758 sibi

923 2777 998 2817 est,’
1013 2787 1089 2819 quae
1102 2782 1204 2807 antea
1220 2785 1343 2817 magna
1359 2775 1540 2808 videbatur
1553 2774 1623 2807 offi-

920 2836 1007 2859 cina.
