1893 3225
242 213 331 256 726
727 221 777 250 M.
810 221 924 251 VAL.
958 218 1236 251 MAR'riAms

245 317 367 368 Quid
390 317 525 357 saciet
548 328 731 369 pauper,
755 316 827 356 cui
847 329 937 357 non
957 316 1064 356 licet
1086 328 1185 356 esse
1207 313 1388 356 clienti?

303 385 490 426 Dimisit
511 388 686 425 nostras
709 397 904 437 purpura
924 387 1074 424 vestra
1095 386 1238 435 togas.

245 507 360 538 cliens?
389 505 499 537 Vestra
511 515 651 546 purpura
665 505 794 537 removit
810 508 934 536 nostras
950 506 1051 543 togas.

855 588 1089 600 eeeeeeeeeeee

244 647 323 678 vid.
348 646 469 678 Heius.
497 646 539 677 ad
568 647 636 678 Ov.
664 647 729 687 Ep.
754 655 833 677 Xiv.
859 647 999 677 64.—12
1026 643 1152 675 Divisit
1179 642 1260 674 edd.
1289 641 1455 683 antiquae,
1479 645 1514 672 et
1538 641 1614 673 cod.
1631 642 1712 674 Pul-

245 700 361 721 mann.
385 692 393 707 ⁴
409 690 552 721 Dimisit.
599 691 821 731 Nequaquam
852 689 975 719 damno
1000 688 1088 718 hanc
1109 687 1190 718 lect.
1236 685 1379 717 Memini
1398 690 1524 723 tamen,
1549 695 1625 717 cum
1643 687 1713 725 pri-

244 744 336 764 mum
354 735 386 764 in
412 733 500 764 hunc
519 734 540 764 1.
557 733 756 772 inciderem,
778 733 892 763 statim
910 731 1117 762 succurrisse
1133 729 1214 761 milii
1231 728 1377 760 Derisit.’
1398 729 1454 759 De
1472 729 1578 769 Rooy.
1623 729 1712 760 Vide

243 777 439 808 Turnebum
453 785 546 808 xxx.
560 779 612 807 30.
626 781 661 807 et
679 776 822 807 Gruter-i
836 774 1160 815 interpretationem
1181 773 1215 804 in
1228 772 1330 803 Notis
1346 772 1540 803 Van-iorum.

905 861 1052 893 NOTAE

289 928 329 957 12
353 926 441 958 Dim.
457 926 610 967 [Divisit]
625 927 765 967 nostras]
790 927 867 958 Hoc
881 931 954 958 est:
1006 926 1226 968 praestandis·
1254 923 1323 956 Alii
1340 922 1486 964 Dimisit,
1503 922 1623 954 eodem
1638 931 1713 954 sen-

246 978 329 1017 Vos,
361 978 542 1018 purpurati
571 978 727 1014 clientes,
759 978 953 1009 removistis
1007 988 1057 1010 su.
1103 977 1232 1009 Videat
1248 977 1369 1008 lector.

244 1040 305 1060 nos
324 1039 506 1071 pauperes,
522 1034 554 1060 et
567 1030 760 1062 exclusistis
773 1029 816 1060 ab
832 1029 954 1061 officiis

937 1183 1029 1224 XI.

746 1275 798 1304 IN
834 1273 1155 1304 cALffloDouu
1167 1274 1214 1302 M.

247 1341 346 1382 Nn.
369 1343 489 1383 aliud
512 1344 720 1397 loqueris,
743 1357 875 1398 quam
896 1343 1089 1393 Thesea,
1113 1342 1476 1395 Perithoumque‚

302 1409 457 1464 Teque
478 1416 611 1464 putas
633 1412 812 1465 Pyladi,
837 1411 1104 1461 Calliodore,
1126 1423 1294 1464 parem.

251 1477 534 1531 Dispeream,
556 1479 594 1519 si
616 1484 664 1520 tu
686 1479 848 1533 Pyladi
869 1484 1083 1533 praestare
1104 1478 1330 1519 matellam

305 1545 479 1598 Dignus
501 1560 567 1596 es,
591 1551 669 1588 aut
689 1561 853 1602 porcos
875 1561 1060 1601 pascere
1083 1547 1293 1588 Perithoi.

254 1616 429 1657 Donavi
451 1620 609 1666 tamen,
632 1618 794 1672 inquis,
818 1618 963 1658 amico
984 1617 1124 1658 millia
1145 1616 1353 1670 quinque,
1688 1614 1717 1654 5

307 1684 364 1726 Et
384 1685 520 1725 lotam
541 1684 612 1740 (ut
634 1685 845 1740 multum)
867 1690 1017 1740 terque
1039 1690 1284 1739 quaterque
1305 1689 1471 1737 togam.

290 1808 321 1840 Ο
339 1809 525 1846 Culliodore,
542 1809 623 1840 nihil
638 1810 723 1841 aliud
740 1810 875 1850 loqueris
887 1820 979 1850 quam
993 1811 1121 1850 leesea‚
1137 1809 1394 1848 Perithoumque,
1407 1810 1437 1839 et
1452 1807 1552 1838 credis
1568 1811 1598 1838 te
1613 1816 1717 1847 aequa-

245 1852 307 1882 lem
333 1852 462 1892 Pyladi.
511 1853 704 1892 Dispereum,
725 1854 754 1884 si
770 1854 897 1885 mereris
909 1854 1073 1893 porrigere
1090 1854 1246 1884 matellam
1262 1852 1392 1893 Pyladi,
1409 1855 1462 1882 aut
1475 1861 1600 1892 pascere
1609 1859 1719 1890 porcos

247 1895 401 1926 Perithoi.
448 1895 664 1927 Nihilominus
678 1896 761 1936 decli,
776 1897 836 1937 ais,
850 1897 947 1927 amico
961 1897 1092 1937 quinque
1104 1896 1217 1935 millia,
1232 1899 1263 1927 et
1279 1899 1383 1934 togam
1394 1895 1489 1926 latam
1501 1897 1549 1925 ter
1561 1897 1590 1925 et
1606 1896 1720 1934 quater

861 1982 938 1993 uec
943 1982 1101 1993 ‘eonor-e

290 2037 307 2065 l
333 2034 465 2075 Pyrith.
483 2035 592 2067 Paris.
622 2038 717 2067 1617.
762 2036 837 2068 Pir.
855 2037 909 2069 ed.
934 2038 1120 2068 Maitt.—6
1144 2036 1257 2067 Lotum
1281 2035 1414 2066 multum
1438 2034 1512 2066 cod.
1537 2034 1720 2067 Pulmann.

246 2078 316 2110 Pro
341 2078 538 2118 parenthesi
565 2078 706 2110 minima
723 2085 853 2120 puncta
879 2081 1043 2111 exhibent
1072 2081 1153 2112 Ald.
1178 2080 1276 2112 Jnnt.
1297 2079 1406 2110 Colin.
1436 2083 1470 2109 et
1497 2088 1599 2109 unum
1616 2077 1720 2118 idque

245 2121 421 2152 minimum
453 2126 617 2162 punctum
642 2126 721 2162 post
744 2124 753 2140 ‘
770 2123 884 2154 lotam'
912 2124 1025 2155 Paris.
1052 2127 1148 2155 1617.
1178 2128 1213 2154 et
1241 2122 1366 2162 Delph.
1394 2122 1470 2153 Nec
1499 2121 1719 2161 parenthesin

245 2174 309 2195 nec
337 2169 504 2204 punctum
531 2165 635 2196 habet
664 2166 717 2196 ed.
744 2166 925 2198 Barbouii.
973 2169 981 2185 ‘
1001 2168 1205 2207 Suspectum
1222 2164 1396 2196 Scriverio
1423 2168 1458 2195 ut
1481 2175 1523 2195 m.
1552 2165 1716 2195 Frustra:

245 2213 299 2238 est
325 2209 415 2238 enim
444 2209 647 2248 compendio
680 2208 808 2240 dictum
838 2220 900 2248 pro
927 2219 981 2249 eo,
1019 2210 1108 2251 qnod
1140 2214 1192 2240 est
1225 2209 1407 2248 integrum.
1454 2207 1510 2238 Sic
1538 2206 1618 2238 Juv.
1648 2215 1716 2238 vn.

244 2251 254 2268 ‘
271 2250 321 2281 Ut
347 2251 535 2289 minimum,
551 2251 619 2282 duo
638 2251 835 2284 sufficient?
850 2253 858 2265 ’
907 2254 1045 2284 Gronov.
1071 2252 1256 2283 Salmasius
1281 2251 1365 2291 legit
1384 2251 1427 2280 Et
1444 2251 1551 2288 latam,
1566 2253 1601 2280 ut
1626 2250 1722 2280 mim'-

243 2303 338 2325 mum.
365 2293 453 2323 Vide
471 2295 653 2325 Varioruin
683 2296 805 2326 Notas.
849 2296 858 2312 ‘
877 2297 921 2327 Ut
947 2298 1076 2327 multum
1094 2295 1290 2335 parenthesi
1308 2293 1563 2330 inelndendum,
1589 2297 1627 2323 ut
1649 2293 1718 2323 sint

244 2336 352 2367 verba
379 2337 564 2375 Martialis,
583 2337 757 2369 irridentis
779 2339 1007 2378 exiguitatem
1031 2339 1194 2369 muneris.
1240 2337 1332 2367 Male
1357 2337 1445 2366 hunc
1460 2337 1482 2367 l.
1501 2335 1629 2376 accipit
1644 2337 1718 2366 Sal·

246 2389 330 2410 mas.
347 2379 380 2410 iu
398 2380 483 2411 Not.
499 2380 543 2412 ad
561 2381 655 2412 Hist.
683 2380 775 2422 Aug.
807 2381 897 2424 quod
925 2386 961 2413 et
987 2382 1021 2413 in
1050 2382 1149 2423 pejus
1178 2383 1349 2412 retractat
1373 2379 1415 2410 ad
1433 2379 1539 2411 Soliu.
1564 2389 1599 2420 p.
1628 2378 1717 2410 391.Ι

922 2478 1067 2511 NOTAE

289 2546 305 2574 1
333 2542 462 2580 Thesea,
483 2542 739 2584 Perithoumque]
778 2543 848 2575 Alii
871 2545 954 2576 scri·
1006 2544 1179 2576 matellam
1206 2547 1386 2585 praestare,
1410 2543 1466 2573 vel
1493 2552 1613 2584 porcos
1642 2552 1717 2584 pas-

248 2594 335 2625 bunt
352 2592 544 2623 Pirithoum.
584 2593 639 2623 De
656 2593 707 2624 his
719 2594 792 2634 jam
811 2595 870 2625 lib.
887 2604 953 2626 vu.
1008 2604 1100 2627 cere.

243 2644 347 2684 Epig.
372 2645 426 2674 24.
473 2643 598 2674 Eorum
627 2643 771 2676 historia
799 2646 953 2678 omuibus
1050 2651 1069 2678 5
1096 2647 1204 2678 Miltia
1219 2645 1371 2687 quinque]
1394 2644 1650 2680 Sestertiorum.

242 2695 356 2727 obvia.
1050 2700 1071 2728 6
1098 2697 1141 2728 Et
1162 2699 1269 2737 lotam,
1284 2695 1356 2737 lya]
1393 2696 1467 2728 Hoc
1485 2700 1553 2737 est,
1566 2695 1639 2727 fere
1657 2705 1716 2727 uo·

286 2749 306 2778 4
329 2745 457 2785 Dignus
470 2744 518 2785 es]
555 2744 633 2777 Hoc
658 2750 733 2778 est:
773 2746 809 2779 Si
825 2747 946 2789 dignus
1005 2757 1091 2780 vam.

243 2808 280 2830 es
305 2797 357 2829 vel
388 2796 585 2830 vilissimum
620 2796 716 2829 obire
745 2807 879 2838 munuS,
907 2804 945 2830 ut
