1893 3225
511 269 921 301 ffir’lcRAMMA'l'UM
962 272 1055 302 iliis.
1092 273 1194 302 xiv.
1463 265 1575 307 1033

709 431 997 473 CXXVIII.

618 520 1061 551 BARDOCUCULLUS.

118 589 316 629 (immas
341 590 586 631 Santonico
609 589 740 630 vestit
760 594 804 629 te
824 589 1139 631 bardocucullo
1156 603 1165 630 z

176 657 595 713 Cercopithecorum
614 657 794 712 paenula
815 671 953 712 nuper
973 663 1079 699 erat.

162 758 269 789 Gallia
284 762 315 789 te
330 759 433 790 induit
444 758 653 792 bardocucullo
670 760 851 800 Santonico,
863 770 960 800 nuper
975 763 1043 792 erat
1056 761 1181 802 poenula
1199 759 1495 800 Cercopithecorum.

160 868 174 896 l
201 867 336 906 Santigo
350 867 425 900 cod.
439 868 569 900 Thuan.

774 913 804 945 N
810 913 913 945 OTAE

161 976 175 1004 1
203 974 310 1004 Gallia
340 973 522 1015 Santonico]
550 976 822 1008 Bardocucullus
877 976 1061 1008 utebantur
1074 975 1216 1007 Romani
1228 984 1304 1006 cum
1319 974 1466 1015 plueret.
1490 973 1579 1004 Erat

116 1024 220 1055 vestis
235 1030 311 1055 erat
326 1025 436 1064 vilior,
454 1026 496 1057 de
515 1037 582 1067 qua
608 1027 666 1058 lib.
679 1037 703 1058 1.
722 1028 821 1068 Epig.
877 1032 990 1058 autem
1008 1027 1270 1058 bardocucullus
1286 1025 1390 1056 vestis
1414 1024 1552 1055 brevior
1568 1035 1575 1053 :

114 1078 168 1106 54.
217 1075 337 1107 Fiebat
366 1076 456 1117 apud
490 1077 669 1117 Santones,
697 1078 821 1110 Galliae
876 1078 934 1110 lib.
952 1087 976 1109 1.
1005 1077 1103 1118 Epig.
1119 1080 1173 1108 93.
1195 1078 1205 1094 ‘
1222 1075 1456 1117 Dimidiasque
1481 1080 1578 1105 nates

118 1125 334 1166 Aquitanicae
352 1128 506 1168 populos,
520 1128 621 1159 hodie
638 1128 821 1168 Saintonge.
878 1130 1014 1162 Gallica
1047 1129 1137 1170 palla
1165 1128 1277 1169 tegit.¹
1316 1127 1415 1159 Unde
1440 1126 1577 1158 confert

160 1179 179 1207 2
205 1177 506 1219 Cercopithecorum]
531 1180 598 1212 Qui
614 1180 721 1211 simiae
742 1186 821 1211 sunt
876 1182 968 1212 illum
984 1181 1122 1220 tunicae,
1144 1189 1208 1222 qua
1225 1179 1427 1211 amiciuntur
1444 1178 1561 1209 simiae.

117 1228 297 1260 caudatae:
320 1228 421 1270 Epig.
438 1229 628 1261 202.inf1·a.
677 1231 820 1262 Paenula

731 1359 976 1402 CXXIX.

618 1450 887 1481 cANthiNAE
921 1449 1082 1480 RUFAE.

120 1517 192 1557 Ro
203 1529 268 1557 uA
292 1518 434 1570 magis
455 1518 596 1559 fuscis
618 1519 823 1567 vestitur⁵
847 1517 1001 1559 Gallia
1020 1517 1124 1557 rufis
1143 1531 1152 1557 :

178 1584 231 1625 Et
253 1586 397 1638 placet
418 1585 488 1626 hic
512 1586 660 1640 pueris
683 1585 992 1640 militibusque
1015 1585 1153 1626 color.

155 1695 263 1768 flama
280 1696 381 1735 magis
391 1695 534 1727 induitur
538 1696 643 1734 fuscis
654 1695 820 1735 vestibus,
839 1696 947 1726 Gallia
963 1696 1055 1736 rufis:
1071 1697 1101 1725 et
1112 1694 1201 1734 pueri
1216 1697 1245 1725 et
1255 1693 1368 1724 milites
1381 1696 1486 1724 amant
1500 1694 1581 1724 hune

121 1748 153 1768 co
167 1748 262 1769 orem.

780 1781 920 1813 NOTAE

166 1845 349 1886 Canusinae]
360 1846 433 1877 Viri
447 1846 589 1877 Romani
602 1849 744 1877 utuntur
754 1855 826 1877 ves·
884 1846 917 1876 in
929 1846 1018 1877 bello
1030 1845 1202 1886 placebat,
1213 1853 1256 1875 ne
1268 1853 1329 1884 per
1340 1843 1480 1875 vulnera
1490 1842 1583 1875 efflu-

122 1897 215 1929 tibus
231 1896 316 1929 fusci
333 1897 478 1936 coloris3
501 1897 593 1929 Galli
618 1895 698 1927 rufis
715 1906 733 1927 e
750 1897 828 1928 lana
882 1906 942 1927 ens
957 1896 1092 1937 sanguis
1112 1895 1147 1926 in
1162 1894 1316 1926 vestibus
1333 1894 1474 1926 alterius
1490 1895 1581 1925 colo-

121 1948 290 1979 Canusina
303 1959 312 1987 ;
327 1952 364 1979 et
377 1954 491 1979 tamen
508 1948 607 1988 pueri
622 1947 730 1978 nostri
745 1957 824 1988 gau·
881 1947 927 1979 ris
943 1947 1115 1978 incuteret
1134 1945 1202 1976 suis
1228 1951 1407 1984 terrorem,
1428 1944 1582 1976 hostibus

121 1997 204 2029 dent
220 1997 293 2029 rufo
310 1998 371 2029 hoc
387 1998 517 2038 colore,
534 2002 572 2029 ut
587 2002 623 2029 et
638 1997 763 2029 milites
781 2007 824 2028 ex
882 1997 1028 2029 adderet
1045 1998 1204 2037 animum,
1217 1997 1281 2028 διο.
1304 1995 1491 2028 Ρανηαὸἰαε.

122 2048 279 2080 instituto
299 2049 480 2088 Laconum,
501 2048 623 2091 quibus
652 2049 707 2080 hic
729 2048 825 2080 color

747 2169 965 2212 CXXX.

611 2260 824 2291 PAENULA
859 2259 1094 2290 SCORTEA.

125 2328 446 2369 INcuemARE
468 2329 588 2370 viam
610 2328 728 2370 coelo
748 2329 856 2370 licet
876 2342 1018 2382 usque
1048 2340 1228 2379 sereno;

181 2396 252 2437 Ad
275 2397 446 2438 subitas
467 2410 693 2452 nunquam
715 2402 889 2439 scortea
908 2396 1025 2438 desit
1046 2409 1200 2450 aquas.

170 2501 320 2536 Quamvis
332 2510 451 2541 semper
473 2502 624 2543 suscipias
647 2502 711 2533 iter
725 2503 798 2534 coelo
812 2512 932 2542 sereno,
952 2502 1035 2533 nullo
1050 2502 1084 2532 in
1097 2502 1161 2532 loco
1173 2503 1294 2533 scortea
1314 2499 1392 2531 desit
1409 2500 1449 2530 ad
1465 2498 1579 2530 imbres

123 2544 306 2585 repentinos.

166 2633 186 2662 2
211 2630 279 2661 Alii
292 2639 450 2670 nusquam.

779 2673 920 2705 NOTAE

171 2737 313 2778 Paenula]
338 2736 455 2768 Vestis
480 2736 615 2768 scilicet
638 2736 681 2768 ad
708 2746 823 2768 areen-
877 2747 919 2769 ex
931 2736 1179 2779 pellibusfacta
1189 2741 1326 2768 scortea
1339 2733 1581 2775 appellantur!

127 2790 202 2820 «lam
235 2789 380 2830 pluviam
410 2792 545 2819 scortea
570 2787 721 2820 dicitur:
758 2789 822 2820 hoc
878 2788 1010 2820 Festus.

127 2846 192 2881 est,
208 2839 300 2870 facta
325 2849 365 2869 ex
391 2839 479 2879 pelle
502 2838 650 2869 ‘Omnia
678 2848 823 2880 namque
