1924 3225
526 260 932 293 anRAMMATUM
967 261 1060 292 Lm.
1096 263 1179 293 vn.
1488 255 1573 296 547

284 359 394 402 Atro
416 360 610 401 carmina
630 371 730 412 quae
751 358 930 400 madent
951 371 1151 410 veneno3

283 427 346 469 Ut
365 440 519 468 vocem
539 426 647 467 mihi
667 426 921 467 commodes
943 431 1186 479 patronam,

279 496 353 545 Et,
374 499 584 549 quantum
605 495 786 548 poteris,
808 495 886 536 sed
907 507 1063 548 usque,
1086 494 1250 536 clames
1268 508 1278 535 :
1505 498 1559 537 15

282 563 387 604 Non
408 564 583 617 scripsit
602 575 726 603 meus
748 562 840 603 ista
863 561 1098 602 Martialis.
1546 568 1550 572 '

108 664 272 695 malevolus
286 664 403 694 dixerit
421 673 492 695 esse
507 673 573 694 mea
588 663 725 694 carmina
737 672 804 704 qnoe
818 662 1051 703 perfunduntur
1062 666 1131 694 atro
1144 673 1268 702 veneno,
1283 666 1317 694 ut
1333 663 1483 695 concedas
1494 664 1570 695 mihi

110 717 210 738 vocem
220 709 394 747 patronum,
410 710 439 738 et
449 708 574 748 clames,
589 710 621 737 at
633 716 763 747 semper,
777 709 806 737 et
822 709 970 746 quantum
982 705 1096 737 valebis
1109 717 1119 737 .·
1131 706 1224 738 Meus
1238 706 1403 738 Martialis
1418 717 1478 738 non
1493 717 1572 739 com-

108 751 211 791 posuit
223 750 297 781 ista.

714 852 956 894 LXXIII.

658 944 726 973 AD
762 942 1024 973 MAXIMUM.

111 1013 369 1063 EstLns
392 1012 546 1053 domus
568 1016 652 1062 est,
674 1011 832 1052 domus
854 1015 923 1052 est
943 1009 1027 1051 tibi
1049 1009 1162 1050 colle
1182 1008 1361 1060 Dianae,

168 1082 226 1122 Et
246 1086 323 1122 tua
343 1081 552 1134 patricius
575 1080 768 1121 culmina
788 1080 916 1120 vicus
937 1078 1092 1119 habet:

112 1149 231 1191 Hinc
252 1147 397 1191 viduae
421 1148 630 1202 Cybeles,
652 1147 775 1187 illinc
799 1145 993 1187 sacraria
1013 1143 1168 1186 Vestae
1189 1159 1201 1196 ;

168 1216 278 1258 Inde
299 1229 479 1266 novum,
500 1220 688 1256 veterem
709 1214 931 1268 prospicis
962 1212 1062 1253 inde
1082 1212 1111 1254 J
1116 1225 1258 1254 ovem.

112 1285 215 1334 Dic,
236 1285 313 1326 ubi
336 1284 624 1325 conveniam:
659 1283 747 1333 die,
770 1295 859 1336 qua
879 1286 922 1322 te
944 1286 1084 1336 parte,
1104 1281 1356 1335 requiram?
1543 1284 1569 1323 5

169 1351 390 1406 Quisquis
409 1352 575 1406 ubique
595 1351 782 1401 habitat,
804 1349 1020 1399 Maxime,
1043 1362 1264 1403 nusquam
1284 1349 1467 1390 habitat.

157 1474 264 1505 Habes
283 1475 366 1504 oedes
388 1473 552 1514 Esquiliis,
568 1471 659 1503 habes
682 1472 762 1502 oedes
777 1470 810 1502 in
828 1471 901 1501 colle
918 1470 1047 1508 Dianae,
1063 1474 1094 1501 et
1119 1471 1308 1502 domicilium
1331 1470 1390 1501 tibi
1402 1473 1448 1502 est
1461 1470 1494 1501 in
1509 1470 1574 1500 vico

112 1518 274 1549 Patricio:
297 1527 336 1547 ex
352 1517 407 1547 hac
421 1519 511 1556 parte
525 1516 609 1546 vides
631 1515 769 1545 sacraria
785 1514 886 1544 ‘vidua’
911 1514 1051 1554 Cybeles,
1076 1523 1115 1544 ex
1138 1514 1194 1544 ‘illa
1225 1514 1338 1550 Vesloe,
1366 1513 1438 1544 inde
1459 1523 1573 1544 novum

112 1560 318 1598 Jovem,inde
332 1563 475 1589 veterem.
520 1558 584 1588 Dic
598 1558 651 1588 ubi
676 1557 865 1595 conveniam,
892 1556 942 1586 dic
959 1566 1020 1596 qua
1040 1559 1134 1596 parte
1157 1566 1294 1597 quaeram
1316 1554 1379 1587 te?
1427 1555 1575 1596 Quisquis

114 1602 221 1642 ubique
233 1602 323 1633 habet
338 1601 541 1641 domicilium,
563 1601 646 1630 nullo
661 1600 694 1630 in
708 1601 770 1630 loco
785 1599 888 1630 habet.

723 1672 959 1684 eeeeeeeeeeee

157 1724 176 1752 8
201 1721 288 1752 Hinc
301 1720 390 1751 bivioe
409 1719 538 1761 Cybeles
552 1718 661 1750 codex
677 1716 857 1749 Pulmanni
871 1726 881 1755 ;
898 1715 988 1747 unde
1007 1714 1141 1756 Lipsius
1157 1715 1256 1756 legit,
1271 1715 1390 1746 bivirae.

778 1802 917 1834 NOTAE

162 1874 177 1901 1
204 1869 372 1910 Esquiliis]
395 1867 482 1898 Vide
516 1868 616 1908 Epig.
653 1870 706 1899 23.
741 1868 819 1898 Una
875 1868 937 1899 tris
955 1867 1064 1897 Deum
1082 1867 1246 1906 templum
1272 1866 1349 1897 hinc
1364 1865 1470 1897 vides.
1520 1866 1578 1896 Vi-

116 1931 238 1962 nempe
255 1924 330 1951 erat
347 1919 438 1950 urbis
457 1919 561 1959 regio.
874 1918 974 1948 duam
1002 1923 1101 1948 vocat
1132 1921 1275 1957 propter
1301 1916 1408 1957 Atym
1435 1926 1577 1957 puerum

161 1973 246 2004 Colle
259 1970 389 2011 Diauae]
408 1969 485 2001 Hoc
498 1974 689 2008 est,monte
704 1969 818 2000 Aven-
872 1973 1054 2008 mortuum,
1073 1977 1172 2008 quem
1189 1967 1248 1998 illa
1270 1967 1464 2008 deperibat.
1498 1968 1578 2008 Lip-

118 2024 202 2063 tino,
229 2021 285 2053 ubi
317 2021 480 2061 templum
498 2020 634 2052 Dianae.
671 2020 745 2052 Lib.
764 2029 814 2051 vl.
873 2020 940 2051 sius
955 2019 1041 2060 legit
1055 2019 1126 2050 hinc
1149 2018 1271 2058 hivirae,
1296 2023 1438 2058 propter
1461 2018 1577 2049 Salur-

117 2074 217 2115 Epig.
233 2075 288 2104 64.
310 2071 464 2103 ‘Laudat
484 2070 667 2103 Aventinae
685 2071 816 2102 vicinus
871 2080 951 2102 num
978 2074 1014 2101 et
1037 2069 1157 2111 Atym.
1181 2069 1310 2100 Videat
1337 2069 1457 2100 lector.
1525 2069 1577 2098 De

116 2126 202 2156 Sura
214 2123 356 2155 Dianae.'
873 2121 1002 2161 templo
1017 2120 1163 2160 Cybeles
1177 2125 1213 2151 et
1227 2120 1344 2151 Vestae
1360 2119 1489 2151 dictum
1502 2120 1575 2159 jam

160 2178 180 2206 2
205 2175 250 2205 Et
261 2177 316 2204 tua
328 2173 495 2214 patricius]
509 2172 518 2198 ἕ
531 2173 707 2204 Patricius
723 2173 816 2203 vicus
873 2172 930 2204 lib.
949 2182 975 2202 1.
996 2171 1097 2212 Epig.
1111 2174 1166 2202 71.

119 2227 235 2257 Romae
251 2224 378 2264 dictus,
395 2233 435 2254 eo
447 2223 536 2265 quod
550 2224 597 2254 ibi
611 2223 747 2264 patricii
762 2224 819 2254 lia-
916 2225 935 2253 4
960 2222 1038 2253 Inde
1050 2222 1174 2262 novum]
1192 2220 1271 2252 Hoc
1287 2224 1352 2262 est,
1367 2220 1573 2262 Capitolium

118 2276 326 2316 bitaverunt‚
354 2274 499 2317 jubente
532 2274 653 2305 Servio
687 2272 820 2305 Tullio!
873 2282 998 2304 novum
1012 2276 1047 2304 et
1063 2277 1170 2303 vetus.

119 2328 252 2360 Festus.
917 2327 938 2355 6
963 2324 1111 2364 Quisquis
1125 2322 1252 2364 ubique]
1281 2323 1402 2354 Senec.
1416 2323 1525 2363 Epist.
1544 2326 1575 2354 2.

163 2381 181 2409 8
206 2377 293 2408 Hinc
303 2376 404 2408 viduoe
419 2374 563 2417 Cybeles]
587 2375 665 2407 Hoc
678 2379 742 2416 est,
753 2384 820 2406 ma·
875 2376 884 2392 ‘
896 2375 1074 2416 Nusquam
1091 2379 1142 2406 est
1155 2374 1212 2415 qui
1226 2374 1351 2416 ubique
1365 2374 1440 2405 est.'

729 2508 969 2551 LXXIV.

426 2600 521 2631 PRO
554 2600 682 2630 GARO
717 2599 777 2629 ET
810 2598 1051 2629 NORBANA
1087 2598 1274 2629 vo'rUM.

125 2667 331 2708 CYLLEN
341 2677 395 2708 Es
416 2668 610 2721 coelique
630 2667 782 2717 decuS,
803 2666 991 2707 facunde
1011 2667 1220 2717 minister,

180 2734 331 2775 Aurea
351 2736 423 2776 cui
441 2739 554 2776 torto
575 2735 699 2788 virga
716 2735 909 2777 dracone
931 2736 1067 2776 viret:

166 2834 197 2865 O
212 2834 328 2866 diserte
342 2833 494 2875 minister,
505 2834 610 2874 gloria
626 2835 768 2875 Cyllenes
788 2839 820 2867 et
845 2835 925 2876 coeli,
952 2835 1002 2866 cui
1018 2835 1142 2866 virescit
1158 2835 1249 2874 virga
1272 2843 1367 2865 aurea
1396 2837 1480 2865 torto
1501 2835 1573 2864 dru-
