1893 3225
277 266 363 308 8222
754 278 802 307 M.
838 278 948 308 VAL.
981 276 1256 308 MARTlALxs

914 464 1090 505 XXX.

863 556 911 584 JN
950 555 1155 584 zethum.

281 623 347 663 Os
371 622 483 663 male
506 621 741 662 causidicis
761 628 805 662 et
827 621 940 662 dicis
963 622 1078 662 olere
1102 620 1272 675 poetis:

337 690 424 731 Sed
447 691 652 739 fellatori,
677 691 818 740 Zoile,
843 689 975 744 pejus
999 691 1105 730 olet.

934 800 1076 832 NOTAE

325 869 339 896 1
361 866 406 896 Os
419 864 512 904 male]
535 865 685 905 Propter
696 865 980 896 maledictahaec?
1078 868 1097 896 2
1122 864 1288 905 Fellatori]
1313 863 1389 895 Tibi
1408 873 1541 906 nempe.
1564 864 1621 896 De
1637 863 1737 896 Zoilo

281 915 334 946 An
362 915 476 946 studio
501 915 632 946 diutino
653 916 817 955 impedita
841 924 979 947 concoc·
1037 915 1113 946 vide
1126 915 1182 946 lib.
1199 925 1254 946 111.
1272 915 1374 956 Epig.
1415 916 1446 947 2.
1647 928 1650 930 ’

281 967 395 998 tione?
422 966 496 998 Lib.
516 976 564 997 lv.
579 967 678 1008 Epig.
694 970 726 998 4.
1744 871 1893 1084 δ

904 1098 1108 1140 XXXI.

835 1190 884 1219 1N
921 1190 1192 1219 cAEanUM.

394 1258 601 1300 ATREUs
624 1258 834 1300 Caecilius
857 1259 1180 1299 cucurbitarum

395 1327 471 1368 Sic
494 1328 607 1376 illas,
630 1328 753 1380 quasi
776 1327 891 1367 filios
911 1327 1137 1381 Thyestae,

397 1394 448 1434 Iu
470 1400 615 1448 partes
637 1396 819 1445 lacerat,
842 1400 1051 1448 secatque
1073 1396 1206 1434 mille.

396 1460 540 1502 Gustu
561 1463 763 1514 protinus
784 1462 863 1502 has
889 1462 993 1502 edes
1015 1463 1058 1502 in
1080 1462 1195 1514 ipso,

396 1527 498 1568 Has
517 1530 658 1582 prima
679 1529 801 1577 feret,
826 1530 1022 1570 alterave
1045 1542 1191 1579 coena,
1706 1542 1735 1568 ὓ

398 1596 497 1637 Has
519 1609 648 1638 coena
668 1598 748 1637 tibi
771 1598 897 1638 tertia
919 1601 1115 1650 reponet.

399 1663 522 1704 Hinc
544 1677 664 1704 seras
683 1664 969 1718 epidipnidas
993 1665 1190 1717 parabit3

398 1732 519 1772 Hinc
542 1733 680 1785 pistor
700 1733 850 1773 fatuas
874 1732 982 1773 facit
1004 1732 1259 1786 placentas;

399 1799 520 1840 Hinc
543 1804 586 1840 et
607 1800 875 1853 multiplices
899 1799 1027 1840 struit
1047 1799 1252 1848 tabellas,

397 1866 454 1908 Et
474 1871 604 1908 notas
627 1867 882 1921 caryotidas
905 1866 1108 1907 theatris:
1674 1865 1729 1906 10

330 1975 475 2006 Caecilius
488 1976 605 2007 Atreus
620 1976 849 2007 cucurbitarum
862 1978 907 2008 sic
931 1977 1075 2015 dilaniat,
1100 1979 1129 2007 et
1156 1979 1238 2006 secat
1259 1975 1332 2006 illas
1350 1975 1382 2005 in
1405 1976 1488 2007 mille
1509 1978 1626 2015 parles,
1650 1976 1740 2015 quasi

277 2019 366 2060 filios
385 2019 547 2060 Thyestae.-
570 2020 679 2050 statim
695 2021 830 2051 comedes
845 2021 901 2050 has
916 2020 948 2049 in
962 2020 1027 2058 ipso
1041 2023 1147 2058 gustu,
1158 2020 1258 2059 prima
1273 2022 1327 2049 aut
1342 2020 1472 2049 secunda
1483 2019 1657 2056 coenaseret
1673 2019 1740 2057 has,

285 2062 381 2092 tertia
396 2072 479 2092 coena
496 2062 554 2092 tibi
570 2066 694 2102 reponet
708 2063 789 2093 illas.
839 2063 891 2093 Ex
907 2063 955 2093 his
971 2062 1103 2093 instruet
1116 2072 1200 2092 seras
1211 2062 1414 2102 epidipnidas,
1436 2072 1474 2093 ex
1489 2061 1538 2092 his
1551 2062 1653 2102 pistor
1667 2071 1738 2092 con-

277 2104 353 2143 ficit
375 2105 508 2135 insulsas
519 2106 690 2145 placentas,
712 2116 752 2137 ex
779 2106 827 2136 his
840 2109 931 2146 parat
947 2106 1131 2145 multiplices
1145 2106 1281 2144 tabellas,
1305 2109 1334 2135 et
1358 2105 1531 2146 caryotidas
1551 2108 1639 2135 notas
1653 2104 1738 2135 rhea·
1891 2111 1893 2158 Ι

891 2191 1125 2203 ‘tetemet‘
1886 2181 1893 2228 {1

331 2247 368 2276 In
387 2246 588 2276 Caecilianum
606 2246 870 2278 edd.Schrevel.
886 2254 921 2279 et
938 2249 1054 2279 Maitt.
1070 2248 1157 2288 quod
1175 2257 1238 2278 nec
1255 2247 1437 2278 admittunt
1454 2246 1486 2276 in
1507 2246 1737 2286 Epigramma,

289 2298 352 2320 nec
370 2292 588 2329 possunt.—4
616 2290 720 2320 Edens
738 2291 802 2322 Ms.
818 2291 850 2321 in
867 2301 972 2332 marg.
988 2291 1042 2322 ed.
1062 2292 1141 2322 Par.
1160 2292 1318 2321 1617.—‡7
1346 2289 1547 2329 Epidinnz‘cas
1568 2289 1642 2320 cod.
1671 2290 1735 2322 Be-

939 2375 1083 2407 NOTAE

329 2443 344 2471 1
369 2439 502 2479 Atreus]
525 2440 600 2471 Hoc
617 2445 684 2480 est,
699 2441 754 2482 qui
769 2440 915 2472 dissecat
929 2451 985 2472 cu·
1040 2444 1107 2479 tur,
1130 2450 1148 2470 a
1163 2439 1264 2470 verbo
1281 2437 1458 2479 ἐπιδειπνέω,
1480 2440 1512 2470 id
1531 2444 1596 2479 est,
1619 2450 1738 2472 secun-

286 2490 448 2528 curbitas‚
474 2491 579 2520 veluti
603 2490 731 2521 Atreus
754 2490 841 2522 filios
869 2490 985 2522 fratris
1040 2491 1115 2521 dam
1131 2499 1258 2520 coenam
1277 2499 1414 2529 perago.

285 2541 336 2572 sui
350 2540 516 2581 Thyestae.
537 2541 668 2571 Seneca
684 2541 715 2571 in
731 2541 866 2581 Thyest.
1083 2544 1103 2571 9
1129 2541 1284 2581 Tabellas]
1328 2540 1406 2571 Hoc
1435 2545 1500 2579 est,
1523 2541 1667 2581 quadras
1695 2542 1736 2573 de

327 2595 347 2623 4
375 2591 478 2622 Gustu
492 2591 632 2631 protinus
646 2591 677 2621 in
694 2591 775 2631 ipso]
814 2592 889 2622 Hoc
919 2596 983 2631 est,
1041 2591 1211 2631 placenta,
1235 2595 1269 2620 ut
1295 2589 1382 2620 dixit
1407 2590 1464 2622 lib.
1492 2600 1547 2622 1¹1.
1573 2592 1738 2632 Epigffe.

285 2643 317 2672 in
332 2651 437 2672 coenae
462 2641 612 2680 exordio,
628 2641 685 2672 lib.
705 2651 742 2672 x.
765 2642 866 2682 Epig.
881 2644 934 2673 31.
950 2642 982 2672 in
1040 2644 1048 2659 ‘
1068 2643 1186 2673 Necte
1203 2642 1271 2673 liba
1293 2642 1429 2682 juvant,
1442 2651 1504 2673 nec
1528 2648 1630 2674 sectae
1658 2653 1735 2685 qua-

286 2692 436 2723 secunda
463 2692 591 2732 pariter
613 2696 646 2721 et
663 2691 765 2721 tertia
792 2701 904 2722 mensa
925 2701 983 2732 ap-
1039 2692 1099 2724 dra
1110 2691 1303 2733 placentne!

286 2743 498 2784 ponebantur
510 2740 707 2772 cucurbitae.
1081 2747 1121 2775 10
1160 2743 1361 2784 Caryotidas]
1406 2743 1490 2775 Quae
1517 2748 1596 2776 sunt
1621 2744 1736 2777 baccae

328 2796 347 2823 7
373 2792 595 2833 Epidipm'das]
635 2792 784 2823 Bellaria
816 2793 983 2833 intellige,
1039 2793 1402 2834 palmarum,lib.v111.
1420 2793 1519 2834 Epig.
1535 2796 1586 2826 33.

286 2854 361 2885 qum
378 2844 410 2875 in
438 2843 591 2874 secundis
619 2844 740 2874 mensis
766 2844 983 2884 apponeban-
