1893 3225
0 2630 2 2667 l

473 236 889 267 EPlGRAMMA'rUM
929 236 1020 265 [ΑΒ.
1054 236 1126 267 ix.
1434 227 1518 268 637

62 331 147 374 Illa
167 332 383 386 siligineis
406 332 659 388 pinguescit
681 331 879 372 adultera
899 331 1055 372 cunnis
1073 344 1084 382 ;

114 399 358 443 Convivam
377 402 524 455 pascit
543 401 668 452 nigra
689 399 830 440 farina
847 403 986 440 tuum.

58 466 297 510 Incensura
320 471 442 510 nives
460 468 650 509 dominae
669 467 820 508 Setina
840 467 1086 520 liquantur3
1490 477 1518 505 o

115 534 211 577 Nos
234 537 421 578 bibimus
445 535 571 577 Corsi
593 536 719 589 pulla
740 548 910 577 venena
927 534 1045 576 cadi.

57 602 188 644 Emta
208 604 291 645 tibi
312 618 402 645 nox
423 609 494 645 est
513 603 660 644 fundis
682 616 765 643 non
786 606 881 643 tota
902 602 1123 656 paternis;

115 670 249 712 Haud
274 685 353 713 sua
371 672 566 713 desertus
586 684 686 711 rura
706 669 873 711 sodalis
894 672 1001 711 arat.

57 738 268 792 Splendet
289 740 533 794 Erythraeis
553 737 780 793 pellucida
800 738 974 779 moecha
994 736 1158 790 lapillis
1177 750 1188 787 3

115 806 303 848 Ducitur
325 807 545 856 addictus,
565 811 605 848 te
625 806 835 855 futuente,
857 806 1006 847 cliens.
1461 803 1517 844 10

58 872 176 915 Octo
199 874 320 928 Syris
342 874 523 915 suffulta
539 875 665 915 datur
686 874 845 914 lectica
867 873 1026 926 puellae
1045 886 1056 923 ;

116 941 295 982 Nudum
319 942 567 996 sandapilae
590 941 767 996 pondus
789 942 958 982 amicus
979 940 1071 981 erit.

56 1008 79 1049 I
99 1022 227 1058 nunc,
246 1013 289 1050 et
308 1010 508 1059 miseros,
533 1009 712 1063 Cybele,
742 1008 935 1062 praecide
958 1007 1177 1049 cinaedos:

116 1076 234 1118 Haec
254 1081 361 1127 erat,
383 1077 481 1119 haec
503 1077 655 1119 cultris
678 1076 872 1118 mentula
894 1075 1027 1129 digna
1049 1075 1149 1116 tuis.

669 1184 909 1196 ‘memoa-

104 1253 124 1282 2
147 1250 190 1282 In
209 1251 287 1283 edd.
305 1255 391 1282 vett.
407 1252 480 1282 loesa
493 1250 595 1281 nihil.-
625 1250 658 1281 in
685 1250 868 1281 Pulmanni
883 1248 1014 1288 codice,
1027 1248 1123 1287 digna
1150 1246 1305 1278 nihil.—6
1319 1246 1386 1277 Nos
1398 1246 1526 1279 bibimus

55 1294 134 1324 torti
150 1294 182 1324 in
201 1293 280 1325 Ald.
297 1295 392 1327 Junt.
409 1294 521 1326 Colin.
543 1294 676 1334 Gryph.
698 1293 858 1324 Pulman.
886 1293 1002 1322 Plant.
1025 1291 1165 1323 Junian.
1192 1290 1296 1329 Lang.
1313 1290 1437 1330 Delph.
1456 1293 1521 1322 ἃς.

56 1340 119 1367 —S
157 1337 201 1368 At
223 1347 278 1368 sua
304 1337 414 1368 codex
436 1337 630 1368 Pulmanni.
676 1336 750 1367 Non
765 1347 821 1367 sua
838 1337 957 1376 legunt
982 1335 1138 1365 alin—12
1176 1333 1326 1363 Nondum
1354 1334 1523 1374 sandapila?

57 1378 135 1410 Ald.
163 1379 270 1428 dunt.
301 1380 411 1412 Colin.
448 1380 581 1421 Gryph.
624 1379 730 1420 Lang.
767 1382 830 1411 &c.
881 1378 1011 1410 Nudum
1037 1376 1208 1417 sandapiloe
1237 1375 1272 1406 in
1296 1375 1415 1407 codice
1440 1376 1521 1407 Pul-

59 1432 183 1454 manni.

718 1486 857 1520 NOTAE

103 1577 121 1605 3
146 1574 207 1605 Illa
222 1574 390 1615 siligineis]
414 1574 529 1616 Lupus
543 1575 667 1606 amicas
688 1585 764 1615 pas·
861 1577 881 1605 7
906 1574 981 1605 Nox
996 1582 1055 1603 non
1066 1571 1149 1612 tota]
1171 1571 1256 1603 Pars
1270 1569 1394 1602 noctis.

60 1625 162 1656 cebat
179 1635 267 1665 pane
289 1625 455 1666 siligineo.
500 1625 588 1656 Vide
609 1625 666 1657 lib.
689 1634 765 1656 xiv.
861 1627 880 1655 8
905 1624 1003 1654 Haud
1017 1622 1086 1662 sua]
1111 1621 1300 1653 Conducta.

68 1675 168 1715 Epig.
184 1678 237 1706 69.
863 1678 884 1705 9
910 1672 1100 1715 Erythraez's]
1125 1672 1199 1705 Lib.
1214 1682 1248 1704 v.
1264 1671 1364 1713 Epig.
1378 1673 1431 1702 37.

102 1729 121 1756 5
147 1726 326 1764 Incensura,
352 1725 421 1765 isc]
459 1724 591 1756 Amicae
617 1729 684 1757 tuae
711 1735 767 1757 co·
865 1728 906 1755 10
928 1722 1178 1763 Addictus‚85c.]
1211 1723 1254 1754 In
1277 1731 1450 1754 carcerem
1471 1723 1525 1753 vel

59 1774 176 1807 lantur
193 1775 271 1806 vina
287 1775 416 1815 optima
439 1785 459 1806 e
481 1775 587 1815 Setia,
611 1785 687 1817 quae
713 1786 766 1806 ca·
822 1774 913 1806 aedes
942 1774 1134 1813 creditoris,
1157 1773 1246 1804 cuia
1260 1772 1414 1804 Praetore
1430 1768 1526 1804 addi-

60 1827 132 1857 lore
145 1835 205 1856 suo
231 1825 336 1865 nives,
358 1825 479 1867 quibus
503 1825 691 1866 diluuntur,
713 1826 762 1856 in·
822 1826 910 1856 citur
927 1834 994 1855 aere
1007 1823 1160 1855 ob‘rutns.

60 1875 220 1908 cendant.
266 1875 341 1906 Lib.
359 1885 410 1906 ιν.
425 1875 525 1916 Epig.
543 1878 596 1907 69.
615 1879 644 1907 l.
866 1879 904 1907 11
928 1875 1034 1916 Syris]
1071 1874 1185 1906 Servis
1206 1884 1226 1906 e
1249 1874 1348 1915 Syria
1362 1875 1526 1916 octopho-

103 1929 124 1957 6
148 1926 238 1957 Corsi
258 1925 357 1966 pulla]
392 1925 531 1956 Vilioris
549 1930 640 1957 notae
658 1926 727 1957 vini
743 1935 762 1957 e
822 1935 894 1957 rum
913 1925 1138 1966 gestantibus.

62 1976 211 2016 Corsica,
223 1976 320 2016 cujus
332 1976 443 2016 mella,
455 1976 583 2017 thyma,
594 1981 629 2008 et
641 1977 763 2008 coelum
865 1980 906 2008 12
931 1977 1057 2007 Nudum
1075 1974 1257 2015 [Nondum]
1289 1975 1372 2016 Alii,
1388 1976 1527 2008 Nudum.

64 2027 191 2068 gravia.
237 2027 380 2067 Legitur
397 2032 445 2066 et,
467 2027 565 2064 torti;
599 2027 689 2068 qnod
710 2036 768 2057 ex·
867 2027 1060 2068 Sandrwiloe,
1075 2026 1145 2067 Sym]
1168 2026 1244 2057 Lib.
1260 2035 1301 2057 11.
1325 2026 1423 2067 Epig.
1437 2030 1491 2058 81.

61 2082 205 2120 ponunt,
230 2078 414 2118 Supremam
439 2077 587 2108 torculari
616 2077 767 2117 expressi.
866 2081 904 2109 13
930 2076 1117 2118 Nunc,85·c.]
1143 2076 1263 2109 Castra
1275 2076 1412 2108 miseros
1425 2077 1526 2108 cinae-

67 2129 191 2161 Venena
203 2128 287 2169 cadi]
323 2128 412 2158 Vina
428 2127 657 2158 noumeIiora
671 2127 768 2158 Vati·
822 2129 894 2166 dos,
912 2133 950 2159 ut
969 2128 1032 2159 tibi
1047 2129 1115 2159 sint
1140 2127 1348 2159 sacerdotes.
1380 2128 1527 2160 Ironice.

65 2179 170 2215 canis,
188 2189 261 2219 quae
287 2178 423 2209 dixerat
446 2179 455 2195 ‘
471 2178 608 2209 toxica?
652 2178 724 2210 Lib.
740 2188 766 2210 1.
822 2179 930 2210 Immo
944 2179 1075 2219 Lupum
1088 2179 1197 2219 potius
1208 2178 1337 2209 lautum
1349 2177 1527 2219 cinaedum,

64 2231 166 2273 Epig.
179 2233 230 2262 19.
252 2234 288 2263 et
302 2230 362 2262 lib.
382 2239 429 2262 vr.
447 2230 546 2272 Epig.
566 2233 618 2262 92.
823 2229 880 2271 qui
895 2229 1020 2261 amicos
1037 2229 1168 2271 inguini
1184 2228 1377 2270 posthabet.

753 2422 838 2465 IV.

579 2522 644 2551 AD
679 2522 1023 2553 DOMITIANUM.

74 2606 334 2656 QUANTUM
352 2605 447 2659 jam
467 2606 664 2660 SuperiS,
687 2604 857 2656 Caesar,
875 2606 1085 2660 coeloque
1106 2604 1280 2656 dedisti,

128 2673 176 2714 Si
197 2678 387 2726 repetas,
411 2678 454 2714 et.
475 2673 513 2714 si
534 2673 724 2714 creditor
743 2686 842 2714 esse
864 2673 1006 2724 velis3

121 2791 151 2823 O
171 2793 290 2833 Coesar,
315 2793 343 2824 si
364 2802 502 2833 repofcas
525 2797 671 2833 quantum
688 2793 757 2831 jam
776 2794 897 2825 donasti
920 2794 994 2825 Diis
1010 2796 1038 2824 ει
1060 2794 1143 2833 coelo,
1159 2795 1188 2824 et
1209 2792 1284 2824 velis
1299 2800 1362 2823 esse
1376 2791 1526 2822 creditor:

1878 697 1891 762 i
