1893 3225
582 256 983 286 lewensium-vrum
1021 256 1111 286 mu.
1145 257 1257 286 xm.
1561 248 1645 289 947

818 416 1022 459 XXIII.

773 507 890 538 cnm
927 506 1084 537 meos.

199 577 327 619 Cam
352 578 444 618 seni
467 577 627 618 similis
649 574 846 625 Baccho,
869 588 1001 628 quem
1023 574 1145 615 Setia
1164 575 1300 624 misit,

254 646 362 699 Ipsa
383 659 552 686 morum
569 658 719 687 secum
739 646 900 698 portat,
922 648 969 684 et
987 644 1088 696 ipsa
1110 643 1260 684 salem.

242 752 321 783 Chia
335 752 444 783 similis
459 753 528 782 vino
541 751 650 790 veteri,
665 761 757 792 quam
769 749 920 791 produxit
936 748 1113 790 Sella,z'1›sa
1125 758 1224 780 secum
1230 748 1299 787 fert
1311 758 1426 780 merum
1437 753 1465 780 cl
1477 751 1584 782 salem.

858 837 996 869 NOTAE

241 907 255 934 l
298 903 394 943 Chia]
430 903 532 935 Chios
562 908 615 934 est
648 903 759 934 insula
790 903 895 943 AEgaei
950 901 1007 932 vix
1024 901 1238 933 crediderim.

198 955 310 993 maris,
333 954 423 985 unde
451 954 616 984 translata
632 952 714 984 ficus
732 953 896 993 produxit
991 956 1011 983 2
1029 954 1100 993 Ipsa
1110 952 1240 993 merum]
1263 952 1339 983 Hoc
1355 956 1407 983 est
1424 962 1431 981 τ
1457 952 1552 993 Sapit
1575 963 1642 984 me-

197 1003 329 1035 frnctus
344 1004 461 1044 Setiae,
485 1004 519 1034 in
544 1003 670 1044 oppido
688 1003 894 1044 Campaniae,
949 1014 1023 1035 rum
1039 1009 1075 1036 et
1090 1005 1205 1035 salem.
1249 1003 1338 1035 Vide
1364 1003 1422 1035 lib.
1449 1013 1515 1035 vn.
1547 1004 1643 1045 Epig.

197 1054 297 1085 hodie
322 1054 427 1086 Sezza.
484 1054 564 1085 Fuit
593 1054 660 1085 alia
686 1054 792 1093 Setia,
814 1053 894 1085 urbs
949 1058 1002 1086 25.

199 1106 324 1144 Cretae,
351 1116 392 1137 ex
416 1115 483 1146 qua
509 1105 646 1136 allatam
679 1105 765 1136 hanc
793 1103 893 1136 ficum

823 1246 1014 1288 XXIV.

798 1334 1038 1366 GYDONlA.

196 1405 244 1446 S}
271 1405 352 1446 tibi
374 1404 589 1458 Cecropio
611 1406 808 1444 saturata
829 1401 1028 1457 Cydonia
1048 1404 1177 1446 melle

253 1472 487 1522 Ponentur,
507 1471 630 1512 dicas
649 1470 751 1511 haec
774 1470 1014 1520 melimela,
1034 1471 1159 1513 licet.

237 1570 276 1602 Si
291 1573 415 1602 cotonea
428 1569 547 1601 imbuta
563 1569 649 1600 melle
668 1568 776 1599 Attico
795 1572 986 1608 apponentur
999 1568 1068 1610 tibi,
1080 1573 1167 1610 poles
1179 1570 1243 1602 laec
1253 1573 1406 1612 appellare
1418 1572 1580 1605 melimela.

800 1647 1033 1658 octonem„

195 1697 257 1768 B2
280 1694 289 1711 ‘
299 1694 398 1768 gagg&
426 1693 556 1724 Placent
565 1692 694 1724 Thuan.
710 1692 789 1724 cod.
819 1692 989 1724 Firmatur
1001 1702 1040 1724 ea
1051 1694 1133 1725 lect.
1148 1703 1189 1725 ex
1201 1694 1331 1728 Isidoro
1345 1706 1436 1728 xvu.
1450 1701 1481 1728 7.
1496 1696 1642 1739 Origin.¹

230 1747 298 1769 ever
375 1759 382 1767 .

851 1777 992 1809 NOTAE

238 1847 253 1875 l
272 1843 436 1884 saturata]
459 1844 537 1876 Hoc
553 1848 617 1885 est,
633 1844 732 1875 melle
744 1843 889 1883 incocta,
987 1846 1007 1874 2
1032 1845 1204 1887 melimela]
1233 1848 1339 1880 Quasi
1365 1846 1436 1886 μέλι
1454 1847 1504 1878 καὶ
1534 1848 1644 1886 μῆλον,

193 1898 232 1925 ut
259 1894 363 1926 docet
389 1894 519 1926 Plinius
549 1895 608 1926 lib.
638 1903 702 1927 xv.
733 1903 809 1934 cap.
838 1896 890 1924 17.
944 1895 1007 1927 hoc
1024 1901 1088 1937 est,
1108 1899 1175 1928 mel
1202 1903 1238 1929 et
1267 1908 1414 1939 pomum,
1440 1904 1478 1931 ut
1501 1897 1529 1930 si
1546 1898 1637 1929 dicas

193 1945 300 1976 Dicta
314 1948 393 1977 sunt
405 1944 585 1986 ‘Cydonia'
602 1956 621 1976 a
634 1945 788 1986 Cydona,
805 1945 888 1977 urbe
943 1949 1109 1980 mellitum
1134 1959 1281 1991 pomum.

193 1996 320 2027 Cretae.

831 2101 998 2142 XXV.

732 2188 892 2219 NUCES
928 2190 1104 2220 PINEAE.

195 2256 341 2297 POMA
363 2269 513 2297 sumus
535 2255 748 2310 Cybeles:
780 2257 936 2310 procul
954 2258 1052 2299 hinc
1073 2258 1269 2308 discede,
1291 2259 1448 2308 viator,

250 2323 322 2364 Ne
340 2323 471 2365 cadat
489 2323 535 2364 in
555 2323 760 2365 miserum
781 2328 928 2366 nostra
949 2326 1072 2367 ruina
1093 2332 1243 2380 caput.

238 2429 335 2459 Poma
331 2438 452 2509 fszltmus
467 2438 562 2461 sacra
576 2429 687 2471 Cybele
698 2442 709 2463 .-
732 2439 751 2461 o
766 2430 882 2471 tiator,
911 2432 1000 2471 longe
1017 2432 1086 2462 hinc
1106 2431 1168 2469 abi,
1183 2441 1221 2462 ne
1235 2434 1343 2462 nostra
1358 2430 1449 2462 ruina
1471 2431 1594 2463 labatur
1608 2433 1641 2463 in

195 2475 289 2513 caput
304 2472 336 2503 z'n
354 2482 369 2503 e
384 2472 429 2503 ix.

822 2526 938 2537 ‘tm-e
942 2526 1036 2538 eme

195 2567 404 2641 16}⁷Absiste
420 2567 562 2599 Gruter·
577 2577 619 2599 ex
643 2569 757 2601 Palat.
773 2574 808 2601 et
822 2570 870 2602 sic
886 2571 941 2602 ed.
958 2571 1127 2603 Bam—2
1151 2571 1219 2602 Nec
1236 2571 1302 2602 Ms.
1316 2570 1349 2601 in
1367 2580 1471 2611 marg.
1489 2569 1541 2601 ed.
1560 2570 1641 2600 Par.

281 2633 290 2642 ⁴
855 2656 994 2688 NOTAE

237 2719 255 2747 1
283 2716 423 2758 Cybeles]
448 2717 510 2749 Cui
526 2727 647 2758 nempe
675 2727 772 2750 sacra
793 2724 891 2751 erant
946 2720 1077 2751 Plinius
1095 2720 1153 2751 lib.
1169 2730 1227 2752 xv,
1247 2730 1322 2761 cap.
1344 2723 1396 2751 10.

195 2771 337 2807 propter
353 2766 445 2808 Atyn
461 2768 503 2799 ab
526 2776 567 2799 ea
587 2768 793 2810 adamatum,
808 2774 843 2801 et
857 2770 890 2800 in
987 2773 1007 2801 2
1032 2772 1082 2802 Ne
1097 2771 1201 2811 cadat]
1219 2771 1296 2803 Hoc
1312 2775 1364 2802 est
1378 2783 1385 2801 :
1411 2770 1464 2802 Ne
1479 2770 1636 2802 cadamus

196 2819 310 2860 pinum
327 2828 536 2851 conversum.
562 2819 615 2850 De
627 2819 769 2851 nucibus
784 2820 891 2861 pineis
947 2821 979 2852 in
996 2825 1089 2852 tuum
1106 2822 1220 2862 caput.
