1893 3225
523 259 883 289 EPIGRAMMATU
896 261 925 288 M
968 260 1009 288 1⁴1
1023 260 1059 288 Β.
1095 260 1203 290 vul.

1491 249 1575 290 569

119 354 253 397 Nuda
274 353 428 395 recede
448 353 631 395 Venus:
661 366 747 394 non
769 360 836 393 est
867 358 967 395 tuus
989 354 1074 395 iste
1096 354 1290 396 libellus.

172 424 241 464 Tu
262 423 381 472 mihi,
406 427 450 463 tu
474 423 624 463 Pallas
646 421 920 471 Caesariana,
942 423 1054 462 veni.

113 534 153 563 da
176 532 277 564 Venus
291 541 409 563 remove
423 535 466 573 te,
481 531 539 563 iste
551 531 629 563 liber
643 542 704 562 non
719 531 778 562 tibi
792 531 927 564 dicatur.
975 532 1032 572 Tu,
1056 542 1076 563 0
1093 532 1203 563 Pallas
1216 532 1408 572 Coesariana,
1424 535 1458 563 tu
1471 534 1577 563 accede
1620 544 1623 548 ·

116 577 155 606 ad
172 586 230 607 me.

775 617 913 649 NOTAE

160 685 174 713 l
201 681 403 722 Laurigeros]
438 682 515 713 Hoc
544 687 610 723 est,
641 682 818 714 victricem

114 734 305 765 Domitiani
319 734 473 772 d01num3
491 734 548 764 ille
562 734 649 764 enim
666 734 817 764 lauream

112 785 192 817 Jovi
216 785 410 824 Capitolino
437 783 478 814 de
505 783 670 815 Sarmatis
686 784 815 815 retulit.

119 836 301 867 Suetonius
315 836 346 866 in
366 836 494 866 Domit-

157 890 176 917 3
202 887 296 917 Nuda
319 887 425 917 recede
446 885 558 926 Venus]
581 885 657 916 Hoc
683 889 749 925 est,
764 885 815 916 ni-

114 937 180 968 mia
196 936 373 967 verborum
389 936 527 967 licentia
540 940 574 966 et
589 936 738 968 lascivia.
762 974 770 980 .

155 989 174 1017 4
202 987 247 1017 Tu
277 987 396 1028 Pallas]
427 987 536 1019 Quam
567 986 699 1018 scillcet
728 986 815 1018 mira

873 682 1114 723 superstitione
1128 682 1233 714 coluit
1245 682 1470 714 Domitianus.
1495 682 1576 713 Sue-

873 735 984 764 tonius
1002 733 1033 763 in
1051 734 1124 773 ejus
1144 733 1211 764 vita
1235 743 1310 774 cap.
1338 736 1389 763 15.
1435 732 1488 763 Ab
1513 733 1576 763 hoc

872 789 985 815 autem
1008 784 1094 814 libro
1118 788 1271 815 removet
1309 784 1479 814 Venerem
1511 783 1577 813 las-

871 834 970 865 civiae
1009 835 1135 874 Deam,
1172 834 1362 865 Minervam
1398 833 1576 873 pudicitiae

870 889 1050 925 patronam
1078 885 1228 925 invocat,
1259 885 1349 928 quod
1378 884 1576 916 Domitiano

871 937 1005 969 dicatus
1023 937 1068 970 sit
1082 938 1136 969 hic
1148 938 1247 970 liber.

811 1080 875 1121 ΙΙ.

704 1170 770 1199 AD
804 1170 992 1201 JANUM.

284 1237 559 1278 PASTORUM
582 1237 751 1289 genitor
771 1251 1020 1291 parensque
1039 1237 1068 1279 J
1073 1250 1184 1279 anus

288 1304 506 1347 Victorem
528 1305 660 1345 modo
682 1318 783 1345 cum
804 1304 974 1345 videret
995 1305 1118 1355 Istri,

282 1373 367 1413 Tot
386 1374 530 1414 vultus
549 1373 636 1416 sibi
649 1386 737 1413 non
761 1373 870 1412 satis
891 1373 1091 1425 putavit;

285 1440 559 1493 Optavitque
581 1440 735 1480 oculos
755 1440 916 1480 habere
939 1440 1114 1492 plures:

286 1508 340 1547 Et
357 1508 504 1560 lingua
523 1508 688 1560 pariter
707 1507 884 1548 locutus
907 1508 1042 1556 omni,
1550 1505 1578 1545 5

282 1574 513 1615 Terrarum
535 1575 723 1626 dominor
737 1576 924 1628 Deoque
945 1588 1087 1614 rerum

286 1641 497 1682 Promisit
517 1642 695 1694 Pyliam
717 1645 873 1694 quater
892 1646 1130 1682 senectam.

283 1706 453 1758 Addas,
472 1708 500 1749 J
505 1722 588 1750 ane
611 1712 752 1762 pater,
771 1713 893 1750 tuam
913 1721 1134 1761 rogamus.

157 1820 235 1851 Cum
245 1821 336 1860 paulo
350 1823 423 1852 ante
435 1821 548 1860 Janus,
555 1821 713 1859 fastorum
726 1831 840 1861 parens
854 1824 883 1852 et
896 1825 1000 1861 pater,
1012 1823 1166 1860 spectaret
1181 1820 1331 1850 victorem
1348 1817 1502 1855 Danubii,
1517 1827 1579 1848 non

110 1863 243 1894 credidit
260 1865 395 1905 sufficere
408 1864 468 1894 sz'ln·
492 1868 538 1895 tot
554 1865 669 1903 vultus,
693 1869 784 1904 atque
806 1864 938 1904 expetiit
967 1863 1078 1894 habere
1092 1865 1194 1902 plures
1217 1863 1329 1899 oculos,
1346 1865 1375 1892 et
1390 1862 1481 1891 simul
1496 1860 1579 1890 omni

111 1907 218 1945 lingua
240 1907 368 1946 locutus,
390 1907 545 1946 pollicitus
568 1910 613 1937 est
626 1908 747 1938 domino
762 1907 844 1938 orbis
867 1911 897 1937 et
923 1907 992 1937 Deo
1018 1916 1121 1937 rerum
1136 1908 1247 1946 quater
1262 1908 1447 1935 senectutem
1464 1903 1579 1934 Nesto-

111 1950 168 1980 rz's.
205 1949 235 1980 O
252 1950 335 1981 Jane
347 1953 452 1990 pater,
464 1950 655 1981 obsecramus
669 1950 821 1989 adjungas
837 1954 932 1980 tuam.

723 2024 840 2036 eeeee

842 2024 961 2035 ‘‘‘‘‘‘

156 2079 171 2107 1
199 2076 316 2107 Codex
327 2076 510 2108 Pulmanni
528 2076 686 2108 exhibet:
709 2081 858 2117 paterque
872 2078 1051 2108 Jam1s.—2
1076 2076 1162 2107 Istro
1177 2075 1210 2106 in
1224 2075 1345 2106 eodem
1362 2084 1424 2115 pro
1443 2075 1578 2105 Istri.-—

111 2121 131 2149 7
155 2119 283 2159 Pyliam
296 2123 386 2159 pater
400 2124 552 2150 senectam
567 2120 774 2150 Beveriandi
794 2121 930 2151 Ms.-s
954 2121 1063 2151 Addas
1078 2121 1162 2150 June
1178 2122 1265 2149 tuam
1278 2122 1369 2158 pater
1382 2117 1461 2148 Alo.
1477 2117 1577 2149 Junt.

112 2162 219 2192 Colin.
238 2162 368 2203 Gryph.
385 2163 775 2204 Langgpiantdunian.
791 2163 921 2202 Delph.
937 2164 1024 2194 aliae.
1058 2163 1257 2193 Lectionem
1274 2165 1425 2192 nostram
1439 2160 1580 2191 exhibet

112 2204 220 2235 codex
239 2205 432 2238 Pulnianni.

769 2248 908 2280 NOTAE

155 2310 171 2337 1
198 2307 363 2338 Fastorum
382 2307 522 2348 genitor]
548 2308 642 2339 Fasti
671 2312 750 2339 sunt
776 2308 814 2338 li-

112 2356 164 2387 bri
176 2358 232 2396 qui
242 2358 447 2397 singulorum
459 2369 618 2390 annorum
631 2363 728 2399 gesta
738 2368 814 2389 con-

112 2407 234 2443 tinent,
260 2417 400 2448 quorum
430 2414 561 2448 patrem
578 2409 703 2441 Januni
719 2408 814 2449 dicit,

111 2456 188 2497 quia
205 2457 272 2496 ille,
290 2464 327 2489 ut
346 2458 430 2490 dicit
453 2458 543 2490 infra
559 2459 659 2500 Epig.
676 2462 706 2490 S.
723 2460 813 2500 prin—

113 2505 238 2545 cipium
273 2508 332 2539 dat
368 2510 542 2541 velocibus
582 2511 689 2543 annis.
735 2511 814 2541 Fuit

113 2562 227 2587 autem
238 2557 343 2590 Janus
357 2569 415 2590 rex
426 2560 535 2591 Italiae
547 2560 813 2600 antiquissimus,

113 2607 166 2637 cui
185 2613 315 2638 mortuo
340 2614 442 2651 atque
469 2611 559 2642 inter
588 2611 678 2642 Deos
705 2611 813 2642 relato

114 2657 240 2698 primus
257 2659 332 2689 anni
346 2661 467 2692 mensis
479 2662 612 2693 dicatus
631 2667 694 2693 est.

156 2712 175 2739 2
206 2709 360 2740 Victorem
389 2711 481 2751 [stri]
503 2712 543 2743 Id
568 2718 631 2752 est,
645 2713 814 2744 Sarmata-

113 2768 186 2789 rum
215 2760 431 2792 incolentium
457 2762 547 2804 ripas
571 2764 725 2795 Danubii
754 2773 813 2795 seu

115 2809 209 2842 Istri.

912 2311 930 2339 3
958 2308 1015 2338 Tot
1031 2306 1147 2346 vultus]
1161 2306 1285 2338 Janum
1298 2303 1499 2342 bifrontem,
1510 2304 1581 2344 alii,

869 2358 959 2400 quod
975 2368 1097 2389 annum
1124 2358 1275 2396 elapsum
1303 2355 1480 2396 respiciat,
1497 2355 1578 2387 inci-

869 2410 1018 2450 pientem
1037 2417 1115 2438 vero
1132 2406 1341 2448 prospiciat3
1363 2405 1421 2436 alii
1443 2405 1579 2447 quadri-

867 2460 1011 2491 frontem
1029 2458 1159 2497 dixere,
1172 2461 1316 2498 propter
1333 2460 1482 2497 quatuor
1496 2456 1578 2486 anni

868 2513 1104 2550 tempestatem,
1132 2512 1191 2539 aut
1221 2510 1366 2548 quatuor
1394 2506 1578 2537 elementa.

867 2562 961 2602 Lege
979 2559 1084 2591 Ovid.
1098 2560 1190 2591 Fast.
1203 2567 1229 2588 1.

910 2613 930 2641 4
954 2610 1144 2650 Optavitque
1170 2606 1285 2647 oculos]
1310 2607 1375 2638 His
1391 2606 1504 2638 verbis
1521 2615 1578 2638 ve-

867 2661 1007 2691 hemens
1035 2658 1173 2690 videndi
1201 2657 1343 2689 Caesaris
1368 2656 1577 2688 desiderium

867 2710 1031 2751 exprimit
1045 2708 1167 2740 Poeta.

909 2764 927 2792 7
956 2760 1079 2801 Pyliam
1094 2757 1261 2798 senectam]
1284 2758 1340 2788 De
1361 2760 1464 2787 aetate
1488 2756 1576 2786 Nes-

868 2811 951 2844 toris
979 2811 1107 2850 egimus
1131 2817 1244 2850 supra.
1289 2806 1392 2839 Ovid.
1416 2807 1449 2838 in
1477 2806 1576 2847 Epis-
