1893 3225
572 228 972 257 iericuAMMA'ruM
1012 228 1103 258 ΜΒ.
1138 229 1251 258 xlii.
1554 221 1638 261 949

844 324 873 355 N
880 324 982 355 OTAE

234 391 250 420 1
278 388 357 419 lloec
378 387 452 428 tibi]
476 386 607 419 Plinius
631 387 690 418 lib.
707 396 789 418 xm.
813 397 888 427 cap.
943 396 1040 428 quam
1057 387 1116 419 lib.
1131 397 1166 418 v.
1198 387 1300 428 Epig.
1321 390 1370 419 18.
1393 387 1480 420 dixit
1504 393 1640 420 acutam

188 443 220 471 3.
255 439 296 470 In
312 438 452 470 ficorum
470 447 595 480 genere
612 443 724 469 autem
738 447 890 478 caryczw,
943 443 1077 469 testam.
1122 439 1178 469 Ita
1194 438 1389 469 Fan-nablas.
1424 439 1560 480 Legunt
1572 441 1642 480 alii,

190 495 226 522 et
240 491 386 521 minores
402 490 472 530 ejus
491 488 638 530 generis,
656 498 731 529 quae
745 492 889 519 cottana
942 492 1027 519 torta
1040 489 1173 527 mentha,
1186 488 1249 520 hoc
1261 493 1326 527 est,
1337 489 1445 530 inquit
1458 490 1642 532 Domitius,

192 545 326 572 vocant.
363 540 527 572 Scribunt
541 539 608 576 alii,
620 542 753 580 cottana,
765 538 824 570 lib.
839 548 889 572 iv.
943 543 1086 570 coctana
1101 544 1262 570 coronata
1277 540 1412 570 mentha
1429 544 1520 572 torta
1536 545 1573 572 ut
1590 551 1641 572 re-

192 593 293 633 Epig.
310 595 362 623 89.
942 589 1056 620 centia
1081 594 1309 620 servarentur.
1363 589 1490 621 Videat
1521 591 1641 624 lector.

235 643 332 674 Torta
346 641 442 682 meta]
460 641 536 672 Hoc
551 644 616 680 est,
633 649 650 671 e
664 639 761 671 tortis
772 638 888 679 juncis
941 639 1045 670 Aliud
1059 640 1181 670 lemma
1195 640 1291 680 ponit
1303 640 1502 681 Scriverius,
1515 650 1637 683 nempe

188 699 283 726 texta
305 697 432 733 sporta,
459 693 513 723 vel
538 696 628 723 testa
654 691 829 723 turbinata
851 690 885 721 in
939 700 993 722 vas
1004 694 1211 723 coctanorum.

187 750 286 777 metae
308 743 464 782 formam,
494 748 531 775 ut
559 743 618 774 lib.
644 752 668 774 1.
704 743 805 783 Epig.
829 745 882 775 44.

805 896 1011 939 XXIX.

658 986 828 1017 PRUNA
863 987 1183 1020 DAMAscENA.

191 1057 374 1098 PRUNA
396 1054 633 1109 peregrinae
656 1055 776 1095 carie
798 1068 960 1108 rugosa
980 1060 1171 1097 senectae

246 1124 405 1165 Sume:
439 1122 582 1163 solent
603 1121 701 1162 duri
723 1122 890 1164 solvere
911 1123 1074 1164 ventris
1095 1135 1223 1164 onus.

230 1221 346 1265 Accipe
355 1231 457 1262 pruna
477 1230 590 1261 rugosa
602 1219 684 1252 carie
694 1221 868 1261 peregrinae
883 1225 1033 1253 senectae:
1056 1222 1151 1252 solent
1168 1222 1275 1253 laxare
1291 1231 1367 1254 onus
1381 1222 1445 1254 alvi
1460 1221 1610 1254 astrictae.

798 1287 936 1301 ΜΝ
938 1290 1035 1304 00000

231 1341 292 1373 Vas
308 1341 569 1372 Damascenorum
584 1339 638 1372 ed.
654 1338 758 1371 Barb.
774 1342 810 1370 et
825 1338 901 1371 cod.
915 1339 1051 1372 Beverl.
1088 1339 1141 1371 Al.
1170 1341 1231 1372 Vas
1248 1341 1523 1373 Danwscenarum.

846 1414 986 1447 NOTAE

231 1484 247 1512 1
273 1479 472 1520 Peregrinae]
499 1479 634 1520 Nempe
647 1488 756 1520 pruna
782 1479 887 1510 anata
940 1482 1029 1514 Vide
1044 1482 1105 1515 lib.
1122 1491 1157 1517 V.
1174 1482 1272 1524 Epig.
1286 1485 1337 1514 18.

187 1541 228 1563 ex
244 1530 351 1573 Syria,
365 1530 460 1572 cujus
475 1531 666 1562 Damascus
682 1534 735 1561 est
752 1529 884 1561 civitas.

822 1672 999 1715 XXX.

670 1762 856 1794 cASEUS
894 1764 1154 1795 LUNENffls.

188 1831 386 1873 CASEUS
408 1829 611 1872 Etruscae
634 1829 835 1883 signatus
857 1831 1045 1884 imagine
1067 1832 1207 1873 Lunae

241 1897 479 1941 Praestabit
499 1897 650 1952 pueris
671 1898 858 1951 prandia
877 1899 998 1939 mille
1020 1899 1119 1940 tuis.

231 2006 347 2036 Caseus
361 2005 488 2034 notatus
503 2003 639 2042 imagine
651 2002 749 2034 Lunoe
766 2004 911 2035 Etrusca>
922 2004 1131 2044 suppeditabit
1146 2005 1229 2037 mille
1241 2004 1372 2047 prandia
1385 2004 1446 2036 tuis
1457 2005 1570 2046 pueris.

783 2087 1019 2101 eeeeeeeeeeee

843 2154 876 2186 N
882 2154 984 2186 01·AE

228 2222 245 2250 1
271 2217 429 2258 Imagine]
450 2217 622 2249 Etruriam
644 2217 734 2249 inter
763 2221 801 2249 et
825 2218 882 2249 Li·
938 2221 1081 2251 Romam
1096 2219 1318 2252 mittebantur
1333 2220 1422 2251 casei
1450 2219 1535 2252 tanti
1552 2229 1632 2260 pon-

186 2269 316 2312 guriam
343 2269 440 2300 Lunoe
449 2271 570 2309 portus,
586 2268 687 2300 hodie
702 2269 803 2300 Porto
824 2269 883 2301 Ve-
937 2270 1042 2311 deris,
1057 2275 1095 2302 ut
1110 2281 1194 2302 unus
1206 2270 1318 2302 multis
1335 2270 1484 2311 prandiis
1500 2269 1631 2302 suffice-

185 2331 266 2353 nere.
291 2320 467 2362 Oppidum
477 2319 683 2352 maritimum
696 2324 780 2361 erat,
793 2321 882 2352 unde
938 2325 1000 2353 ret.
1043 2321 1130 2353 Vide
1146 2322 1295 2354 Plinium
1311 2321 1369 2354 lib.
1383 2331 1432 2353 XI.
1448 2331 1524 2363 cap.
1535 2324 1590 2353 42.

223 2114 243 2143 2
268 2111 373 2142 Multa
389 2109 465 2141 cod.
479 2109 617 2142 Beverl.

805 2452 1009 2494 XXXI.

664 2543 848 2575 CASEUS
881 2543 1140 2574 VESTiNUs.

188 2611 237 2652 S1
263 2610 358 2652 sine
380 2621 508 2651 carne
529 2609 657 2651 voles
672 2610 902 2664 jentacula
921 2625 1088 2653 sumere
1107 2612 1232 2666 frugi,

244 2679 363 2719 Haec
387 2678 468 2718 tibi
493 2676 678 2718 Vestino
701 2678 754 2719 de
773 2693 899 2733 grege
919 2693 1068 2722 massa
1087 2680 1224 2722 venit.

200 2833 207 2840 .
226 2788 265 2820 Si
288 2789 394 2829 cupies
400 2787 527 2826 jentare
534 2787 709 2828 frugaliter
725 2788 790 2820 sine
808 2799 914 2831 carne,
926 2790 989 2821 haec
1002 2800 1103 2821 massa
1125 2790 1165 2821 ad
1183 2792 1214 2820 te
1228 2787 1365 2821 mittitur
1383 2789 1420 2820 de
1439 2797 1536 2829 grege
1556 2788 1627 2822 Ves..

183 2839 258 2865 tino.
