1893 3225
526 264 927 294 151³1‹:nAm‚u.-x‘run
969 266 1059 295 mn.
1094 266 1197 295 xiv.
1470 258 1578 299 1013

746 421 962 463 LXXII.

700 511 1017 542 BOTULUS

132 576 230 627 Qm
255 578 374 618 venit
395 578 579 620 botulus
599 578 747 618 medio
772 579 852 619 tibi
871 582 1063 633 tempore
1084 579 1264 628 brumae,

187 646 363 686 Saturni
385 649 553 700 septem
574 650 749 688 venerat
770 651 868 688 ante
890 646 997 688 dies.

174 761 317 834 Botulug,
337 762 389 801 qui
406 762 543 791 mittitur
558 762 598 791 ad
614 763 644 791 te
660 761 757 792 medio
774 764 908 801 tempore
920 761 1047 801 brumae,
1061 761 1102 792 ad
1120 771 1171 793 nie
1188 761 1410 799 missussuerat
1425 766 1496 794 ante
1510 773 1576 803 sep.

129 806 189 834 tem
201 804 268 834 dies
311 803 428 834 aturni.

170 912 184 939 1
212 910 357 950 Botulus]
375 910 490 941 Genus
502 909 685 942 farciminis
699 910 740 942 de
757 921 825 952 quo
884 921 950 952 que
964 915 1093 942 tantum
1110 916 1207 942 erant
1222 911 1362 952 legitimi
1377 911 1447 942 dies
1463 911 1579 943 Satur·

127 959 185 990 lib.
202 970 232 991 v.
250 961 349 1001 Epig.
367 963 419 991 78.
880 962 926 1000 ni,
940 967 978 992 ut
993 962 1136 993 diximus
1153 963 1210 993 lib.
1236 972 1285 993 ιν.
1311 963 1412 1003 Epig.
1438 965 1490 993 89.
1508 963 1580 1003 qui-

168 1011 276 1042 Medio
300 1011 373 1051 tibi]
398 1012 474 1042 Hoc
491 1016 556 1051 est,
571 1011 691 1042 mediis
708 1012 823 1043 Satur-
879 1011 942 1042 bus
969 1012 1033 1043 duo
1064 1012 1196 1043 laetitiae
1215 1022 1279 1043 non
1307 1011 1384 1043 festi
1415 1012 1578 1053 adjunge-

126 1061 269 1092 nalibus.
879 1061 1014 1092 bantur.
1075 1063 1272 1094 Macrobius
1300 1063 1356 1094 lib.
1382 1072 1405 1095 1.
1430 1072 1505 1103 cap.
1531 1065 1581 1093 ll·

167 1114 186 1141 2
210 1111 341 1142 Saturni
357 1112 488 1152 septem]
524 1111 599 1142 Hoc
627 1115 700 1142 est:
733 1110 825 1143 Ante
880 1112 1007 1153 ‘Apud
1029 1114 1174 1144 Veteres
1204 1114 1316 1154 opinio
1343 1112 1421 1154 fuit,
1446 1117 1578 1154 septeni

124 1161 314 1193 Saturnalia
330 1162 372 1193 ad
400 1172 453 1193 me
471 1162 590 1193 missus
615 1167 696 1194 erat.
720 1162 825 1195 Quin·
879 1162 998 1195 diebus
1014 1164 1133 1204 peragi
1147 1163 1362 1195 Saturnalia!

735 1300 974 1342 LXXIII.

671 1390 735 1420 ps
754 1391 767 1419 1
788 1391 815 1419 Τ
834 1391 907 1420 TA
928 1392 952 1421 c
975 1392 1000 1421 U
1024 1392 1060 1421 s.

123 1457 404 1498 PsxrrAcus
427 1471 454 1499 a
474 1459 604 1499 vobis
627 1459 815 1501 aliorum
836 1460 1011 1500 nomina
1033 1460 1226 1500 discam:

186 1524 291 1565 Hoc
312 1525 448 1566 didici
471 1539 552 1579 per
572 1540 640 1567 me
661 1527 805 1567 dicere
823 1541 832 1567 :
857 1526 1027 1576 Caesar,
1051 1540 1149 1568 ave.

144 1635 303 1667 Psittacus
316 1635 443 1667 docebor
453 1646 470 1667 a
486 1635 571 1667 vobis
586 1637 709 1667 nomina
721 1636 850 1667 aliorum
860 1647 870 1666 .-
893 1646 911 1666 α
927 1646 974 1667 me
989 1637 1095 1667 doctus
1103 1636 1157 1675 fui
1168 1636 1222 1666 hnc
1233 1636 1351 1666 dicere:
1378 1634 1496 1674 Caesar,
1506 1644 1571 1665 are.

730 1721 967 1732 eeeeeeeeeeee

166 1773 181 1800 l
208 1770 302 1801 Disco
318 1769 392 1801 cod.
413 1770 551 1802 Beverl.

779 1813 922 1846 NOTAE

167 1880 181 1907 l
207 1877 383 1918 Psittacus]
409 1876 491 1908 Avis
509 1877 591 1908 satis
608 1882 699 1909 nota.
917 1881 936 1909 2
962 1876 1098 1917 Per-me]
1122 1876 1199 1908 Hoc
1216 1880 1279 1916 est,
1293 1875 1364 1906 sine
1380 1874 1551 1914 magistro.

733 2032 966 2074 LXXIV.

715 2123 980 2153 conus

121 2188 291 2231 Com-E
314 2190 540 2239 salutator,
563 2202 697 2243 quare
713 2189 886 2230 fellator
907 2189 1111 2230 haberis?

176 2257 230 2298 In
251 2262 387 2312 caput
406 2257 587 2298 intravit
606 2257 801 2298 mentula
822 2256 944 2297 nulla
966 2261 1098 2298 tuum.

164 2369 195 2399 Ο
222 2379 310 2400 corve
339 2370 503 2408 salutator,
526 2379 579 2399 cnr
604 2369 794 2401 existimaris
810 2367 968 2407 fellator?
993 2369 1095 2408 Caput
1121 2371 1208 2398 tuum
1232 2366 1317 2397 nulla
1342 2366 1482 2396 mentula
1500 2363 1567 2402 fuit

118 2412 292 2453 praecisum.

775 2454 920 2486 NOTAE

164 2522 179 2549 l
220 2518 373 2558 Fellator]
409 2518 418 2535 ‘
437 2519 564 2551 Corvos
589 2530 647 2552 ore
670 2521 764 2552 coire
786 2524 820 2551 et
876 2520 954 2551 Nec
978 2519 1068 2549 enim
1095 2516 1284 2557 simplicem
1310 2523 1505 2554 merumque
1530 2522 1578 2543 os-

121 2570 303 2609 concipere
320 2568 432 2600 credit
448 2570 578 2610 vulgus,
591 2570 737 2602 foeminae
754 2581 822 2602 ros.
876 2570 943 2601 culi
958 2569 1083 2601 coitum
1100 2567 1149 2598 καὶ
1161 2566 1239 2606 μίξιν
1248 2568 1309 2596 τῶν
1318 2566 1440 2605 ῥυγχῶν
1456 2565 1490 2594 in
1507 2572 1579 2594 cor-

122 2627 175 2651 tro
191 2620 289 2650 maris
305 2619 459 2659 inserto‚’
476 2619 608 2652 Plinius
619 2622 677 2653 lib.
693 2631 729 2653 x.
744 2631 820 2662 cap.
879 2621 939 2661 VIS,
950 2625 988 2652 ut
1002 2621 1036 2651 in
1049 2619 1227 2657 columbis,
1238 2617 1312 2648 fieri
1325 2614 1580 2648 existimabant:

122 2674 174 2703 12.
206 2671 272 2701 Sed
290 2670 494 2702 Aristoteles
514 2676 617 2712 negat
641 2677 677 2704 et
689 2671 823 2703 deridet
877 2671 936 2703 sed
951 2680 1066 2702 semen
1082 2669 1185 2701 etiam
1211 2678 1253 2699 ex
1270 2666 1362 2698 coitu
1378 2674 1439 2706 per
1459 2674 1495 2696 os
1519 2665 1580 2695 im-

120 2723 184 2752 hoc
213 2721 255 2752 ab
282 2720 487 2761 Anaxagora
513 2722 686 2762 proditum
710 2723 767 2753 lib.
783 2722 826 2753 de
880 2721 969 2752 mitti
984 2721 1017 2751 in
1035 2719 1220 2757 foeminam,
1236 2727 1302 2758 quo
1329 2715 1578 2756 gravidaretur.

121 2772 268 2805 Animal,
301 2771 401 2804 Quod
413 2781 470 2803 ore
488 2773 619 2804 coirent
636 2773 739 2811 corvi,
754 2782 830 2812 per-
883 2771 969 2802 Inde
996 2769 1132 2801 fellator
1157 2777 1278 2800 corvus
1308 2765 1408 2807 vulgo
1434 2764 1580 2798 habitus.

125 2823 302 2864 vulgatum
324 2823 389 2855 hoc
416 2822 539 2864 probat
560 2822 615 2854 hic
630 2822 829 2855 versiculus.
887 2822 1065 2853 Salmasius.
