1893 3225
270 224 356 265 630

746 235 792 264 M.
817 234 879 263 VA
892 236 929 264 L.
966 236 1029 264 MA
1044 235 1239 267 RTlALIS

271 330 405 370 Nunc
423 330 601 383 implere
621 330 739 370 sinus
761 343 945 372 securos
966 331 1141 384 gaudet,
1163 340 1207 372 et
1228 334 1389 373 absens

328 398 519 439 Sortitur
539 397 755 448 dominos,
775 412 830 439 ne
849 399 1078 448 laceretur,
1102 400 1213 441 avis.

274 466 393 516 Quid
414 479 636 506 numerem
658 479 825 515 currus,
847 471 909 507 ter
927 467 1127 520 denaque
1148 469 1333 521 praemia
1352 469 1531 522 palmae,

330 534 443 584 Quae
466 533 567 574 dare
589 547 674 574 non
695 548 866 588 semper
887 536 1044 576 consul
1065 540 1243 589 uterque
1266 537 1411 577 solet?

275 602 438 642 Omnia
458 601 548 650 sed,
571 601 739 651 Caesar,
759 606 880 643 tanto
904 609 1172 656 superantur
1192 604 1374 652 honore,

1674 603 1729 643 15

331 669 464 719 Quod
485 674 778 722 spectatorem
797 674 837 711 te
858 676 933 712 tua
951 671 1101 712 laurus
1129 672 1271 712 habe-t.

273 781 341 808 tuto
349 777 453 814 foveri
473 778 555 817 sinu,
571 782 600 809 ct
615 779 724 810 sortito
744 779 870 819 capiunt
894 780 993 819 heros,
1008 791 1044 812 ne
1058 783 1284 822 discerpantur.

1334 781 1417 816 Quid
1432 788 1586 811 numerem
1610 788 1730 816 currus,

272 825 303 851 et
325 821 462 859 triginta
482 822 611 861 praemz'a
634 823 782 861 εἰσίοι-ἰῶ,
797 833 864 862 quse
880 824 994 862 largiri
1009 835 1069 855 non
1099 834 1213 865 semper·
1225 826 1323 854 solent
1348 823 1436 853 ambo
1454 821 1629 853 Consules?
1672 821 1730 856 At,

273 874 291 893 o
317 866 436 900 Coesrrr,
458 865 560 895 omnia
574 864 723 901 inferiora
744 869 815 896 sunt
838 869 925 896 tanto
951 867 1076 906 honore,
1101 871 1178 908 quod
1200 871 1234 898 tu
1260 871 1379 907 spectas
1400 870 1486 897 tuum
1501 866 1638 896 lauream
1652 864 1730 895 Sar-

276 908 449 938 ruaticam.

881 961 1016 973 ‘‘‘‘‘‘‘

1020 962 1118 973 eeeee

274 1012 360 1033 cano
373 1002 455 1043 legit
469 1002 628 1033 Heinsius
647 1003 688 1033 ad
707 1003 827 1034 Claud.
845 1003 974 1044 Paneg.
992 1005 1024 1035 in
1041 1006 1143 1037 Proh.
1159 1011 1194 1037 et
1211 1005 1314 1046 Olyb.
1333 1006 1434 1036 Cous.
1448 1007 1500 1034 45.
1524 1013 1625 1045 quem
1642 1003 1719 1033 vide

273 1049 358 1076 —12
383 1046 421 1076 In
440 1045 517 1077 edd.
534 1050 619 1077 vett.
637 1045 718 1076 Ald.
732 1046 831 1078 Jnnt.
855 1047 965 1077 Colin.
979 1047 1111 1088 Gryph.
1125 1051 1188 1080 &c.
1211 1059 1264 1079 nec
1289 1050 1443 1079 laceratur
1462 1047 1545 1078 anis.-
1564 1047 1597 1076 iu
1613 1045 1733 1076 codice

273 1088 470 1119 Pulmanni:
494 1098 532 1119 ne
546 1090 869 1119 lace1·etu1·acis.*l3
895 1090 934 1120 In
952 1091 1051 1122 codd.
1066 1093 1147 1123 Vat.
1169 1097 1204 1122 et
1231 1093 1570 1130 Florent.aeterna‹1ue
1591 1089 1735 1130 praemia.

273 1134 359 1162 ——16
384 1131 492 1163 Codd.
506 1132 656 1163 Florem.
674 1136 707 1162 et
723 1132 927 1164 Pulmanni:
951 1137 981 1164 te
998 1137 1051 1164 tna
1072 1135 1177 1166 laurus
1193 1138 1284 1165 amet.

942 1197 1080 1229 NOTAE

274 1249 443 1289 superiore
457 1256 664 1290 sparguntur
674 1249 799 1280 nummi
810 1249 974 1289 sestertii,

274 1311 356 1341 quos
373 1302 514 1332 lascivos
533 1307 642 1341 vocat,
659 1301 747 1342 quod
766 1300 852 1332 forte
868 1310 973 1342 popu-

274 1352 343 1381 lum
360 1352 400 1382 ad
418 1361 452 1382 se
469 1352 620 1382 alliciant
638 1352 690 1382 vel
709 1356 875 1382 recreent.

318 1406 358 1433 10
383 1404 476 1435 Nunc
491 1403 562 1443 dat]
577 1404 754 1435 Turnebus
770 1405 844 1434 loco
865 1403 974 1433 citato

272 1453 321 1483 sic
347 1453 501 1494 explicat
526 1454 617 1485 hunc
645 1464 803 1485 versum:
835 1459 974 1485 tesserae

273 1504 400 1544 globuli
417 1509 514 1536 erant
531 1510 634 1536 certae
659 1506 789 1546 speciei
817 1505 906 1536 notis
928 1505 975 1536 in·

273 1554 406 1594 scripti,
431 1565 507 1595 quae
532 1555 561 1586 ei
586 1556 642 1596 qui
666 1556 795 1595 jactam
815 1561 976 1586 tesseram

273 1611 447 1646 rapuerat,
465 1606 624 1638 dabatur.
660 1607 750 1637 Vide
765 1607 976 1647 Xipliiliuurn

272 1657 307 1686 in
327 1657 479 1687 Nerone.

318 1710 354 1738 ll
383 1708 477 1738 Nunc
492 1708 635 1748 implere]
660 1708 736 1739 Hoc
764 1713 828 1746 est,
846 1713 883 1739 ut
900 1708 978 1739 mihi

274 1757 432 1788 videtur:
459 1757 551 1789 Aves
568 1758 742 1796 absentes,
755 1767 814 1788 seu
829 1750 983 1789 inm-ena

275 1819 339 1840 non
358 1809 523 1841 exhibitae
544 1811 683 1841 tesseris
708 1811 886 1852 inscriptae
904 1811 983 1841 ‹lan-

272 1865 326 1890 tur
342 1860 397 1901 iis,
413 1861 536 1902 quibus
555 1860 645 1892 forte
663 1861 812 1902 contigit
829 1867 959 1893 tessera
974 1871 982 1891 ε

1031 1258 1067 1283 at
1090 1262 1169 1283 vero
1187 1252 1212 1283 si
1232 1261 1311 1283 aves
1326 1250 1458 1282 emissae
1475 1249 1632 1288 fuissent,
1653 1258 1671 1279 a
1686 1248 1736 1278 di-

1032 1303 1233 1344 ripientibus
1250 1303 1411 1334 laceratae
1430 1300 1588 1332 fuissent.

1076 1357 1116 1385 12
1141 1355 1191 1385 Ne
1217 1353 1383 1393 laceretur]
1416 1352 1498 1392 Alii,
1528 1361 1583 1382 nec
1621 1351 1736 1381 lacera·

1032 1407 1096 1435 tur.

1075 1457 1113 1485 14
1139 1455 1218 1490 Quoe
1245 1453 1335 1494 dare]
1369 1454 1495 1485 Sensus
1523 1457 1593 1484 est:
1627 1452 1736 1483 Plura

1032 1505 1217 1536 victoribus
1229 1504 1371 1546 praemia
1386 1503 1479 1534 dedit
1499 1503 1621 1544 Stella,
1632 1513 1734 1544 quam

1033 1556 1132 1587 ambo
1160 1556 1338 1595 Consules,
1382 1564 1459 1586 cum
1499 1554 1596 1585 simul
1629 1554 1736 1585 edunt

1033 1606 1141 1637 ludos.

1077 1660 1116 1687 15
1145 1657 1243 1688 Tanto
1271 1656 1471 1696 superantur]
1517 1656 1634 1686 Stellae
1665 1655 1735 1685 ludi

1035 1717 1097 1749 per
1125 1718 1159 1738 se
1176 1708 1312 1748 quidem
1332 1707 1498 1746 celebres,
1515 1711 1574 1737 tua
1591 1715 1740 1747 praesen·

1036 1759 1096 1797 tia,
1122 1768 1142 1788 o
1172 1758 1379 1797 Domitiam,
1408 1757 1622 1789 celeberrimi
1652 1756 1737 1787 facti

1038 1813 1128 1839 sunt.

894 1975 1136 2019 LXXIX.

824 2057 873 2086 rN
910 2056 1196 2087 FABULLAM.

451 2114 629 2154 OMNES
653 2119 732 2155 aut
750 2115 920 2155 vetulas
939 2115 1079 2155 habes
1102 2114 1285 2162 amicas,

450 2181 541 2222 Aut
562 2186 729 2234 turpes,
750 2182 998 2236 vetulisque
1018 2181 1254 2221 foediores:

452 2250 554 2290 Has
576 2249 702 2291 ducis
724 2251 925 2300 comites,
947 2251 1167 2302 trahisque
1187 2254 1331 2288 tecum

452 2318 541 2359 Per
563 2319 784 2367 convivia,
805 2319 1020 2371 porticus,
1043 2318 1227 2358 theatra.

454 2386 528 2427 Sic
549 2387 755 2436 formosa,
779 2385 984 2434 Fabulla,
1006 2385 1071 2426 sic
1093 2384 1242 2438 puella
1260 2397 1322 2423 es.

1719 2385 1735 2393 n

1712 2397 1740 2424 Ο

324 2487 437 2516 Omnes
453 2489 515 2515 luce
535 2485 643 2515 ‹zmz'coe
658 2488 712 2515 aut
727 2488 797 2515 sunt
813 2484 932 2522 vetulae,
945 2487 999 2514 aut
1015 2487 1131 2523 turpes,
1145 2486 1175 2513 et
1190 2482 1391 2519 deformiores
1404 2482 1534 2512 vetulis:
1555 2481 1613 2512 tibi
1630 2482 1735 2520 adjun-

279 2530 331 2569 gis
343 2529 397 2559 ltus
412 2529 549 2565 comites,
564 2531 594 2558 et
605 2528 706 2558 trahis
720 2532 820 2558 tecum
831 2537 886 2567 per
901 2527 1052 2566 convivia,
1065 2526 1215 2566 porticus,
1229 2525 1362 2556 theatra.
1407 2524 1437 2555 O
1456 2524 1595 2564 Fabulla,
1610 2526 1654 2555 sic
1668 2526 1734 2565 pul-

283 2573 371 2611 chra,
386 2571 430 2602 sic
438 2571 541 2612 puella
557 2580 598 2602 ee.

889 2621 1129 2633 oeae-m

321 2673 341 2700 2
366 2668 484 2700 Codex
500 2667 684 2698 Vaticanus
704 2667 841 2698 exhibet
859 2678 865 2698 z
890 2665 1185 2706 vetulisquefoedior
1201 2674 1239 2696 es·
1259 2665 1395 2704 Cetera,
1413 2664 1505 2695 nulla
1519 2671 1572 2695 est
1591 2665 1736 2695 varietas

281 2713 313 2743 in
328 2712 589 2752 exemplaribus.

942 2751 1082 2784 NOTAE

324 2813 342 2840 5
367 2807 577 2847 Sicsormosa]
601 2807 676 2838 Hoc
695 2811 756 2845 est,
770 2807 891 2838 collata
904 2815 979 2837 cum
1008 2806 1070 2837 illis
1086 2805 1207 2836 vetulis
1221 2805 1284 2836 tibi
1303 2805 1426 2837 videris
1441 2803 1600 2835 formosa.
