1893 3225
582 215 983 246 EMGRAMMA'PUM
1024 216 1114 244 Llss.
1155 216 1199 244 Χ.
1526 205 1611 246 793

154 315 241 357 Illa
262 315 415 368 placet
438 313 584 363 tellus,
604 314 650 354 in
672 324 760 366 qua
781 324 850 352 res
871 324 1010 365 parva
1031 312 1210 352 beatum
1584 325 1610 351 ε)

211 383 287 423 Me
307 382 432 432 facit,
454 387 499 423 et
518 386 670 423 tenues
691 381 967 422 luxuriantur
989 392 1111 434 opes.

153 452 360 492 Pascitur
380 451 468 500 hic,
490 450 551 491 ibi
574 450 719 504 pascit
738 462 866 502 ager:
898 453 1021 503 tepet
1042 449 1139 501 igne
1162 448 1356 501 maligno

210 519 301 559 Hic
322 518 466 568 focus,
487 518 651 571 ingenti
672 517 837 558 lumine
858 517 977 557 lucet
997 516 1071 557 ibi.

156 586 243 627 Hic
264 587 459 641 pretiosa
480 586 638 635 fames,
659 586 1036 638 conturbatorque
1058 584 1286 633 macellus,

209 655 368 696 Mensa
390 655 452 696 ibi
474 654 646 695 divitiis
663 655 776 695 ruris
798 658 955 708 operta
974 653 1057 694 sui.
1557 651 1613 691 10

152 721 354 772 Quatuor
374 722 445 763 hic
469 725 623 764 aestate
645 722 1016 776 togae,‚plu1·esve
1039 724 1266 771 teruntur3

207 789 445 832 Autumnis
461 790 525 832 ibi
546 804 616 832 me
638 795 828 845 quatuor
845 803 935 832 una
956 790 1077 843 tegit.

151 857 188 907 I,
211 858 307 899 cole
330 872 442 900 nunc
463 872 585 912 reges
604 873 612 900 :
647 859 859 914 quicquid
880 871 965 899 non
987 861 1167 913 praestat
1189 857 1380 906 amicus,

206 925 317 967 Cum
337 931 552 980 praestare
574 927 655 968 tibi
676 928 835 981 possit,
852 925 1003 977 Avite,
1023 926 1168 968 locus.

149 1047 239 1077 didos
252 1058 345 1087 agros
369 1058 447 1079 casce
455 1048 592 1087 fertili&
638 1049 719 1080 Amo
740 1050 826 1080 illam
847 1053 976 1087 terram,
992 1050 1027 1080 in
1047 1059 1104 1090 qua
1129 1058 1178 1080 res
1199 1048 1315 1086 exigua
1335 1047 1404 1078 beat
1421 1055 1479 1085 me,
1503 1046 1536 1076 in
1550 1056 1610 1085 qua

149 1093 254 1121 tenues
277 1101 348 1131 opes
371 1092 638 1133 szgfficiuntluxui.
694 1093 761 1124 Hic
786 1093 924 1133 pascitur
947 1102 1036 1131 ager,
1058 1093 1122 1123 illic
1140 1092 1239 1132 puscit
1257 1102 1267 1122 .·
1294 1091 1344 1120 liic
1369 1088 1507 1120 caminus
1531 1089 1611 1119 calet

150 1133 441 1174 malignaflumma,
457 1135 525 1165 illic
541 1136 680 1175 splendet
703 1137 912 1175 ingentiluce.
959 1136 1026 1166 Hic
1046 1135 1149 1174 fames
1170 1144 1243 1164 cura
1268 1140 1334 1171 est,
1354 1137 1383 1163 et
1400 1133 1543 1162 macellus
1560 1134 1610 1162 ‹Ie-

145 1177 337 1215 cocto1·,z‘llic
352 1187 455 1208 mensa
468 1179 644 1209 exstruitur
656 1179 763 1219 opibus
778 1188 841 1209 succ
855 1179 947 1209 villoe.
975 1179 1040 1209 Hic
1062 1182 1172 1208 oestaee
1188 1180 1320 1217 quatuor
1333 1179 1416 1214 togae
1431 1178 1487 1206 aut
1503 1175 1612 1214 plures

150 1222 318 1250 teruntur:
340 1221 404 1251 illic
420 1231 480 1251 una
497 1221 576 1259 tegit
594 1231 641 1252 me
659 1224 791 1262 quatuor
805 1222 974 1252 autumnis.
1023 1222 1092 1260 Age
1106 1230 1197 1259 nunc,
1219 1220 1282 1250 cole
1294 1223 1453 1259 patronos,
1467 1228 1485 1248 ο
1506 1218 1614 1259 Avite,

150 1272 219 1294 cum
233 1264 315 1294 locus
326 1263 425 1304 possit
441 1264 501 1294 tibi
515 1264 655 1303 proebere
667 1264 812 1305 quicquid
822 1275 882 1295 mm
892 1264 1011 1304 praebet
1024 1265 1154 1295 amicus.

755 1338 999 1349 omaem

147 1391 224 1422 cod.
239 1392 484 1423 Pulmannffio
510 1391 781 1432 Conturbaturque
798 1391 878 1423 edd.
892 1397 978 1423 vett.
1008 1391 1105 1422 Alios
1122 1391 1238 1432 legere
1255 1389 1534 1429 conturbatrixque
1549 1399 1614 1419 nm-

147 1435 215 1465 cella·
235 1435 359 1474 Mensa,
372 1434 416 1464 ibi
431 1440 571 1465 monent
588 1435 706 1473 multi3
729 1436 762 1465 id
779 1435 885 1466 habet
908 1435 1018 1465 codex
1037 1435 1228 1472 Pnlmanni,
1243 1434 1299 1473 qni
1325 1442 1521 1473 germanam
1538 1441 1614 1463 esse

148 1478 331 1508 lectionem
350 1477 654 1519 recipiendumque
669 1483 797 1510 censet.
842 1478 972 1510 Macelli
988 1482 1040 1508 est
1057 1483 1091 1508 et
1106 1478 1139 1508 in
1159 1477 1233 1508 cod.
1247 1477 1385 1508 Beverl.

806 1552 838 1583 N
845 1552 948 1584 OTAE

192 1618 210 1646 7
236 1615 382 1646 Pascitur·
398 1614 462 1655 hic]
488 1615 543 1646 Ita
555 1615 654 1657 Epig.
668 1618 721 1647 58.
739 1626 854 1657 supra,
910 1618 1037 1648 victum
1055 1616 1252 1648 necessaria
1270 1619 1361 1646 sunt.
1406 1614 1415 1631 ‘
1428 1613 1617 1645 Conturba-

149 1667 284 1698 cultura
299 1666 455 1697 nimirum
470 1671 506 1697 et
518 1667 766 1698 stercoratione
780 1677 853 1707 pas·
908 1667 980 1698 ‘tor’
998 1677 1037 1698 eo
1051 1677 1152 1697 sensu
1165 1666 1375 1706 dicitur,quo
1387 1664 1538 1705 aperlib.
1552 1673 1619 1696 v11.

150 1722 275 1748 cuntur
297 1717 390 1757 agri:
415 1717 480 1748 hoc
505 1722 570 1757 est,
596 1717 748 1748 Romana
775 1727 855 1748 rura
910 1718 1009 1759 Epig.
1036 1720 1090 1748 27.
1111 1718 1176 1748 hoc
1207 1721 1279 1747 est:
1305 1722 1399 1746 tanto
1426 1715 1537 1756 pretio
1564 1725 1616 1745 res

148 1767 278 1798 sterilia
293 1771 371 1798 sunt
388 1768 534 1808 platanis
553 1773 682 1799 tantum
700 1773 735 1799 et
750 1769 853 1799 lauris
909 1769 951 1799 ad
969 1769 1096 1799 victum
1114 1767 1316 1798 necessariae
1334 1767 1451 1797 Romae
1466 1765 1618 1797 vendun-

148 1819 294 1850 consita.
909 1824 979 1857 tur,
995 1823 1032 1849 ut
1049 1817 1150 1849 facile
1177 1818 1392 1859 decoquatur
1420 1817 1616 1858 patrimoni·

191 1870 270 1908 Igne
281 1869 432 1910 maligno]
457 1869 545 1902 Quia
560 1870 678 1902 Romae
693 1869 853 1901 emeban-
908 1878 975 1901 um.

149 1924 204 1950 tur
221 1920 320 1960 tigna.
952 1923 992 1951 12
1007 1919 1179 1951 Autumnis
1194 1919 1342 1961 quatuor]
1359 1920 1438 1951 Hoc
1451 1924 1518 1961 est,
1533 1930 1615 1961 qua-

189 1972 210 2000 9
235 1969 501 2010 Conturbator-qne
513 1969 670 2010 macellus]
688 1970 756 2001 Ubi
771 1979 851 2001 ven-
908 1975 985 2002 tuor
1000 1970 1107 2002 annis.

147 2022 275 2053 duntur
288 2022 398 2052 onmia
411 2021 565 2052 ciborum
579 2030 704 2061 genera
720 2031 794 2063 quae
809 2022 852 2053 ad
952 2025 992 2054 14
1017 2020 1131 2061 Locus]
1155 2021 1196 2052 Id
1214 2025 1278 2061 est,
1295 2021 1420 2061 patria.

723 2239 798 2269 DE
843 2239 1040 2270 NUMA.

151 2306 273 2347 DUM
295 2306 410 2348 levis
432 2319 585 2348 arsura
603 2306 785 2348 struitur
805 2307 1002 2348 Libitina
1020 2321 1207 2363 papyro,

208 2373 328 2415 Dum
350 2375 584 2428 myrrham,
602 2379 648 2415 et
669 2375 837 2416 casiam
855 2375 1018 2417 flebilis
1034 2388 1151 2416 uxor
1170 2377 1277 2417 emit
1295 2389 1305 2427 3

196 2484 285 2515 Dum
298 2485 374 2515 levis
390 2485 531 2517 Libitina
545 2486 680 2518 struitur
690 2497 811 2529 papyro
831 2489 960 2530 urenda,
975 2489 1046 2519 dum
1056 2487 1177 2529 flebilis
1196 2496 1276 2518 uxor
1290 2488 1445 2517 mercatur
1456 2484 1613 2525 myrrham

803 2568 946 2600 NOTAE

193 2633 211 2660 1
236 2628 393 2669 Libitina]
426 2630 502 2661 Dea
531 2629 686 2662 funerum
714 2642 853 2673 praeses,
908 2638 1037 2674 praeter
1062 2632 1158 2664 arida
1184 2632 1275 2672 ligna
1302 2641 1452 2673 papyrus
1479 2639 1612 2672 quoque

151 2681 211 2713 lib.
228 2690 310 2713 vni.
328 2681 427 2721 Epig.
440 2684 494 2712 43.
508 2681 561 2713 hic
578 2683 722 2714 sumitur
736 2693 796 2724 pro
812 2684 852 2715 iis
908 2684 1109 2724 ponebatur,
1120 2688 1157 2714 ut
1170 2681 1301 2713 facilius
1316 2686 1529 2713 cremaretur
1540 2690 1614 2711 cor·

152 2741 227 2773 quae
253 2731 295 2762 ad
323 2731 509 2762 curandum
535 2730 634 2762 funus
655 2734 850 2773 pertinent:
907 2745 983 2775 pua,
997 2735 1055 2766 lib.
1073 2743 1156 2765 vm.
1179 2734 1279 2774 Epig.
1299 2736 1354 2764 44.
1378 2733 1387 2750 ‘
1404 2733 1527 2764 Fartus
1551 2741 1610 2771 pa-

151 2783 215 2814 hoc
241 2787 306 2822 est,
331 2782 411 2813 dum
439 2791 538 2822 rogus
555 2787 710 2823 paratur,
727 2784 760 2815 in
785 2794 852 2826 quo
908 2794 993 2824 pyro
1010 2784 1090 2815 dum
1107 2784 1171 2816 tibi
1188 2788 1282 2815 torus
1296 2782 1447 2814 crescit.’
1468 2783 1477 2798 ‘
1489 2782 1611 2813 Levis⁷
