1893 3225
246 190 331 231 922
726 200 774 231 M.
809 201 918 231 VAL.
952 202 1228 234 MARTiAms

243 297 308 337 Hi
332 296 471 349 magis
493 295 703 347 audaces,
721 311 774 338 an
796 303 897 340 sunt
918 300 994 353 qui
1015 299 1123 340 talia
1143 301 1322 341 mittunt

303 365 524 405 Munera?
557 365 635 405 sed
659 366 855 416 geminus
877 366 1038 407 vilibus
1059 379 1168 407 usus
1190 367 1316 407 inest.

242 432 428 474 Nullum
450 432 677 473 solicitant
692 432 808 483 haec,
833 433 1009 482 Flacce,
1031 438 1281 475 toreumata
1300 433 1456 483 furem,
1670 438 1697 477 5

300 498 357 538 Et
378 499 559 539 nimium
581 500 741 541 calidis
762 513 850 541 non
870 501 1084 542 vitiantur
1098 501 1244 554 aquis.

244 566 382 617 Quid,
404 566 520 620 quod
543 580 695 608 securo
716 571 841 621 potat
861 569 1052 610 conviva
1073 569 1288 619 ministro,

298 634 354 675 Et:
369 648 523 675 casum
545 635 741 676 tremulae
763 649 850 677 non
872 637 1056 678 timuere
1076 650 1235 677 manus
1252 638 1271 677 ‘l

240 702 343 742 Hoc
365 715 541 756 quoque
563 716 648 744 non
669 703 776 743 nihil
794 708 877 753 est,
900 703 1017 757 quod
1040 704 1302 758 propinabis
1323 704 1367 744 in
1388 704 1506 754 istis,

295 769 581 823 Frangendus
602 770 735 812 suerit
756 772 794 811 si
815 771 910 821 tibi,
938 771 1112 822 Flacco,
1132 773 1269 813 calix.
1644 774 1699 815 10

239 885 271 915 1ιὲ
286 890 358 916 sunt
381 887 574 925 audaciores,
598 897 638 917 an
660 888 712 927 qui
729 887 857 918 mittunt
884 887 1034 925 ejusmodi
1050 888 1155 921 dona?
1177 892 1229 920 sed
1255 889 1337 920 licet
1362 890 1438 920 viles
1460 888 1631 919 inseri-iuni
1648 889 1701 918 du-

236 929 312 966 plici
328 930 406 959 usui.
452 930 482 960 O
502 930 624 969 flacce,
647 931 764 961 nullum
777 931 886 968 sarem
902 931 1039 962 inritant
1055 932 1119 962 lzoec
1134 936 1320 971 toreumata,
1333 942 1387 962 nec
1399 932 1599 970 franguntur
1612 932 1702 970 aquis

237 972 332 1001 nitriis
346 973 467 1002 calidis.
516 973 613 1010 Quid,
636 975 716 1012 quod
738 974 866 1004 com-iva
882 973 961 1003 bibit
978 977 1046 1005 tuto
1062 984 1162 1014 servo,
1180 986 1232 1006 nec
1247 976 1389 1006 tremuloe
1405 984 1513 1005 manus
1524 977 1699 1004 metuerunt

236 1013 367 1045 casum?
389 1018 421 1045 ut
439 1016 492 1045 hoc
507 1016 601 1046 etiam
627 1019 672 1046 est
692 1017 824 1056 alicujus
847 1016 1006 1055 momenti,
1028 1019 1169 1058 quodni,
1195 1029 1214 1049 o
1233 1019 1354 1058 Furcae,
1373 1016 1554 1058 propinabis
1568 1017 1600 1046 in
1615 1016 1698 1054 istis,

237 1067 303 1087 cum
313 1057 478 1095 ‚tracturus
487 1058 593 1096 fueris
603 1059 756 1098 poculum.

850 1132 1085 1145 eeeeeeeeeeee

240 1185 378 1217 Gemmis
394 1196 456 1226 pro
470 1189 612 1224 geminus
635 1188 712 1219 edd.
738 1193 821 1220 vett.
846 1189 926 1219 vid.
952 1189 1034 1221 Not.
1054 1191 1225 1222 van—10
1252 1191 1364 1221 Fuerat
1380 1190 1448 1221 Ms.
1469 1190 1502 1220 in
1519 1199 1624 1229 marg.
1642 1189 1696 1220 ed.

239 1229 317 1259 Par.
334 1232 428 1260 1617.

895 1273 1034 1305 NOTAE

235 1331 375 1361 Romam
389 1331 658 1364 advehebantur.
681 1333 749 1363 Sed
765 1333 940 1364 Vitruvius

233 1381 292 1412 lib.
322 1391 404 1413 vrn.
437 1393 512 1424 cap.
535 1386 565 1414 4.
591 1384 639 1415 sic
671 1385 731 1423 ait,
762 1385 771 1401 ‘
785 1384 939 1426 Ideoque

235 1433 477 1463 transmarinos
503 1439 655 1464 catastas
683 1444 796 1465 emere
818 1434 939 1465 formo-

233 1485 311 1521 sos,’
327 1485 389 1513 Sic.
426 1483 547 1523 ltaque
580 1484 704 1514 catasti
737 1489 816 1515 sunt
842 1485 937 1524 pueri

234 1533 382 1574 formosi,
411 1540 447 1564 ut
472 1539 606 1565 constat
635 1536 737 1566 etiam
766 1545 808 1566 ex
826 1535 938 1566 Plinio

234 1585 291 1615 lib.
310 1593 430 1615 xxxv.
462 1595 536 1625 cap.
566 1588 615 1616 18.
656 1585 713 1615 De
742 1585 793 1616 his
821 1590 939 1616 noster

232 1635 344 1666 Poeta
361 1635 498 1666 videtur
514 1645 615 1675 agere
633 1635 690 1667 lib.
707 1644 758 1666 1v.
774 1636 873 1676 Epig.
886 1639 938 1667 42.

233 1688 241 1701 ‘
260 1685 405 1716 Niliacis
423 1686 568 1726 primum
591 1695 677 1727 puer
696 1686 750 1717 hic
775 1691 938 1717 nascatur

231 1737 263 1766 in
278 1736 371 1767 oris.’

276 1790 295 1818 2
325 1787 493 1827 Flaminio]
515 1787 584 1818 Ubi
599 1787 836 1818 vendebantur
849 1787 936 1819 ficti-

234 1837 292 1875 lia,
310 1842 369 1868 aut
383 1837 492 1869 vitrea
504 1847 595 1869 vasa.

277 1890 294 1917 3
335 1888 384 1919 Hi
408 1887 523 1928 magis]
546 1888 692 1919 Videtur
717 1887 829 1919 Po'eta
854 1887 936 1918 allu-

231 1939 312 1968 sisse
330 1938 371 1969 ad
393 1939 405 1956 ‘
421 1938 545 1969 calices
563 1937 733 1978 audaccs‚’
758 1938 799 1969 de
816 1937 936 1979 quibus

233 1989 293 2020 lib.
307 1998 385 2020 xrv.
403 1989 503 2030 Epig.
517 1992 568 2020 94.
586 1989 731 2020 audaces
745 1998 824 2019 vero
838 1998 937 2020 voca-

234 2040 370 2081 bantur,
385 2040 474 2081 quod
491 2040 607 2081 specie
633 2039 778 2081 quadam
797 2040 938 2080 crystal-

236 2091 305 2121 lina
325 2092 449 2131 pocula
464 2091 587 2122 imitari
604 2090 783 2121 auderent.

277 2144 297 2172 4
322 2141 385 2172 Sed
398 2142 542 2180 geminus
562 2141 687 2181 vilibus]
712 2141 799 2172 Haec
815 2150 938 2181 nempe

236 2192 302 2223 duo
322 2192 500 2223 commoda
517 2192 639 2223 vilibus
658 2192 790 2233 poculis
813 2192 940 2232 insunt,

997 1334 1084 1375 quod
1103 1344 1167 1365 nec
1193 1333 1301 1366 furem
1329 1334 1493 1373 alliciant,
1520 1343 1583 1364 nec
1611 1341 1698 1373 aqua

996 1385 1108 1416 calida
1126 1391 1334 1426 rumpantur.
1382 1385 1569 1416 Toreumata
1584 1387 1699 1420 vocat,

995 1435 1084 1477 quod
1103 1441 1200 1467 torno
1217 1435 1455 1467 formarentur.
1481 1436 1616 1475 Legunt
1627 1433 1698 1472 alii,

994 1487 1058 1517 Sed
1091 1486 1224 1524 gemmis
1258 1487 1348 1517 utilis
1381 1496 1454 1516 usus
1486 1485 1577 1516 inest.
1626 1483 1698 1515 Ob-

986 1536 1097 1577 jectio
1119 1542 1172 1568 est
1201 1537 1335 1568 Flacci:
1362 1541 1397 1568 at
1415 1546 1558 1577 gemmae
1574 1544 1698 1576 magno

992 1587 1066 1617 usui
1084 1588 1208 1618 suntin
1227 1587 1394 1629 pellendis
1411 1587 1534 1617 morbis
1549 1590 1583 1617 et
1597 1595 1696 1616 vene-

992 1638 1054 1668 nis.
1101 1638 1234 1669 Plinius
1252 1638 1309 1669 lib.
1327 1646 1474 1669 xxxvn.
1488 1647 1561 1678 cap.
1577 1639 1609 1667 2.
1635 1636 1695 1669 Ju-

991 1687 1083 1719 dicet
1100 1689 1221 1719 lector.

1034 1742 1053 1770 7
1085 1738 1200 1770 Securo
1232 1737 1392 1777 ministro]
1429 1737 1478 1769 At
1508 1747 1588 1768 vero
1619 1747 1694 1767 cum

990 1790 1189 1830 crystallina
1206 1789 1330 1829 pocula
1352 1789 1569 1828 porrigerent
1594 1786 1699 1825 servi,

991 1849 1033 1870 ne
1048 1838 1203 1870 manibus
1219 1838 1421 1869 exciderent
1439 1837 1536 1868 valde
1565 1842 1694 1869 metue-

994 1889 1088 1921 bant.

1037 1943 1076 1971 10
1102 1939 1433 1980 Frangendusfuerz't]
1469 1940 1553 1971 Cum
1571 1949 1693 1980 nempe

993 1991 1027 2022 iu
1065 1991 1172 2022 vitreo
1205 1990 1397 2032 hujusmodi
1421 1990 1543 2031 poculo
1572 1990 1693 2030 aliquis

994 2051 1052 2073 ore
1069 2041 1204 2082 impuro
1222 2046 1256 2073 et
1270 2041 1359 2072 male
1373 2040 1478 2071 olenti
1496 2040 1641 2071 biberit:
1659 2046 1694 2071 at

995 2102 1076 2123 vero
1102 2092 1335 2133 crystallinum
1366 2100 1433 2122 non
1461 2090 1534 2121 sine
1572 2099 1694 2131 magna

989 2143 1128 2184 jactura
1144 2142 1322 2185 frangitur.

854 2319 1063 2361 LXXV.

771 2418 847 2447 DE
895 2417 1148 2450 PUERlS.

350 2493 604 2534 FEsTrNAT
628 2494 880 2549 Polytimus
903 2498 959 2540 ad
981 2497 1176 2552 puellas:

354 2561 527 2603 Invitus
543 2575 725 2616 puerum
747 2564 907 2606 fatetur
925 2565 1152 2620 Hymnus:

843 2664 975 2676 eeeeeee

980 2664 1075 2676 θθθθθ

282 2716 331 2746 De
346 2716 535 2756 p.f0rmosis
550 2715 604 2747 ed.
622 2716 791 2749 Barb.—2
815 2718 963 2761 Hypnus,
979 2719 1021 2750 de
1039 2728 1105 2760 quo
1123 2722 1235 2754 antea,
1250 2717 1388 2758 conjicit
1403 2717 1445 2747 V.
1463 2718 1510 2749 D.
1532 2717 1565 2748 in
1583 2727 1688 2759 marg.

236 2758 290 2790 cd.
306 2759 386 2790 Par.
399 2761 493 2789 1617.
