1893 3225
265 208 353 249 578
744 220 792 249 M.
827 221 938 251 vm„
973 221 1250 253 MAR'rxAms

268 314 453 355 Inferior
473 320 672 356 matrona
692 327 776 356 suo
794 316 866 366 sit,
888 316 1058 366 Prisce,
1078 318 1237 359 marito
1255 332 1264 358 :

326 381 431 423 Non
452 382 575 424 aliter
593 382 756 424 fuerint
776 383 960 425 foemina
981 386 1134 439 virque
1154 398 1300 438 pares.

266 484 409 513 matrona
428 481 471 513 sit
481 481 675 520 infen'orsuo
695 483 763 514 viro
772 494 784 515 .·
809 484 860 515 vir
869 488 899 515 et
913 495 994 516 uxor
1008 486 1102 516 aliter
1114 495 1172 515 non
1179 484 1306 523 fuerint
1321 487 1465 527 oequales.

874 556 1113 568 uem-‘veterem

304 602 324 630 4
350 600 422 632 Non
436 601 619 644 aliterfiunC
635 602 670 633 in
685 601 859 633 codicibus
876 601 1050 641 Farnabii‚
1078 602 1210 635 scilicet
1231 603 1331 635 Bodl.
1360 610 1396 636 et
1424 605 1535 636 Oxou.
1552 609 1588 636 et
1611 606 1658 637 sic
1684 607 1719 638 in

264 641 361 675 Junt.
379 650 414 675 et
427 644 540 676 Colin-

924 686 1066 718 NOTAE

307 754 327 782 4
352 750 569 792 Nonfuerz'nt]
602 749 686 790 Alii,
699 760 759 781 non
771 750 873 792 fiunt,
887 760 964 782 con·
1020 752 1134 783 uxoris
1151 752 1279 794 quippe
1295 759 1347 786 est
1364 764 1497 796 parere,
1510 755 1623 786 mariti
1640 764 1721 786 vero

264 801 385 832 cordes
401 810 542 842 nempe:
566 801 622 832 ubi
639 800 727 832 enim
743 810 830 832 uxor
841 810 902 842 par
914 807 967 832 est
1021 802 1201 843 imperare.

264 854 399 894 marito,
428 854 501 894 jam
530 853 641 894 impar
673 857 725 884 est
748 853 966 894 conjugiun1;

916 967 1063 1008 XIII.

755 1056 822 1086 An
856 1057 1133 1087 GAsscxmAN
1145 1058 1229 1087 UM.

260 1127 431 1169 Momo
452 1126 602 1168 dictus
620 1128 740 1167 erat:
770 1126 929 1179 viginti
949 1126 1142 1168 millibus
1162 1127 1262 1168 emi.

320 1195 478 1237 Redde
499 1194 607 1236 mihi
625 1206 847 1244 nummos,
876 1193 1158 1249 Gargiliane:
1191 1195 1324 1249 sapit.

301 1295 441 1328 Stolidus
460 1296 584 1327 habitas
595 1299 664 1327 erat
676 1306 686 1326 :
707 1299 861 1327 mercatus
874 1306 942 1328 sum
958 1296 1052 1328 illum
1067 1296 1183 1336 viginti
1197 1295 1344 1327 millibus.
1391 1294 1422 1326 Ο
1449 1294 1648 1335 Gargilium,
1675 1305 1723 1326 re-

260 1341 357 1372 stitue
372 1340 450 1371 mihi
464 1349 604 1371 nummos
613 1349 625 1376 ;
647 1339 769 1380 sapiens
785 1342 842 1371 est.

872 1392 1116 1404 Mmoo

299 1436 369 1468 Hic
384 1435 477 1468 nulla
500 1440 554 1467 est
583 1434 744 1467 lectionis
770 1435 917 1467 varietas
940 1434 975 1465 in
1001 1434 1098 1466 libris
1126 1434 1256 1467 calamo
1285 1434 1435 1466 exaratis
1465 1435 1519 1465 vel
1543 1434 1633 1475 typis
1659 1434 1719 1465 im-

259 1479 395 1521 pressis.

920 1519 1062 1552 NOTAE

300 1590 316 1618 l
341 1584 462 1626 Morio]
482 1585 539 1616 Illi
555 1584 760 1616 dicebantur
775 1584 959 1623 moriones,
1014 1585 1108 1616 bant.
1154 1585 1242 1616 Vide
1255 1584 1315 1616 lib.
1334 1592 1410 1616 xxv.
1427 1584 1530 1625 Epig.
1546 1586 1620 1615 210.

256 1638 314 1680 qui
329 1635 477 1669 naturali
493 1635 685 1668 stoliditate
710 1635 810 1666 risum
833 1635 960 1666 excita-

913 1731 1051 1772 XIV.

679 1821 731 1851 IN
767 1822 1043 1852 cRUDELEM
1085 1823 1241 1854 Amen
1253 1825 1301 1854 M.

258 1893 490 1934 PALMDA
512 1904 565 1932 ne
586 1889 777 1931 Cilicum
798 1889 984 1930 timeant
1005 1890 1205 1943 pomaria
1224 1890 1438 1940 brumam,

315 1959 527 2002 Mordeat
545 1962 587 1999 et
606 1961 801 1998 tenerum
820 1956 973 1997 fortior
993 1969 1102 1997 aura
1121 1970 1296 1999 nemus:

261 2028 485 2082 Hybernis
505 2027 682 2081 objecta
701 2025 817 2066 notis
839 2025 1091 2077 specularia
1111 2039 1248 2079 puros

316 2095 562 2137 Admittunt
583 2095 718 2142 soles,
739 2098 782 2134 et
802 2093 895 2134 sine
916 2092 1027 2134 faece
1047 2092 1175 2134 diem.

301 2195 353 2226 Ne
367 2194 484 2235 pallida
493 2192 636 2234 pomaria
658 2192 792 2223 Cilicum
807 2194 943 2222 metuant
963 2192 1113 2232 hyemem,
1135 2196 1165 2223 et
1178 2195 1285 2224 ventus
1300 2192 1505 2223 vehementior
1520 2196 1590 2223 urat
1613 2203 1719 2224 nemus

257 2242 395 2270 tenerum
406 2249 417 2269 .·
452 2236 624 2278 specularia
635 2235 774 2276 opposita
787 2234 870 2265 notis
890 2234 1081 2274 hyemalibus
1096 2236 1255 2275 excipiunt
1270 2237 1346 2266 soles
1362 2235 1490 2274 nitidos,
1509 2239 1540 2266 et
1552 2236 1648 2267 lucem
1671 2246 1716 2267 se-

856 2308 1097 2320 ”meave-e

303 2358 323 2386 4
346 2354 387 2386 In
410 2353 611 2395 quibusdam
625 2352 745 2385 libris:
770 2355 800 2383 et
820 2351 886 2383 sine
901 2353 963 2383 sole
976 2352 1068 2384 diem.
1113 2353 1250 2393 Cetera,
1265 2352 1357 2384 nulla
1372 2356 1423 2383 est
1443 2352 1589 2383 varietas
1607 2352 1638 2383 in
1654 2353 1718 2385 hoc

259 2398 527 2439 Epigrammate.

914 2437 1054 2470 NOTAE

302 2497 318 2525 1
342 2493 484 2534 Pallida]
517 2493 572 2524 Ob
586 2493 740 2535 hyemem
757 2501 822 2534 qua
838 2492 959 2534 palles·
1057 2496 1076 2524 3
1099 2491 1294 2533 Specularia]
1339 2492 1470 2526 Quibus
1509 2492 1714 2534 tegebantur

257 2549 339 2577 cunt
354 2543 447 2585 folia,
463 2544 564 2575 immo
580 2549 615 2575 et
632 2543 809 2575 decidunt.
1014 2545 1150 2576 arbores
1169 2544 1331 2576 adversus
1353 2550 1494 2577 ventos:
1525 2545 1717 2585 specularia

302 2596 436 2627 Cilicum
448 2596 602 2635 pomaria]
635 2594 795 2635 Intellige
821 2593 960 2625 arbores
1013 2600 1128 2626 autem
1159 2595 1315 2635 intellige
1349 2594 1481 2635 lapides
1512 2596 1717 2636 pemachios,

257 2657 275 2679 e
293 2646 415 2679 Cilicia
428 2646 633 2683 translatas;
658 2655 741 2687 quas
758 2655 888 2676 summa
901 2655 959 2676 cu-
1013 2646 1145 2687 quibus,
1167 2651 1205 2677 ut
1228 2645 1330 2677 hodie
1354 2655 1415 2677 nos
1443 2646 1542 2687 vitro,
1561 2646 1610 2677 sic
1633 2646 1714 2677 vitri

258 2708 295 2729 ra
310 2697 449 2729 colebat
463 2697 521 2728 ille
536 2696 675 2727 amicus.
1012 2696 1118 2728 instar
1128 2697 1312 2728 utebamur
1326 2697 1484 2729 Romani.

299 2752 319 2780 2
347 2748 494 2780 Tener-um
523 2746 642 2786 nemus]
691 2745 957 2778 Succrescentes
1054 2750 1074 2779 4
1099 2749 1142 2779 Ει
1158 2746 1326 2787 sinefoece]
1357 2747 1433 2780 Hoc
1450 2752 1515 2788 est,
1530 2747 1600 2778 sine
1620 2747 1714 2784 nive,

258 2801 408 2833 surculos
423 2801 663 2840 interpretare.
1012 2798 1137 2840 pluvia,
1153 2803 1189 2830 et
1204 2799 1356 2839 pulvere.
