1893 3225
567 239 966 270 ffl'lGRAMwATk'M
1005 238 1093 267 mie.
1129 238 1216 267 xii.
1535 226 1619 265 595

778 433 1001 474 XXXV.

631 526 696 554 An
731 523 1140 554 CALLISTRA'PUM.

162 592 416 640 TANQL'AM
442 590 699 644 simpliciter
720 604 910 640 mecum,
934 589 1206 639 Callistrate,
1233 591 1370 638 vivas,

223 659 385 699 Dicere-
407 659 626 712 percisum
651 664 691 698 te
709 658 813 698 mihi
838 671 958 711 saepe
980 657 1111 697 soles.

166 727 266 768 Non
289 741 337 767 es
361 732 449 767 tam
472 726 676 779 simpleX,
701 738 832 778 quam
856 726 937 774 vis,
962 724 1234 774 Callistrate,
1257 724 1370 765 credi
1389 739 1397 764 :

225 794 340 835 Nam
362 794 562 847 quisquis
584 797 727 833 narrat
748 793 869 841 talia,
891 792 1019 846 plura
1041 796 1170 833 tacet.

776 891 792 902 θ
799 891 948 902 ’σοον-ΛΝ
953 891 988 902 ee
994 891 1010 902 ο

205 952 224 978 2
250 948 379 977 Pravis.
399 946 476 978 edd.
490 951 573 978 vett.
587 950 623 977 et
636 945 751 977 Maitt.
769 949 803 976 et
820 944 964 975 Farnab.
982 945 1061 976 vid.
1078 945 1161 978 Not.
1175 944 1233 976 inf.

822 1033 960 1065 NOTAE

208 1101 222 1129 l
253 1097 424 1138 Tanquam]
445 1098 504 1128 vis
519 1097 626 1128 videri
640 1098 785 1137 ingenue
801 1108 866 1128 me·
923 1097 1092 1137 percisum.
1119 1096 1205 1128 Vide
1222 1096 1280 1128 lib.
1294 1105 1333 1127 11.
1351 1096 1451 1137 Epig.
1467 1099 1519 1128 72.

164 1159 239 1179 cum
267 1148 515 1180 communicare
535 1154 668 1179 secreta
695 1153 765 1187 tua,
792 1158 865 1188 pro·
962 1152 982 1180 4
1007 1149 1142 1189 Narrat,
1159 1148 1254 1188 tacet]
1293 1148 1332 1178 In
1356 1148 1495 1179 vocibus
1522 1149 1620 1179 ‘nar-

164 1200 242 1230 inde
259 1198 359 1230 fateri
373 1199 475 1230 etiam
495 1200 576 1229 vitia
591 1211 599 1237 ;
625 1199 684 1229 sed
710 1200 772 1229 hoc
798 1209 864 1229 non
921 1198 983 1229 rat’
998 1203 1032 1229 et
1049 1200 1057 1214 ‘
1072 1197 1190 1236 taeet‚'
1208 1198 1292 1228 latet
1310 1198 1415 1238 majus
1431 1197 1514 1229 illud
1531 1199 1619 1239 quod

163 1249 246 1280 facis
272 1250 436 1290 ingenue:
464 1259 607 1290 namque
624 1250 732 1279 minus
759 1249 800 1280 de
830 1254 863 1280 te
921 1250 1133 1280 Callistratus
1146 1259 1211 1281 non
1229 1248 1356 1279 fatetur
1370 1249 1499 1280 vitium.
1530 1250 1619 1280 Vide

165 1300 294 1335 famu-ic,
310 1305 345 1330 ut
363 1301 470 1340 majus
488 1305 612 1332 taceaS.
919 1300 977 1332 lib.
994 1309 1049 1331 111.
1064 1300 1164 1340 Epig.
1179 1302 1231 1330 83.
1250 1305 1284 1330 et
1301 1300 1398 1340 Epig.
1416 1302 1468 1330 05.

205 1354 224 1381 2
251 1350 628 1391 Percismn[Proecisu1n]
653 1351 765 1381 Palat.
780 1351 863 1391 legit

769 1487 1020 1528 XXXVI.

706 1578 757 1607 IN
794 1576 1085 1606 LABULLUM.

338 1647 523 1687 LlssRAs
547 1649 749 1699 quatuor,
770 1648 843 1685 aut
865 1643 973 1684 duas
995 1644 1156 1693 amico,

336 1715 659 1767 Algentemque
680 1718 842 1765 togam,
863 1713 1127 1764 brevemque
1146 1712 1321 1760 laenam,

337 1781 559 1822 Interdum
580 1780 786 1821 aureolos
808 1791 940 1819 manu
962 1784 1209 1830 crepantes,

337 1848 516 1889 Possint
536 1849 698 1888 ducere
718 1846 795 1900 qui
816 1845 924 1885 duas
948 1844 1192 1895 Kalendas,

337 1915 467 1966 Quod
487 1929 633 1966 nemo,
655 1915 739 1956 nisi
762 1919 822 1964 tu,
845 1912 1047 1962 Labulle,
1070 1913 1228 1963 donas,
1592 1915 1619 1955 5

336 1984 440 2025 Non
462 1998 525 2034 es,
548 1984 674 2025 crede
695 1983 816 2032 mihi,
837 1982 980 2022 bonus
998 1994 1007 2021 :
1041 1981 1147 2034 quid
1168 1982 1301 2035 ergo?

337 2052 398 2093 Ut
416 2065 567 2092 verum
588 2052 761 2106 loquar,
783 2050 979 2104 optimus
999 2051 1226 2090 malorum.

335 2119 538 2169 Pisones,
560 2120 861 2172 Senecasque,
886 2116 1221 2170 Memmiosque,

210 2232 240 2261 Ο
258 2231 395 2269 Labulle,
417 2234 497 2272 quod
512 2235 545 2263 tu
559 2233 641 2263 solus
656 2233 785 2271 largiris
797 2233 894 2263 amico
909 2231 1005 2263 libras
1021 2236 1164 2272 quatuor,
1187 2235 1241 2262 aut
1264 2233 1340 2263 (luas
1354 2232 1502 2271 argenti,
1516 2233 1616 2270 fligi-

164 2275 235 2304 dam
249 2278 367 2313 togam,
387 2277 417 2306 et
433 2277 543 2306 loenam
557 2279 688 2315 curtam,
705 2275 870 2314 aliquando
883 2276 1020 2306 aureolos
1032 2278 1176 2306 sonantes
1193 2275 1224 2305 ἱη
1237 2285 1329 2305 manu
1343 2287 1354 2312 ;
1378 2275 1487 2315 quibus
1501 2279 1618 2305 susten-

166 2317 227 2346 tari
247 2318 343 2356 possit
369 2318 496 2349 amicus
522 2318 636 2349 duobus
662 2318 834 2354 mensibus;
865 2319 953 2349 crede
976 2318 1065 2354 mihi,
1088 2328 1148 2348 mm
1175 2327 1206 2348 es
1231 2318 1334 2348 bonus.
1382 2318 1467 2353 Quid
1490 2316 1616 2357 igitur?

165 2359 297 2398 optimus
326 2362 484 2400 malorum,
508 2365 543 2391 ut
572 2361 673 2392 dicam
707 2361 882 2392 veritatem.
937 2361 1024 2391 Mihi
1050 2361 1179 2391 restitue
1205 2361 1348 2401 Pisones,
1368 2365 1399 2392 et
1425 2361 1568 2400 Senecas,
1590 2364 1620 2391 et

821 2435 963 2467 NOTAE

212 2500 228 2527 l
252 2498 380 2538 Libras]
405 2498 563 2530 Videlib.
576 2509 614 2531 11.
627 2500 793 2540 Epig.44.
966 2503 985 2531 7
1013 2500 1158 2540 Optimus
1170 2499 1332 2540 malorum]
1349 2500 1425 2531 Hoc
1442 2505 1506 2539 est,
1521 2501 1569 2530 Tu
1582 2510 1616 2530 es

209 2551 228 2578 2
251 2548 433 2589 Algentem]
457 2548 534 2580 Hoc
561 2555 625 2587 est,
652 2551 701 2581 ita
736 2552 864 2589 tritam,
920 2550 1009 2581 inter
1024 2560 1142 2581 avaros
1157 2550 1500 2582 munificentissimus.

169 2604 205 2628 ut
223 2597 328 2638 frigus
350 2597 452 2629 facile
468 2599 640 2631 admittat.
664 2602 767 2633 Laena
783 2611 862 2632 vero
961 2605 981 2632 8
1006 2602 1149 2642 Pisones]
1175 2601 1306 2633 Quibus
1334 2601 1376 2632 de
1393 2606 1465 2631 arte
1484 2599 1618 2639 poetica

167 2653 241 2679 erat
267 2648 368 2679 vestis
391 2659 465 2690 quae
494 2649 613 2690 hyeme
631 2652 733 2691 pallio
748 2661 864 2693 super·
919 2652 1040 2682 librum
1057 2650 1231 2682 dedicavit
1244 2651 1418 2682 Horatius.
1460 2650 1515 2680 De
1530 2649 1619 2680 Cris-

166 2698 384 2735 induebatur,
395 2703 482 2729 teste
495 2698 623 2738 Bayfio.
920 2710 964 2741 po
991 2705 1027 2731 et
1051 2701 1182 2732 Seneca
1205 2710 1309 2741 supra
1333 2700 1474 2731 dictum.
1508 2700 1616 2730 Mem-

211 2751 229 2778 8
251 2748 417 2787 Aureolos]
442 2748 517 2779 Lib.
533 2757 568 2780 v.
585 2749 684 2789 Epig.
701 2752 753 2780 19.
776 2750 864 2782 ‘Qui
919 2750 987 2781 mio
1024 2761 1104 2796 vero
1146 2761 1244 2782 suum
1280 2751 1400 2792 poema
1442 2749 1618 2781 dedicavit

169 2803 288 2838 crepet
303 2798 457 2829 aureolos
472 2796 615 2830 forsitan
632 2808 717 2829 uuus
733 2799 822 2831 erit!
922 2801 1114 2832 Lucretius.
