1893 3225
245 229 331 270 995
735 237 784 268 M.
817 237 927 267 VAL.
961 238 1237 270 MARTIALIS

290 338 305 366 1
333 334 402 366 Alii
416 345 518 374 geres,
535 333 625 376 quod
638 332 743 365 etiam
755 331 912 365 defendit
928 333 1184 365 Flosculus.—2
1210 334 1276 365 Pro
1292 334 1392 366 brevis
1408 335 1515 368 Scriv.
1531 336 1615 378 legit
1630 337 1715 368 levis,

909 434 1054 467 NOTAE

289 506 308 534 2
335 502 400 533 mt-
416 500 532 542 brevis]
556 501 639 533 Cum
657 498 815 530 venabuli
842 498 948 530 ictum
1004 499 1098 529 illum
1116 498 1384 531 conficiendum:
1411 501 1511 532 aliter
1526 501 1604 533 vitae
1618 504 1708 542 peri-

245 554 395 585 eluserat
422 561 518 594 aper,
550 561 636 592 opus
661 554 736 582 erat
766 549 878 581 cultro
909 548 950 579 ad
1008 550 1122 581 culum
1136 550 1297 582 subiisset
1314 556 1468 583 venator.

860 692 1089 734 XXXII.

795 784 1143 814 PARAZONUJM.

261 856 486 898 MmmAE
507 854 640 894 decus
658 853 755 902 hoc,
776 856 818 892 et
838 851 946 904 grati
969 864 1129 892 nomen
1152 850 1348 901 honoris,

313 923 452 965 Arma
472 922 749 963 tribunicium
769 919 943 973 cingere
964 919 1096 973 digna
1115 919 1248 961 latus.

290 1046 358 1077 Hoc
374 1047 588 1075 ornamentum
612 1044 747 1083 militias,
769 1047 800 1074 et
817 1053 927 1074 nomen
950 1042 1069 1074 decoris
1086 1041 1233 1081 jucundi,
1254 1051 1343 1073 arma
1369 1046 1447 1073 sunt
1473 1051 1541 1083 quse
1555 1045 1712 1074 merentur

244 1090 369 1128 cingere
382 1090 464 1119 latus
482 1087 624 1118 Tribuni.

861 1139 1101 1150 eeeeeeeeeeee

290 1199 306 1226 l
335 1196 486 1236 (iratique
503 1197 562 1227 erit
577 1205 664 1226 omen
678 1196 801 1226 honoris
824 1195 937 1226 Palat.
961 1198 996 1224 et
1013 1193 1142 1224 Aroud.
1159 1196 1195 1225 et
1209 1193 1276 1224 Ms.
1294 1193 1431 1224 Beverl.
1454 1193 1463 1209 ‘
1476 1193 1606 1223 Militiae
1622 1194 1712 1223 decus

241 1249 289 1277 en,
313 1240 402 1277 grati
426 1243 588 1278 gestamen
610 1239 734 1269 lammis
762 1237 898 1278 legend.
929 1247 1002 1267 esse
1034 1236 1169 1268 videtur
1207 1246 1250 1268 ex
1277 1236 1427 1277 vestigiis
1452 1236 1711 1267 veterrimorum

247 1281 428 1313 codicum?
452 1282 565 1313 Heius.
585 1282 645 1312 Ov.
657 1291 691 1322 p.
708 1284 805 1312 3500.
823 1286 946 1312 nostrae
964 1279 1028 1311 Ed.

912 1365 1051 1397 NOTAE

290 1434 517 1474 Parazonium]
553 1431 747 1474 Παραζώνιον
780 1431 951 1472 cingulum
1002 1430 1104 1470 janus
1120 1429 1215 1460 Surae
1228 1428 1387 1469 gladium,
1403 1438 1468 1470 quo
1481 1428 1712 1468 accingendus

246 1494 322 1516 cum
340 1494 431 1515 ense.
475 1483 545 1514 Alii
573 1483 692 1514 dicunt
719 1481 821 1523 gladii
845 1490 951 1522 genus
1008 1484 1093 1520 erat,
1110 1479 1282 1519 porrexit:
1299 1478 1340 1509 Τὸ
1355 1478 1450 1518 ξίφος,
1463 1477 1480 1508 ὃ
1495 1478 1711 1518 παραζώννυσ-

246 1544 333 1574 esse,
358 1534 448 1575 quod
474 1533 517 1564 ad
546 1543 664 1564 zonam
693 1531 950 1572 accingebatur.
1008 1535 1056 1562 θαι
1083 1530 1177 1561 αὐτὸν
1202 1531 1297 1571 ἐχρῆν
1324 1531 1441 1570 ὤρεξεν,
1468 1531 1537 1562 1)ἰο
1570 1530 1603 1560 in
1631 1530 1712 1562 Vita

246 1586 397 1616 Honoris
412 1594 512 1616 causa
535 1584 577 1615 ab
597 1582 866 1624 Imperatoribus
892 1582 950 1612 tri·
1007 1582 1158 1622 Trajani.
1206 1582 1385 1613 Parazonii
1417 1591 1551 1623 quoquc
1568 1581 1711 1613 mentio-

247 1637 328 1669 buni
344 1636 558 1669 donabantur
572 1635 636 1668 hoc
652 1633 774 1676 gladio.
796 1633 852 1665 Sic
869 1634 950 1664 Tra·
1008 1642 1085 1664 nem
1102 1632 1186 1664 fecit
1203 1632 1388 1664 Athenaeus
1400 1632 1458 1663 lib.
1476 1641 1526 1664 iv.

898 1877 1061 1908 puoto.

248 1951 423 1999 Poeno,
445 1961 575 2002 quom
596 1948 742 1988 curvis
760 1947 904 2000 signat
923 1946 1071 1986 brevis
1093 1945 1237 1986 orbita
1258 1946 1394 1995 venis,

304 2018 569 2060 Stridentem
589 2016 747 2071 gelidis
768 2016 879 2057 hunc
901 2014 1004 2055 Salo
1024 2014 1157 2055 tinxit
1178 2015 1324 2067 aquis.

239 2172 265 2209 s
292 2128 417 2201 Pugio:SV
426 2128 459 2200 iln
476 2137 533 2167 quo
548 2137 632 2159 venoe
647 2137 748 2159 curvoe
762 2128 986 2168 imprimuntur·
1000 2127 1087 2158 bret-i
1103 2126 1217 2167 orbita,
1239 2125 1396 2166 crepitans
1411 2124 1530 2156 tinctus
1544 2126 1591 2155 est
1614 2124 1702 2164 aquis

263 2170 375 2211 rigidis
416 2181 434 2201 α
448 2172 526 2201 onis.

856 2223 1092 2234 eeeeeeeeeeee

253 2309 255 2311 ,
290 2280 307 2308 1
335 2278 445 2317 Cingit
462 2287 524 2317 pro
549 2280 656 2317 signat
670 2277 745 2309 cod.
769 2278 802 2309 in
818 2287 925 2319 marg.
942 2278 995 2309 ed.
1026 2278 1106 2309 Par.
1124 2279 1219 2309 1617.
1243 2275 1342 2307 etsie
1371 2275 1456 2305 alios
1477 2273 1591 2313 legere
1608 2276 1706 2303 notat

244 2320 419 2352 Schrevel.
445 2321 549 2351 Curva
570 2331 648 2352 ¹mena
672 2320 726 2351 ed.
745 2321 845 2352 Barb.
863 2326 899 2352 et
922 2322 971 2352 sic
987 2321 1058 2359 alii,
1080 2323 1240 2351 monento
1268 2318 1345 2349 eod,
1374 2316 1548 2348 Schrevel.
1572 2315 1708 2356 ‘Inqui-

247 2367 365 2394 natnm
382 2373 456 2394 esse
470 2364 560 2395 hunc
578 2364 599 2395 l.
614 2364 727 2394 nullus
746 2363 876 2394 dubito.
922 2363 1013 2396 Quid
1033 2363 1060 2393 si
1077 2363 1171 2403 legas
1189 2361 1286 2392 curtis
1305 2361 1405 2400 cingit
1421 2360 1450 2391 b.
1465 2359 1547 2390 orbis
1561 2357 1708 2390 habenis?

247 2406 343 2446 Conj.
359 2411 510 2438 nostram
524 2405 773 2447 quodammodo
784 2407 910 2446 juvare
923 2406 1061 2436 videtur
1075 2406 1106 2436 id
1122 2404 1212 2445 qnod
1228 2405 1341 2436 Palat.
1356 2402 1433 2435 cod.
1446 2411 1582 2434 servare
1594 2406 1710 2433 monet

246 2449 428 2490 Gruterus,
440 2459 534 2481 curva
547 2449 654 2489 signat
670 2449 756 2480 brevi
769 2449 865 2480 sor-bit
880 2447 1016 2480 harena)
1040 2449 1095 2479 De
1111 2448 1222 2487 Rooy.

906 2534 1046 2565 NOTAE

288 2602 304 2630 1
331 2599 447 2630 Brevis
461 2599 577 2640 orbita]
600 2599 753 2631 Circulos
780 2609 942 2632 venarum
998 2598 1148 2630 candens
1174 2607 1259 2640 aqua
1284 2600 1509 2638 temperatur,
1522 2595 1705 2638 strepitum

245 2658 422 2681 curvarum
457 2651 611 2691 appellat
642 2651 805 2682 orbitam:
847 2661 942 2682 venae
997 2649 1082 2681 edit.

246 2706 359 2732 autem
386 2705 555 2741 apparent
583 2702 618 2733 in
644 2700 735 2733 ferro
765 2702 872 2743 polito
907 2705 944 2733 et
1040 2700 1128 2741 Salo]
1152 2700 1208 2731 De
1221 2699 1353 2742 quolib.
1366 2707 1390 2729 1.
1406 2697 1573 2739 Epig.5o.
1598 2696 1701 2730 ‘Qni-

246 2755 449 2791 temperato.
470 2752 526 2783 Sic
544 2751 708 2784 Raderns.
998 2751 1059 2783 bus
1083 2751 1257 2782 remissum
1274 2758 1399 2789 corpus
1424 2748 1591 2789 astringas
1607 2746 1702 2778 brevi

230 2796 232 2802 ’
287 2804 307 2832 2
331 2801 540 2843 Stridentem]
573 2803 662 2834 Dum
696 2803 785 2835 enim
819 2802 943 2835 ferrum
999 2803 1135 2842 salone,
1157 2801 1215 2843 qui
1231 2800 1357 2832 ferrum
1372 2798 1488 2840 gelat!
