1893 3225
532 198 636 225 ieme
650 197 675 225 a
686 200 707 226 ..a
719 199 748 226 M
759 199 889 228 MATL·
902 200 933 228 M
973 201 1012 228 ω
1028 201 1062 229 n.
1099 201 1168 229 xi.
1491 194 1576 235 823)

773 388 933 429 XLII.

645 479 692 507 lN
729 479 1066 509 CAEOILIANUM.

126 544 314 586 VwmA
337 558 435 585 (tum
456 558 618 598 poscas
640 546 966 598 epigrammata,
987 553 1161 588 mortua
1182 549 1308 602 ponis

75 608 79 610 ’
185 613 437 655 Lemmata:
469 613 543 666 qui
566 612 674 661 fieri,
698 612 952 661 Caeciliam,
976 615 1158 667 potest?

128 681 267 722 Mella
279 682 413 735 jubes
438 682 631 736 Hyblaea
648 682 742 730 tibi,
762 681 828 721 vel
853 681 1085 735 Hymettia
1104 685 1229 725 nasci
1247 698 1256 725 :

183 748 239 789 Et
259 749 408 803 thyma
429 749 659 803 Cecropiae
681 749 864 790 Corsica
887 751 1014 803 ponis
1037 751 1143 804 api?

169 870 199 901 Ο
221 870 395 907 (miliana
412 880 478 901 cum
494 870 630 910 requiras
644 874 748 909 vegeta
764 871 1005 911 epigrammata,
1020 872 1139 911 prafbes
1151 876 1271 904 mnrtua
1287 877 1482 911 argumenta,
1499 875 1573 913 quid

121 916 220 952 potsse
237 912 341 953 fieri?
372 914 469 943 Visne
493 914 550 943 tibi
576 914 659 943 nasci
680 913 771 944 mella
798 913 944 955 Hybloea,
966 919 1019 945 aut
1038 915 1214 954 Hymettia,
1236 926 1304 946 cum
1318 916 1445 956 apponis
1467 917 1572 957 thyma

127 957 252 986 Corsica
268 956 320 996 api
334 955 476 988 Atticm?

716 1020 935 1031 “stromat-

163 1076 182 1104 2
202 1074 285 1108 Quid
300 1073 378 1104 edd.
397 1077 480 1104 vett.
528 1072 696 1114 Quisfiere
713 1073 779 1104 Ms.
796 1073 929 1104 Beverl.

780 1165 917 1197 NOTAE

163 1239 179 1266 1
211 1234 337 1276 Vivida]
364 1236 438 1267 Hoc
454 1241 516 1277 est,
539 1236 665 1267 nobilia
681 1240 714 1267 et
732 1245 817 1276 prae-
914 1240 935 1268 4
956 1238 996 1268 Et
1011 1238 1117 1279 thyma
1136 1238 1276 1279 Corsica]
1291 1238 1413 1270 Amara
1428 1241 1573 1279 scilicet,

120 1288 220 1319 clara.
873 1297 914 1319 ex
931 1288 1051 1329 quibus
1078 1289 1130 1319 vel
1154 1299 1234 1330 apes
1250 1290 1378 1321 Attieae
1392 1291 1458 1321 mel
1472 1291 1571 1323 dulce

162 1338 308 1378 Mortua]
342 1338 431 1369 Vilia
445 1342 550 1380 atque
565 1338 711 1378 abjecta.
872 1338 1040 1371 conficere
1063 1345 1244 1382 nequeant.
1266 1341 1322 1372 Sic
1338 1350 1373 1372 se
1388 1341 1456 1382 api,
1473 1352 1571 1382 argu-

161 1393 180 1421 3
204 1389 354 1431 Hyblam]
370 1389 457 1421 Vide
471 1389 571 1430 Epig.
585 1392 639 1420 46.
652 1388 710 1420 lib.
726 1397 767 1420 Π.
782 1392 818 1420 et
872 1395 1022 1421 mentum
1040 1401 1120 1422 vero
1132 1389 1205 1422 flori
1222 1396 1398 1433 comparat
1413 1392 1536 1425 Poiz‘ta.

119 1443 216 1484 Epig.
230 1446 285 1474 88.
297 1441 355 1472 lib.
369 1450 433 1472 vn.

737 1598 920 1639 XLIII.

683 1688 731 1717 IN
769 1688 999 1718 UXOREM.

119 1758 435 1799 DEPRENSUM
461 1757 504 1797 in
524 1769 659 1811 puero
682 1756 848 1796 tetricis
869 1769 938 1796 me
955 1756 1156 1806 vocibus,
1175 1771 1301 1807 uxor,

176 1826 390 1879 Corripis,
414 1830 457 1866 et
479 1824 623 1864 culum
645 1827 688 1863 te
710 1835 885 1876 quoque
907 1822 1075 1864 habere
1095 1824 1238 1866 refers.

119 1893 252 1933 Dixit
272 1893 385 1933 idem
408 1891 579 1946 quoties
600 1890 774 1931 lascivo
797 1889 825 1930 J
832 1903 913 1930 uno
935 1890 1130 1931 Tonanti
1148 1892 1166 1931 Τ

174 1960 259 2001 Ille
281 1965 425 2002 tamen
448 1960 599 2014 gracili
621 1971 721 1999 cum
744 1957 1003 2011 Ganymede
1017 1958 1150 2012 jacet.

119 2029 384 2069 lncurvabat
407 2028 571 2082 Hylam
594 2027 744 2080 posito
765 2025 1025 2080 Tirynthius
1049 2039 1149 2067 arcu
1172 2041 1180 2067 :

174 2096 238 2137 Tu
262 2096 490 2149 Megaram
511 2095 651 2136 credis
671 2106 761 2134 non
779 2093 990 2134 habuisse
1011 2099 1138 2134 nates
1156 2095 1173 2134 ’ἒ

115 2163 368 2218 Torquebat
386 2164 604 2205 Phoebum
626 2162 818 2215 Daphne
845 2161 1052 2214 fugitiva:
1085 2163 1162 2203 sed
1182 2162 1279 2203 illas

172 2232 382 2272 OEbalius
404 2231 604 2272 flammas
619 2229 758 2284 jussit
779 2229 900 2270 abire
921 2242 1039 2282 puer.

1538 2029 1566 2068 0¹

712 2327 950 2350 ‘ceoreeetaeee

160 2385 209 2414 Ad
222 2395 276 2414 ux.
291 2383 346 2415 ed.
363 2385 530 2415 Barb.—4
549 2385 671 2415 Grandi
684 2384 749 2414 Ms.
772 2383 806 2414 in
819 2392 924 2423 marg.
941 2383 994 2414 ed.
1013 2384 1090 2416 Par.
1110 2387 1201 2417 1617.
1219 2391 1253 2416 et
1269 2384 1323 2416 ed.
1341 2385 1443 2416 Barb.
1463 2391 1498 2417 et
1514 2384 1563 2416 sic

115 2427 171 2457 alii
185 2428 314 2467 legunt,
327 2432 465 2458 notante
482 2428 615 2459 editore
630 2427 754 2467 Delph.

761 2500 904 2532 NOTAE

158 2567 176 2593 5
202 2563 477 2604 Incurvabat‚85c.]
506 2565 560 2596 Ad
583 2571 681 2605 turpe
696 2565 808 2596 minis-
904 2569 924 2597 6
948 2567 1207 2608 ΛΙεςιιτ·αννι,ᾅ·ε.]
1231 2569 1378 2600 Uxorem
1390 2567 1564 2599 Herculis.

115 2612 349 2656 terim'',quod
361 2614 485 2647 Juven.
499 2616 808 2656 ‘inclinabat‚’Sat.
905 2620 925 2648 8
966 2618 1122 2658 OEbalz'us,
1141 2619 1209 2659 Esca]
1253 2618 1480 2660 Hyacinthus,
1516 2627 1558 2648 ex

113 2673 165 2695 rx.
177 2667 230 2696 26.
245 2670 280 2696 et
293 2666 364 2697 Sat.
376 2675 412 2697 x.
427 2668 502 2698 224.
525 2667 709 2708 Tirynthius
718 2667 808 2707 arcu]
862 2667 1015 2709 Amyclis
1028 2670 1181 2701 Laconiae
1197 2670 1351 2701 civitate.
1395 2668 1482 2700 Vide
1500 2668 1559 2698 lib.

117 2715 296 2755 Hercules,
309 2725 328 2746 a
343 2715 510 2756 Tirynthe
522 2717 660 2758 oppido,
682 2717 738 2749 ubi
752 2728 808 2750 nu-
864 2728 941 2751 xrv.
956 2720 1053 2761 Epig.
1070 2723 1142 2751 173.

115 2766 214 2797 iritus
231 2771 282 2797 est
294 2767 484 2808 cultusque.
