1893 3225
498 210 902 241 EfflcRAMMA'rUM
944 211 1035 241 [ΑΒ.
1071 212 1176 241 vni.
1492 203 1573 244 621

736 349 970 392 LXVIII.

651 440 718 468 An
754 439 1049 469 ENTELLUM.

119 506 217 557 QUI
243 507 464 561 Corcyraei
485 506 595 548 vidit
614 506 813 559 pomaria
832 506 963 558 regis,

175 575 290 626 Rus,
314 576 498 625 Entello,
519 579 609 616 tuae
630 574 839 628 praeferat
857 575 932 615 ille
955 574 1124 615 domus.

117 642 275 684 Invida
294 657 541 697 purpureos
562 647 664 683 urat
687 655 740 683 ne
761 643 919 683 bruma
939 655 1154 691 racemOS,

175 711 234 752 Et
255 711 444 764 gelidum
466 711 633 752 Bacchi
651 724 833 752 munera
849 710 989 764 frigus
1012 711 1141 760 edat3

119 778 310 821 Condita
330 780 566 834 perspicua
585 780 696 821 vivit
716 780 939 821 vindemia
962 793 1145 832 gemma,

177 848 234 889 Et
255 849 419 901 tegitur
440 848 563 899 felix,
585 861 663 889 nec
693 852 840 889 tamen
863 861 954 889 uva
974 848 1096 889 latet.

120 915 397 956 Foemineum
419 916 541 957 lucet
561 917 626 957 sic
645 929 722 970 per
740 916 1009 970 bombycina
1032 928 1192 968 corpus
1209 929 1217 955 :

176 982 385 1025 Calculus
409 985 453 1024 in
472 984 613 1025 nitida
636 985 701 1025 sic
722 989 974 1025 numeratur
997 997 1127 1037 aqua.

120 1050 242 1101 Quid
263 1064 352 1091 non
370 1051 547 1104 ingenio
569 1052 710 1093 voluit
731 1057 889 1092 natura
909 1052 1076 1092 licere?

176 1118 448 1160 Autumnum
473 1119 635 1160 sterilis
655 1119 764 1160 ferre
781 1119 965 1173 jubetur
984 1119 1154 1173 hyems,
1532 1120 1587 1160 10

1561 779 1588 818 CJ!

163 1228 228 1264 Qui
252 1229 402 1269 spectavit
418 1229 559 1269 pomaria
571 1229 657 1268 regis
682 1229 852 1270 Corcyroez',
877 1239 896 1260 ο
917 1230 1052 1267 Entella,
1067 1229 1120 1259 z'lle
1135 1232 1302 1267 anteponat
1324 1231 1450 1259 rustuoe
1465 1229 1585 1260 (lomus.

120 1272 172 1303 Ne
188 1272 291 1312 hyems
307 1272 414 1302 invida
431 1276 503 1303 urat
529 1282 701 1312 purpureos
723 1282 873 1311 racemos,
900 1276 929 1302 et
950 1283 988 1303 ne
1006 1271 1118 1311 frigus
1130 1272 1267 1311 gelidum
1283 1275 1389 1302 noceat
1413 1272 1589 1303 muneribus

119 1315 252 1353 Bacchi,
268 1317 382 1346 racemi
397 1315 514 1346 conditi
527 1326 650 1354 gemma
661 1316 814 1356 pellucz'da
827 1319 1010 1354 augescunt,
1030 1320 1123 1354 atque
1148 1325 1206 1345 uva
1225 1314 1312 1352 felix
1328 1314 1460 1353 tegitur,
1475 1325 1530 1345 nec
1545 1319 1592 1345 ta-

117 1368 185 1389 men
201 1358 364 1390 delitescit.
409 1358 465 1388 Sic
481 1358 631 1389 muliebre
640 1368 750 1398 corpus
763 1359 900 1398 splendet
915 1368 970 1398 per
987 1358 1182 1399 bombycina:
1205 1357 1251 1388 sic
1265 1358 1399 1388 calculus
1411 1361 1591 1388 numeratur

117 1401 239 1441 inpura
249 1402 341 1433 unda.
389 1401 474 1436 Quid
490 1411 549 1432 non
573 1402 670 1433 voluit
681 1405 796 1432 natura
812 1402 903 1433 licere
918 1401 1046 1441 ingenio
1057 1399 1073 1432 ‚⁹
1118 1401 1240 1441 Hyems
1254 1401 1372 1432 sterilis
1385 1400 1508 1440 cogitur
1521 1412 1591 1442 pro-

118 1445 230 1475 ducere
242 1443 374 1475 fructus
391 1445 597 1476 autumnale&

736 1497 972 1509 eeeeeeeeeeee

167 1554 183 1582 l
212 1550 360 1591 Quisquis
377 1551 537 1592 Corcyraei
553 1551 654 1583 codd.
676 1552 760 1584 Vat.
777 1556 812 1582 et
822 1552 1044 1583 Florent.—7
1070 1551 1262 1583 Foemineum
1279 1551 1358 1582 lucet
1375 1561 1470 1591 supra
1487 1551 1519 1581 in
1536 1551 1591 1582 iis-

118 1593 197 1643 deirl
225 1593 390 1626 codd.—8
417 1595 560 1625 Calculus
587 1594 621 1626 in
648 1594 769 1635 liquida
795 1595 885 1634 conj.
922 1594 1006 1626 Ant.
1033 1594 1076 1625 de
1102 1595 1209 1635 Rooy.
1268 1594 1358 1625 Vide
1390 1594 1433 1625 ad
1461 1593 1519 1625 lib.
1538 1603 1587 1626 Π.

122 1637 222 1678 Epig.
247 1639 300 1668 22.
792 1679 933 1711 NOTAE

167 1757 183 1785 1
211 1755 274 1790 Qui
293 1754 466 1796 Corcyroei]
491 1755 640 1795 Alcinoi,
665 1756 709 1787 de
732 1756 831 1796 cujus
891 1756 1064 1787 inimicum
1082 1760 1134 1787 est
1150 1755 1270 1796 frigus.

121 1805 231 1836 hortis
245 1805 278 1835 in
308 1805 418 1836 insula
436 1806 601 1847 Corcyra,
617 1806 732 1845 hodie,
752 1807 830 1837 Cor·
928 1811 946 1837 5
972 1807 1142 1847 Perspicua
1155 1805 1293 1846 gemma]
1316 1806 1504 1847 Lapidibus
1518 1816 1594 1848 spe-

116 1857 187 1896 fue,
221 1856 295 1887 Lib.
321 1866 372 1889 lv.
401 1857 502 1898 Epig.
531 1860 583 1889 64.
609 1862 646 1889 et
675 1858 734 1890 lib.
764 1867 828 1889 vn.
886 1857 1073 1896 cularibus,
1090 1857 1260 1897 Epig.14.
1276 1866 1393 1897 supra.

124 1907 227 1948 Epig-
247 1909 301 1937 42·
928 1912 947 1940 7
972 1909 1038 1940 Per
1051 1908 1246 1949 bombycina]
1264 1908 1341 1939 Hoc
1360 1912 1425 1948 est,
1443 1918 1504 1949 per
1521 1919 1595 1940 ves-

167 1961 186 1990 3
216 1958 297 1989 Urat
313 1968 350 1989 ne
367 1957 488 1999 bruma]
519 1959 617 1991 Inter
635 1960 717 1991 alias
735 1959 832 1991 arbo·
891 1963 942 1990 tes
973 1959 1113 1998 sericas,
1133 1968 1218 2000 quas
1235 1962 1331 1988 recte
1354 1958 1482 1989 vitreas
1500 1959 1595 1989 dixe·

124 2018 178 2040 res
206 2008 284 2039 vitis
317 2006 511 2050 praesertim
544 2011 655 2042 uritur
694 2010 834 2051 frigore,
890 2009 950 2049 ris,
974 2014 1010 2041 et
1030 2009 1211 2041 ,luvenalis
1236 2008 1308 2040 Sat.
1331 2017 1371 2040 11.
1398 2014 1498 2041 vocat
1514 2011 1598 2041 mul-

125 2069 201 2091 cum
215 2060 256 2091 ab
269 2070 309 2091 eo
327 2061 618 2092 circumobsessus
631 2062 724 2092 calor
737 2065 834 2091 natu·
890 2060 981 2091 titia.

128 2111 208 2141 ralis
228 2111 370 2142 interius
395 2112 620 2145 contrahitur.
933 2113 954 2141 9
978 2110 1062 2145 Quid
1085 2111 1160 2151 non]
1182 2109 1309 2140 Sensus
1327 2114 1397 2141 est:
1423 2111 1513 2143 Quid
1530 2120 1595 2142 non

154 2164 174 2192 4
191 2162 313 2193 Bacchi
325 2162 467 2203 munera]
484 2163 592 2204 Vites,
603 2163 724 2205 quibus
736 2163 835 2195 valde
891 2161 1028 2201 efficere
1042 2166 1158 2203 potest
1171 2161 1313 2193 solertia
1335 2162 1484 2202 ingenii?

773 2295 962 2336 LXIX.

676 2387 726 2416 IN
765 2384 1053 2415 VACERRAM.

303 2453 531 2495 M1RAR1S
552 2457 738 2503 veteres,
761 2453 971 2503 Vacerra,
994 2452 1131 2502 solos,

301 2522 400 2563 Nec
422 2522 581 2563 laudas
602 2521 686 2562 nisi
706 2525 901 2562 mortuos
923 2519 1100 2574 poetas.

176 2620 206 2651 Ο
239 2620 386 2661 Vacerra,
405 2622 462 2652 soli
484 2622 605 2662 antiqui
637 2625 757 2653 movent
786 2621 845 2652 tibi
878 2620 1128 2660 admirationem,
1158 2630 1213 2651 nec
1238 2622 1431 2652 commendas
1458 2621 1519 2651 nisi
1544 2622 1595 2651 dc-

755 2698 989 2711 eeeeeeeeeeee

178 2742 292 2782 Hujus
316 2743 584 2783 Epigrammatis
608 2744 791 2776 lectionem
816 2752 881 2774 :ion
909 2745 1043 2775 variant
1059 2743 1134 2774 libri
1153 2743 1281 2775 calamo
1305 2744 1435 2775 exarati
1461 2748 1518 2774 aut
1536 2744 1594 2773 im-

143 2794 261 2825 pressu.
