1893 3225
276 178 360 218 592
753 187 800 217 M.
836 187 945 217 VAL.
983 187 1254 217 MAR'rtAms

279 285 328 326 Si
350 283 533 325 meliora
553 283 639 336 piae
660 283 728 323 fas
746 288 815 323 est
837 295 1010 336 sperare
1031 284 1186 333 sorori,
1701 284 1731 325 5
1877 163 1883 354 1

335 352 394 392 Et
414 351 640 392 dominum
657 350 803 391 mundi
825 350 1000 391 flectere
1020 355 1124 391 vota
1142 352 1310 401 valent3

278 418 396 460 Haec
416 432 442 459 a
458 417 638 459 Sardois
657 417 736 458 tibi
757 418 938 458 forsitan
958 418 1103 458 exulis
1125 419 1230 468 0115,

337 486 490 527 Fratre
507 498 753 534 reversuro,
774 484 928 526 nuntia
950 487 1066 526 venit
1087 486 1200 553 31515.

276 585 336 616 sila·
353 594 501 616 concessa.
545 584 583 615 Si
594 584 664 614 licet
674 583 733 623 pize
746 583 1017 622 sororiexpeclare
1030 585 1167 624 meliora,
1184 588 1212 616 et
1222 596 1326 625 preces
1344 590 1474 626 possunt
1488 594 1616 617 exorare
1637 584 1735 616 domz'·
1873 580 1878 675 ,

1872 791 1875 823 l

1872 1122 1875 1139 l

277 639 351 659 num
366 628 470 664 orbis,·
483 627 592 665 fratre
606 627 757 667 redituro,
781 627 845 657 ltoec
864 626 931 657 aris
955 627 1067 658 nuntia
1081 627 1171 665 forte
1193 630 1310 660 accedit
1329 631 1368 660 ad
1391 633 1421 660 te
1444 640 1483 660 ex
1503 629 1652 660 Sardinia
1677 627 1734 659 ubi

278 672 396 703 exulat.

937 712 967 743 N
975 712 1082 744 OTAE

320 783 339 809 5
364 778 402 809 Si
414 777 555 817 meliora]
589 776 699 818 Hujus
726 776 890 807 Aretullae
913 775 978 806 fra·
1034 778 1152 808 ominis
1176 788 1278 809 causa
1305 779 1394 810 ultro
1411 777 1452 809 ad
1469 778 1620 810 homiues
1634 777 1738 809 advo-

278 834 330 860 ter
344 829 378 860 in
400 828 557 860 Sardinia
585 827 756 867 exulabat,
781 827 878 867 cujus
895 827 979 857 redi-
1033 829 1119 859 lasse
1145 829 1266 860 scribit
1278 829 1433 860 Valerius
1448 829 1620 860 Maximus
1634 828 1695 859 lib.
1712 836 1738 859 1.

278 883 349 910 tum
380 889 399 910 a
425 878 619 909 Domitiano
650 878 907 918 impetraturam
944 888 979 908 se
1035 887 1110 918 cap.
1126 880 1158 909 4.

278 929 440 971 sperabat
459 929 624 960 Aretulla.
669 928 778 959 Poeta
801 933 915 959 autem
931 927 979 958 di·
1075 932 1094 960 ‘7
1122 930 1236 961 Exulis
1247 930 1324 971 oris]
1348 931 1400 961 Ex
1412 929 1603 971 regionibus
1618 927 1734 960 fratris

279 981 327 1011 cit
343 981 428 1011 hanc
445 980 633 1011 columbam
661 988 757 1009 omen
775 988 847 1009 0550
864 978 979 1010 fratris
1036 979 1084 1009 tui
1101 980 1222 1019 exulis,
1237 980 1299 1011 1100
1328 985 1391 1020 est,
1409 990 1452 1012 ex
1474 979 1663 1021 regionibus
1680 978 1735 1009 ubi

278 1032 322 1062 ab
337 1031 436 1062 exilio
450 1030 648 1061 revocandi:
665 1030 790 1070 saepius
803 1030 890 1061 enim
904 1039 983 1060 aves
1037 1030 1153 1062 exulat
1168 1030 1276 1062 frater
1293 1035 1381 1064 tuus.

876 1163 1136 1205 XXXIII.

674 1252 741 1283 AD
775 1252 1001 1292 PAULUM,
1036 1253 1099 1282 DE
1135 1252 1338 1284 PHIALA.

280 1324 356 1365 DE
377 1320 628 1375 praetoricia
647 1320 801 1361 folium
823 1319 944 1370 mihi,
966 1319 1123 1369 Paule,
1144 1332 1307 1360 corona

337 1390 497 1438 Mittis,
522 1392 565 1430 et
583 1388 668 1430 hoc
688 1387 856 1441 phialae
874 1400 1030 1428 nomen
1051 1386 1211 1427 habere
1225 1387 1374 1441 jubes.

280 1458 327 1500 H
332 1471 385 1500 ac
404 1457 550 1497 fuerat
570 1469 709 1509 nuper
724 1455 890 1495 nebula
905 1454 989 1495 tibi
1009 1466 1170 1508 pegma
1190 1459 1459 1507 perunctum,

335 1524 512 1566 Pallida
528 1537 659 1577 quam
677 1523 795 1563 rubri
818 1522 946 1563 diluit
966 1522 1089 1563 unda
1110 1523 1246 1563 croci.

278 1592 350 1634 An
371 1592 514 1643 magis
537 1590 674 1631 astuti
697 1589 854 1630 derasa
873 1592 940 1629 est
958 1602 1103 1640 ungue
1124 1589 1312 1630 ministri

336 1660 544 1708 Bractea‚
563 1657 616 1698 de
636 1656 778 1697 fulcro
800 1654 944 1711 (quod
967 1668 1066 1696 reor
1085 1657 1205 1709 esse)
1225 1657 1334 1698 tuo'?

1711 1590 1739 1630 Οἵ

323 1771 354 1802 Ο
374 1772 483 1809 Paule,
498 1769 599 1800 mittis
615 1768 666 1799 ad¹
683 1777 730 1798 me
743 1767 859 1805 folium
874 1777 914 1798 esc
934 1777 1044 1797 corona
1068 1767 1225 1807 praetorz's,
1254 1770 1284 1798 et
1306 1767 1353 1797 vis
1373 1766 1452 1797 illua
1477 1765 1580 1797 eocari
1595 1765 1741 1806 phialam.

281 1815 392 1854 Nuper
402 1823 513 1855 pegma
520 1813 629 1849 fuerat
646 1821 665 1841 α
680 1814 710 1841 te
724 1810 884 1850 perfusum
899 1810 955 1840 hac
967 1810 1091 1847 nebula,
1105 1821 1171 1849 quae
1190 1811 1340 1840 dissoluta
1362 1812 1408 1839 est
1430 1819 1509 1848 aqua
1529 1809 1646 1849 pallida
1662 1809 1744 1840 croci

278 1857 377 1888 rubri.
423 1857 475 1888 An
484 1856 588 1896 potius
600 1863 701 1893 ungue
715 1853 798 1891 vafri
802 1852 918 1891 famuli
933 1853 1047 1883 lamina
1060 1854 1171 1883 derasa
1187 1855 1233 1883 est
1249 1854 1286 1883 de
1301 1856 1353 1882 tuo
1359 1851 1477 1892 fulcro,
1492 1853 1571 1892 quod
1582 1855 1657 1892 puto
1672 1862 1742 1883 con-

890 1927 1131 1938 θθΝΝΝννΝ

321 1978 342 2005 6
361 1975 497 2006 Bractea
519 1973 556 2003 de
569 1982 664 2013 puero
680 1982 772 2012 quam
787 1971 951 2003 exhibent
970 1972 1069 2004 codd.
1092 1972 1172 2003 Vat.
1188 1976 1224 2002 et
1240 1972 1394 2002 Florent.
1439 1971 1578 2002 Bractea
1592 1969 1744 2008 defulcro

280 2027 370 2059 quum
388 2017 547 2048 Aldinum
571 2016 760 2056 exemplar,
786 2015 873 2056 quod
898 2025 1030 2047 comma
1053 2015 1160 2046 habet
1183 2019 1262 2056 post
1279 2014 1417 2045 verbum
1440 2014 1578 2045 ministri
1593 2014 1742 2055 praeced.

943 2090 1082 2122 NOTAE

324 2159 341 2187 1
368 2155 418 2187 De
437 2152 633 2194 praetoricia]
674 2152 785 2184 Poeta
808 2154 983 2185 avaritiam
1041 2159 1208 2194 auratum,
1232 2164 1332 2196 quam
1360 2153 1517 2185 nebulam
1541 2158 1653 2194 vocat,
1678 2154 1743 2186 11οο

281 2207 381 2239 Ρ31111
394 2205 544 2245 deridet,
558 2215 577 2235 a
588 2214 653 2246 quo
669 2205 815 2245 phialam
829 2205 917 2237 dono
934 2215 985 2237 ac·
1040 2210 1107 2244 est,
1121 2210 1257 2236 tenuem
1272 2204 1378 2235 instar
1394 2204 1540 2243 nebulae,
1553 2210 1588 2236 et
1606 2215 1680 2246 qnae
1697 2205 1746 2236 di-

281 2261 422 2299 ceperat
446 2261 516 2287 tam
541 2260 691 2294 tenuem,
723 2261 761 2286 ut
789 2256 913 2287 nullius
933 2257 986 2287 vel
1041 2255 1114 2286 luta
1128 2265 1187 2286 seu
1213 2255 1328 2286 ablata
1344 2259 1398 2286 est
1421 2255 1512 2286 croci
1539 2255 1747 2297 aspersione,

280 2307 378 2350 parvi
393 2311 485 2338 esset
501 2306 616 2347 pretii.
662 2306 702 2336 In
718 2306 804 2337 ludis
820 2310 987 2346 praetores
1042 2305 1084 2336 de
1100 2316 1168 2347 qua
1195 2305 1251 2337 lib.
1277 2305 1391 2346 Spect.
1422 2305 1523 2346 Epig.
1540 2308 1573 2336 3.
1618 2306 1745 2338 Pallida

279 2358 434 2390 solebant
449 2356 637 2388 victoribus
664 2356 744 2388 dare
768 2366 910 2388 coronas
929 2367 986 2388 311-
1040 2357 1124 2387 unda
1150 2356 1277 2386 dicitur
1305 2356 1373 2394 bic,
1401 2355 1490 2396 quod
1517 2365 1635 2387 crocus
1665 2356 1744 2388 vino

280 2409 348 2441 reis
375 2409 430 2439 vel
450 2407 622 2448 argenteis
645 2406 793 2438 bracteis
819 2407 984 2448 insignes,
1040 2407 1132 2439 dulci
1147 2407 1272 2438 mixtus
1285 2405 1410 2437 flavum
1423 2406 1570 2437 colorem
1588 2405 1746 2439 referret.

280 2470 354 2503 quae
370 2458 472 2491 flores
485 2463 520 2490 et
535 2458 617 2490 folia
630 2459 875 2499 exprimerent.
900 2460 985 2490 Sen-
1004 2478 1037 2497 0,-
1085 2461 1107 2490 6
1128 2458 1179 2489 De
1187 2456 1309 2497 fulcro]
1345 2456 1445 2488 Lecti
1463 2461 1497 2488 et
1509 2466 1625 2488 eorum
1636 2456 1744 2489 fulcra

279 2522 335 2543 sus
350 2515 423 2542 est:
456 2509 587 2540 Folium
610 2518 668 2539 sen
686 2510 842 2540 laminam
859 2510 986 2541 tenuis-
1040 2507 1192 2539 bracteis
1208 2508 1382 2548 argenteis
1397 2511 1496 2538 erant
1509 2512 1640 2539 ornata.
1662 2509 1744 2539 Sue-

281 2562 401 2594 simam
431 2559 670 2601 potiusquam
695 2558 838 2599 phialam
862 2560 984 2591 misisti
1014 2579 1018 2582 -
1040 2559 1152 2590 tonius
1174 2558 1209 2588 in
1235 2557 1390 2598 Caligula
1418 2567 1493 2599 cap.
1509 2561 1561 2590 22.
1597 2559 1608 2576 ⁴
1624 2558 1743 2590 Romae

280 2612 375 2644 1111111.
843 2616 846 2617 ’
1039 2609 1176 2650 publico
1193 2608 1296 2649 epulo
1321 2618 1468 2649 servum,
1488 2608 1531 2640 ob
1552 2608 1742 2641 detractam

325 2665 344 2693 3
369 2660 442 2692 Hac
456 2658 583 2699 fuerat]
624 2659 681 2690 Sic
708 2659 907 2701 intelligunt
929 2660 984 2691 In·
1037 2659 1137 2691 lectis
1168 2664 1365 2699 argenteam
1390 2659 1561 2700 laminam,
1593 2659 1743 2692 carnifici

281 2716 465 2754 terpretes.
509 2710 639 2750 Pegma
652 2709 694 2741 de
707 2719 771 2750 quo
788 2709 846 2741 lib.
862 2711 982 2751 Spect.
1038 2709 1221 2742 confestim
1234 2708 1399 2742 tradidit.’

283 2764 385 2806 Epig.
402 2766 434 2794 2.
452 2770 559 2802 nuper
581 2759 692 2792 fuerat
712 2761 773 2792 bac
791 2761 914 2792 lamina
934 2761 983 2792 111-
