1893 3225
249 222 333 262 654
721 235 769 263 M.
806 235 921 265 VAL.
956 235 1236 266 MARTIALIS

250 330 458 372 Paestano
475 329 634 380 violas,
655 334 700 371 et
722 343 833 371 cana
852 330 1037 384 ligustra
1054 331 1232 381 colono,

308 399 516 453 Hyblaeis
536 398 698 452 apibus
721 397 905 439 Corsica
925 399 1055 439 mella
1076 398 1210 440 dabit.

249 466 338 507 Sed
360 473 506 507 tamen
527 470 569 508 et
589 479 740 519 parvae
760 467 964 507 nonnulla
983 470 1051 506 est
1071 467 1212 519 gratia
1233 465 1404 509 Musae:
1682 471 1711 510 5

312 534 549 588 Appetitur
569 535 722 588 posito
738 535 840 575 vilis
862 534 984 574 oliva
1003 534 1124 587 lupo.

250 601 346 643 Nec
368 602 447 643 tibi
470 602 530 643 sit
548 603 720 652 mirum,
741 602 906 642 modici
927 601 1046 655 quod
1068 602 1251 643 conscia
1270 602 1384 643 vatis

304 670 333 711 J
337 670 529 712 udicium
550 675 721 711 metuat
739 674 888 710 nostra
908 669 1070 710 Thalia
1090 674 1229 711 tuum.

249 739 354 792 Ipse
375 744 474 780 tuas
495 738 625 780 etiam
646 738 812 778 veritus
836 737 958 778 Nero
983 738 1143 778 dicitur
1165 751 1310 788 aures,

306 807 546 848 Lascivum
561 805 734 860 juvenis
755 818 855 846 cum
874 805 955 846 tibi
976 805 1084 846 lusit
1105 819 1230 860 opus.
1650 805 1706 846 10

248 918 388 950 Donabit
403 918 509 956 violas,
523 920 613 956 atque
626 915 695 946 alba
707 916 841 955 ligustra
854 916 957 946 colono
972 917 1127 956 Poestano,
1139 920 1168 948 et
1181 918 1271 948 mella
1291 917 1417 947 Corsica
1435 915 1579 956 Hybloeis
1592 915 1710 955 apibus.

247 962 309 992 Sed
325 961 525 991 nihilominus
539 964 643 989 tenues
658 969 763 989 versus
775 960 898 998 placent
914 960 1016 999 aliquo
1033 961 1119 990 modo
1134 971 1143 990 .·
1167 961 1238 990 vilis
1253 961 1333 990 olim
1347 960 1507 999 appetitur
1529 960 1597 999 lupo
1619 969 1711 999 appo-

246 1006 319 1035 sito.
366 1004 435 1034 Nec
458 1003 581 1034 mireris
606 1004 683 1042 quod
706 1005 812 1031 nostra
839 1001 948 1032 Thalia
971 1003 1090 1033 conscia
1116 1003 1226 1034 Poeta?
1247 1003 1409 1033 mediocris
1432 1003 1541 1032 timeat
1555 1002 1711 1039 judicium

247 1050 348 1077 tuum.
396 1047 465 1086 Ipse
486 1055 603 1086 quoque
621 1045 706 1076 Nero
715 1044 823 1082 fertur
838 1045 957 1075 veritus
971 1048 1041 1076 tuas
1062 1056 1162 1086 aures,
1178 1056 1243 1077 cum
1257 1046 1384 1084 juvenis
1402 1045 1458 1075 tibi
1476 1044 1621 1075 recitavit
1636 1054 1712 1085 opus

247 1090 406 1121 lascivum.

249 1188 389 1219 Gruter.
407 1186 515 1217 Scriv.
536 1183 683 1215 Farnab.
703 1187 736 1214 et
761 1183 933 1214 Schrevel.
980 1185 1085 1215 Pallia
1110 1185 1236 1215 donabit
1258 1185 1408 1223 glaucina
1434 1184 1468 1215 in
1491 1183 1641 1215 aliis.-—6
1665 1183 1709 1213 Et

245 1232 379 1271 petitur,
403 1230 456 1259 vel
478 1229 520 1259 L't
536 1229 654 1268 petitur
673 1227 760 1266 conj.
788 1226 870 1257 Ant.
898 1227 939 1257 de
964 1228 1070 1267 Rooy.
1116 1228 1233 1258 Codex
1251 1227 1451 1258 Pulmanni:
1484 1227 1583 1267 posito
1597 1226 1712 1265 Jugis;

249 1274 348 1304 etsie
365 1282 405 1302 ex
424 1272 504 1302 Vat.
523 1276 557 1301 et
572 1270 751 1300 Puteaneo
769 1269 853 1306 legit
870 1269 990 1301 Heins.
1014 1270 1055 1300 ad
1075 1271 1196 1301 Claud.
1214 1271 1255 1301 de
1283 1271 1392 1310 Nupt.
1412 1270 1544 1301 Honor.
1567 1274 1603 1299 et
1618 1270 1710 1300 Mar.

247 1320 321 1347 267.
368 1316 529 1345 Nostram
560 1313 742 1344 lectionem
770 1312 933 1343 exhibent
952 1312 1005 1343 ed.
1024 1314 1130 1354 antiq.
1156 1315 1291 1344 Fen-ar.
1315 1323 1368 1344 an.
1392 1315 1488 1344 1471.
1512 1311 1592 1342 Ald.
1613 1311 1711 1343 Junt.

249 1359 356 1390 Colin.
376 1358 506 1398 Gryph.
521 1358 650 1387 &e.-—8
668 1356 828 1386 «Iudicium
848 1358 966 1386 metuat
984 1361 1155 1386 testantur
1172 1357 1283 1387 Palat.
1301 1366 1376 1387 cum
1394 1355 1514 1386 iisdem
1532 1354 1610 1385 edd.
1622 1359 1710 1385 wll.

247 1401 407 1432 Judicium
422 1401 530 1431 metuit
549 1399 647 1429 codd.
663 1399 793 1428 Thuan.
806 1403 840 1428 et
858 1398 1051 1429 Pulmanni.
1084 1400 1245 1430 Judicium
1258 1399 1370 1430 meruit
1388 1398 1495 1430 codex
1510 1397 1712 1428 Vaticanus.

248 1447 332 1475 —10
355 1442 632 1481 Lascicusjurenis
646 1440 755 1472 codex
774 1441 965 1472 Pulmanni.

902 1505 1045 1537 NOTAE

289 1579 307 1607 3
332 1572 498 1613 Paestano]
534 1571 629 1612 Ager
656 1570 837 1601 Paestanus
862 1569 952 1600 omni
1051 1573 1071 1601 6
1096 1571 1204 1601 Posito
1219 1570 1303 1611 lupo]
1329 1570 1432 1602 Pisce
1445 1568 1608 1600 delicato.
1659 1567 1713 1599 Vi-

247 1627 365 1658 florum
402 1634 527 1666 genere
567 1622 764 1654 abundavit.
818 1620 891 1652 Lib.
920 1631 951 1653 v.
1006 1621 1060 1662 lis]
1080 1620 1269 1660 Aliijngis.

248 1679 349 1719 Epig.
367 1680 419 1708 37.
1049 1674 1067 1702 7
1094 1672 1161 1702 Nec
1173 1671 1248 1711 tibi]
1279 1672 1431 1703 Nervam
1448 1669 1645 1711 alloquitur,
1657 1678 1712 1700 cu·

290 1734 309 1761 4
335 1728 461 1760 Corsica
478 1724 582 1764 mella]
620 1723 735 1755 Amari
751 1731 874 1762 nempe
900 1730 951 1751 sa·
999 1721 1057 1762 jus
1093 1731 1207 1753 aurem
1242 1723 1432 1754 censoriam
1464 1720 1606 1753 timebat
1636 1719 1709 1761 ipse

250 1780 353 1822 poris.
399 1779 451 1809 De
467 1777 584 1818 Hybla
598 1774 656 1806 lib.
674 1782 740 1805 vu.
758 1773 859 1814 Epig.
875 1775 927 1803 88.
1008 1772 1117 1805 Nero.
1166 1772 1238 1805 Lib.
1251 1782 1332 1805 vm.
1350 1773 1439 1814 Epig
1453 1775 1506 1803 70.

852 1895 1100 1938 XXVIII.

792 1986 842 2016 lN
879 1983 1164 2015 CHRESTUM.

362 2062 472 2103 CUM
497 2056 735 2112 depssatos,
760 2054 958 2102 Chreste,
982 2052 1136 2093 coleos
1157 2057 1327 2105 portes,

363 2128 420 2170 Et
440 2126 658 2169 vulturino
677 2122 917 2164 mentulam
938 2133 1090 2174 parem
1111 2119 1242 2169 collo,

363 2196 421 2237 Et
439 2192 687 2249 prostitutis
709 2189 865 2231 laevius
887 2191 1022 2241 caput
1043 2186 1167 2236 culis,

364 2264 464 2306 Nec
487 2263 607 2303 vivat
626 2259 742 2300 ullus
764 2258 808 2297 in
829 2261 906 2296 tuo
929 2254 1051 2308 pilus
1073 2266 1210 2302 crure,

363 2332 644 2381 Purgentque
665 2326 826 2367 crebrae
848 2335 960 2363 cana
975 2321 1101 2362 labra
1120 2319 1345 2369 volsellae3
1683 2319 1710 2357 5

364 2399 535 2448 Curios,
559 2394 790 2442 Camillos,
814 2390 1034 2442 Quintios‚
1055 2388 1244 2437 Numas,
1267 2387 1436 2434 Ancos,

861 2476 1103 2489 φΝΝοΝνϋΝ

292 2536 310 2562 5
338 2531 539 2570 Purgentque
555 2536 645 2558 saeroe
662 2526 694 2556 in
713 2524 790 2556 cod.
810 2522 1007 2560 Pulmanni,
1028 2530 1104 2552 cum
1121 2518 1198 2551 edd.
1227 2522 1313 2550 vett.
1338 2519 1475 2549 Ferrar.
1505 2515 1584 2548 Ald.
1611 2515 1709 2548 Junt.

906 2597 1051 2629 NOTAE

294 2666 310 2694 1
339 2659 484 2700 Chr-este]
519 2657 573 2688 De
604 2664 669 2697 quo
691 2654 763 2695 jam
791 2653 849 2684 lib.
878 2660 948 2684 vn.
1006 2651 1088 2690 Alii,
1103 2650 1305 2691 pingantque.

252 2713 352 2754 Epig.
369 2714 422 2742 55.
1046 2705 1066 2733 6
1092 2703 1214 2741 Curios,
1240 2700 1311 2742 εγω]
1351 2701 1397 2731 Et
1419 2698 1524 2730 habes
1552 2695 1706 2737 usquein

293 2767 311 2795 3
336 2756 616 2798 Prostitutis‚‹8‚·c.]
657 2754 886 2787 Cinaedornm.
1004 2763 1063 2785 ore
1084 2757 1236 2783 veterum
1264 2751 1427 2781 incultam
1449 2747 1650 2789 gravitatem
1673 2750 1710 2776 et

293 2817 311 2844 5
338 2808 554 2850 Purgentque]
600 2806 675 2839 Lib.
701 2815 741 2838 11.
767 2805 867 2845 Epig.
896 2806 949 2835 29.
1005 2802 1265 2835 continentiam.
1310 2801 1366 2832 Sic
1383 2800 1480 2831 lib.1.
1499 2798 1665 2839 Epig.25.
