1893 3225
290 266 376 307 916
771 278 819 307 M.
856 277 965 306 xxiii.
999 277 1275 308 MART1Ams

947 372 1086 405 NOTAE

329 439 348 466 2
374 436 477 467 Cinna
496 437 636 476 gulosus]
660 437 726 469 Qui
754 441 792 468 ut
816 438 903 477 gulae
920 447 990 468 sum
1049 444 1086 469 ut
1105 437 1178 478 jam
1208 438 1296 470 dixit
1319 438 1362 469 (le
1388 439 1605 481 Theopompo
1629 441 1684 472 lib.
1705 451 1742 473 x.

284 484 514 523 satisfaceret,
545 487 705 518 sustinuit
730 492 859 519 tantam
891 489 986 529 pueri
1045 489 1215 529 Epignmi.

286 536 570 576 pulchritudinem
596 537 723 569 violare
748 538 845 579 nigra
861 539 984 579 culina,

941 669 1093 710 LXV.

825 770 887 799 DE
921 771 1195 801 PHYLLIDE.

397 852 633 892 FORMOSA
656 850 826 905 Phyllis
845 856 979 892 nocte
1002 864 1104 892 cum
1124 852 1227 892 mihi
1249 855 1347 894 tota

391 919 450 959 Se
470 918 762 972 praestitisset
784 919 990 960 omnibus
1011 918 1156 960 modis
1177 919 1360 972 largam,

392 986 449 1027 Et
469 986 707 1038 cogitarem
729 999 854 1027 mane
874 986 995 1040 quod
1014 987 1165 1028 darem
1187 1001 1361 1040 munus,

388 1053 602 1095 Utrumne
626 1054 796 1105 Cosmi,
821 1054 1050 1096 Nicerotis
1072 1068 1127 1096 an
1147 1056 1320 1107 libram,

388 1121 461 1161 An
484 1122 756 1163 Baeticarum
778 1122 957 1176 pondus
981 1135 1081 1164 acre
1103 1123 1319 1174 lanarum,
1701 1137 1729 1165 ε)

387 1188 459 1230 An
481 1190 535 1231 de
558 1195 735 1231 moneta
757 1189 950 1231 Caesaris
973 1190 1126 1232 decem
1147 1190 1292 1233 flavos
1310 1206 1319 1233 :

385 1257 607 1312 Amplexa
628 1258 810 1309 collum,
834 1259 1052 1312 basioque
1072 1263 1163 1300 tam
1184 1260 1313 1313 longo

386 1325 610 1375 Blandita,
632 1339 767 1380 quam
792 1330 891 1367 sunt
912 1326 1080 1380 nuptiae
1101 1327 1423 1377 columbarum,

386 1392 562 1446 Rogare
585 1395 723 1447 coepit
744 1394 916 1449 Phyllis
939 1395 1192 1448 amphoram
1215 1396 1317 1436 vini.

878 1500 1116 1512 eeeeeeeeeeee

310 1569 339 1595 5.
356 1568 376 1595 6
400 1565 456 1596 sic
473 1565 538 1596 Ms.
555 1565 587 1595 in
610 1575 715 1606 marg.
740 1566 794 1597 ed.
813 1567 893 1598 Par.
918 1569 1015 1599 1617.
1060 1569 1138 1600 AEre
1162 1568 1242 1600 edd.
1261 1572 1346 1599 vett.
1363 1572 1399 1600 et
1415 1568 1540 1609 Delpll.
1568 1570 1646 1600 Octo
1669 1569 1722 1602 ed.

266 1608 408 1639 Fal-nab.
443 1608 522 1639 Vid.
540 1609 620 1639 Not.
639 1608 699 1640 inf.
723 1609 839 1640 Decem
853 1610 965 1641 Fiat-os
981 1611 1034 1643 ed.
1049 1611 1191 1643 Farnab.

924 1705 956 1737 N
961 1705 1066 1736 OTAE

306 1783 325 1810 2
352 1779 514 1817 Omnibus,
530 1779 599 1819 ἐγὼ]
626 1780 682 1811 Nil
701 1785 892 1821 negantem,
909 1781 963 1812 lib.
1020 1782 1067 1812 Et
1096 1781 1230 1812 videtui·
1255 1781 1435 1821 eleganter
1462 1779 1528 1810 dici
1545 1789 1645 1820 posse
1661 1790 1723 1821 pro

264 1840 314 1861 lv.
334 1830 432 1870 Epig.
448 1833 499 1860 12.
1018 1836 1158 1871 exacto,
1181 1831 1236 1862 cui
1253 1830 1334 1861 nihil
1353 1829 1461 1861 desit:
1486 1834 1524 1861 ut
1540 1835 1576 1861 et
1605 1831 1614 1847 ‘
1633 1840 1726 1862 acer·

305 1885 324 1912 4
351 1881 465 1918 Cosmi,
488 1879 554 1919 Esca]
589 1880 722 1911 Libram
752 1882 916 1921 unguenti
942 1892 962 1912 a
1017 1882 1119 1914 bum'
1155 1882 1315 1922 accipere
1341 1881 1462 1912 solent.
1506 1880 1631 1923 Itaque
1655 1883 1721 1914 huc

263 1931 386 1962 Cosmo
402 1940 461 1962 seu
476 1929 644 1962 Nicerote
670 1932 852 1972 myropolis
880 1942 960 1964 con-
1015 1934 1152 1965 inclino.
1210 1933 1375 1974 Sequenti
1408 1942 1509 1964 versu
1553 1934 1562 1950 ‘
1582 1933 1722 1964 Flavos'

260 1980 354 2013 fecti.
1017 1984 1086 2016 dici
1104 1994 1165 2025 pro
1180 1984 1305 2015 Flavus
1320 1988 1439 2015 contra
1454 1993 1581 2015 morem
1600 1984 1720 2015 Roma-

302 2036 320 2063 5
338 2032 530 2064 Boeticarum
539 2031 671 2073 pondus]
688 2031 763 2063 Lib.
776 2040 851 2063 xiv.
864 2032 962 2073 Epig.
1017 2045 1096 2067 num
1119 2040 1183 2067 est.
1227 2035 1236 2052 ‘
1252 2033 1363 2066 Flavi'
1391 2035 1464 2066 sine,
1480 2034 1583 2066 dubio
1600 2035 1718 2066 dicun-

262 2086 335 2115 133.
733 2120 735 2122 ,
1018 2092 1075 2118 tur
1091 2086 1185 2118 aurei
1198 2085 1241 2117 ob
1256 2086 1416 2117 colorem.
1457 2085 1641 2117 Gronovius.

302 2136 386 2167 Aere
401 2135 501 2177 [octo]
518 2135 674 2176 lanarum]
687 2136 744 2166 Sic
757 2135 959 2166 Scriverius.
1058 2140 1079 2168 6
1104 2137 1226 2177 Flavus,
1250 2136 1318 2176 δῖα]
1346 2137 1481 2168 Flavios
1507 2146 1549 2167 ex
1579 2142 1717 2169 moneta

259 2187 330 2218 Alii
341 2197 422 2218 acre.
462 2187 532 2218 Alii
554 2197 626 2218 oere.
653 2187 782 2218 Pondus
797 2190 862 2217 octo
873 2188 958 2218 lana·
1014 2187 1213 2219 Domitiani.
1259 2186 1449 2218 Scriverius
1473 2187 1558 2228 legit
1572 2187 1687 2228 flavos.

259 2237 344 2278 rum]
370 2239 406 2269 Si
437 2239 623 2270 toleramus
646 2238 770 2276 lanam,
787 2238 957 2279 accipien-
1055 2241 1073 2268 7
1099 2237 1259 2278 Basioque
1278 2241 1343 2267 tam
1366 2236 1473 2276 longo]
1508 2237 1566 2268 Sic
1584 2238 1641 2268 lib.
1659 2247 1712 2269 XI.

258 2289 337 2319 dum
355 2293 407 2320 est
422 2298 484 2328 pro
513 2289 601 2320 certi
625 2288 785 2329 ponderis
807 2289 957 2329 glomere
1012 2289 1112 2329 Epig.
1143 2291 1216 2319 105.
1251 2288 1376 2320 ‘Basia
1408 2287 1548 2318 blandas
1578 2288 1712 2320 imitata

257 2340 368 2370 lanae:
401 2344 439 2370 ut
469 2349 544 2370 cuni
568 2339 701 2370 Seneca
717 2338 801 2369 dicit
823 2341 831 2356 ‘
849 2339 956 2370 multa
1011 2338 1207 2370 columbas!

261 2390 368 2420 millia
408 2389 595 2429 frumenti‚’
631 2389 686 2420 ubi
720 2389 957 2429 intelligimus,
1053 2392 1075 2420 9
1097 2388 1338 2430 Rogarecoepz't,
1353 2388 1423 2428 Sym]
1437 2389 1565 2420 vinosa
1579 2390 1712 2422 mulier.

259 2441 457 2472 modiorum.
500 2440 569 2471 Sed
595 2440 818 2472 Pircheimeri
836 2440 959 2480 codex,
1011 2441 1020 2456 ‘
1038 2440 1154 2480 Digna
1170 2444 1223 2470 est
1247 2439 1448 2471 concubitus
1465 2441 1637 2481 quoslibet
1652 2442 1709 2472 illa

259 2497 294 2521 ut
312 2490 448 2531 Anglic.
476 2496 511 2522 et
539 2491 651 2521 Palat.
697 2492 838 2523 Gruteri
865 2501 956 2522 acre.-
1012 2490 1108 2532 pati‚’
1129 2490 1236 2532 inqiut
1253 2489 1408 2521 Ovidius.

256 2542 477 2583 ulludunique
492 2542 621 2581 eodem,
635 2543 667 2572 in
681 2543 801 2583 quibus
818 2548 868 2574 est
884 2552 956 2573 asre.
