1893 3225
520 234 920 265 lepiostAMMA'rUM
958 235 1051 264 mis.
1076 235 1147 264 xi.
1490 222 1574 264 847

769 362 930 403 LXX.

700 451 750 482 IN
786 451 1005 482 '1'UCCAM.

115 519 382 568 VENDERE,
401 519 568 569 Tucca,
590 521 721 572 potes
742 518 937 559 centenis
959 518 1155 559 millibus
1177 520 1351 559 emtos'?

176 587 408 627 Plorantes
431 586 633 627 dominos
653 585 854 635 vendere,
876 585 1044 635 Tucca,
1068 586 1231 639 potes?

129 654 227 695 Nec
249 658 292 695 te
311 653 555 704 blanditiae,
575 667 656 695 nec
675 654 826 703 verba,
848 653 1065 706 rudesque
1088 653 1293 706 querelae,

172 721 271 763 Neo
293 727 335 762 te
356 720 485 762 dente
508 731 585 762 tuo
607 721 759 762 saucia
779 721 894 762 colla
913 721 1118 761 movent?

113 787 184 829 Ah
205 787 381 829 facinus
399 789 407 829 l
441 789 591 829 tunica
612 792 735 841 patet
750 788 912 841 inguen
933 787 1154 841 utrimque
1172 788 1318 829 levata
1336 800 1346 840 3
1548 800 1576 827 ο

172 856 495 910 Inspiciturque
516 860 591 897 tua
611 857 801 898 mentula
821 856 945 898 facta
969 869 1119 897 manu.

116 921 164 963 Si
190 928 232 963 te
255 922 442 964 delectat
457 928 688 964 numerata
708 924 917 977 pecunia,
940 924 1080 964 vende

174 990 433 1044 Argentum,
455 1004 649 1040 mensas,
666 991 901 1045 myrrhina,
923 1005 1038 1041 rura,
1059 991 1250 1032 domum.

120 1058 279 1100 Vende
302 1071 430 1098 senes
453 1071 622 1108 servos,
644 1071 773 1111 agros
795 1063 842 1098 et
866 1058 1001 1099 vende
1023 1063 1258 1112 paternos:

173 1125 246 1166 Ne
269 1138 433 1179 pueros
456 1125 637 1176 vendas,
660 1126 807 1166 omnia
830 1125 965 1167 vende
986 1127 1130 1166 miser.
1522 1125 1576 1164 10

115 1192 317 1234 Luxuria
339 1197 406 1234 est
428 1205 573 1233 emere
594 1193 688 1243 hos,
708 1192 831 1247 (quis
851 1193 967 1233 enim
990 1193 1233 1244 dubitatve,
1253 1195 1436 1245 negatve
1451 1189 1492 1245 Ἰ)

178 1260 267 1301 Sed
290 1261 425 1302 multo
446 1261 589 1315 major
611 1260 802 1302 vendere
823 1261 998 1302 luxuria
1017 1264 1099 1303 est.

724 1357 965 1368 ΝΝοΝφθΝο

159 1404 176 1432 1
204 1401 353 1433 Terdem's
368 1401 415 1433 id.
433 1401 508 1433 cod.
524 1405 560 1433 et
574 1401 794 1442 Aspiciturque
811 1412 861 1433 vs.
873 1405 902 1433 6.

779 1489 810 1521 N
815 1488 923 1520 OTAE

161 1553 175 1580 l
202 1549 313 1589 Potes]
337 1549 506 1583 sustines.
916 1556 935 1584 4
961 1554 1066 1584 Dente
1078 1557 1130 1584 tuo
1142 1554 1257 1593 saucia,
1269 1554 1336 1595 ἐγὼ]
1357 1553 1445 1584 Dum
1463 1563 1577 1584 amore

159 1602 179 1630 2
208 1600 376 1631 Plorantes
397 1601 547 1641 dominos,
582 1602 654 1643 Sym]
688 1603 819 1635 Pueros
874 1602 988 1635 furens
1019 1604 1218 1644 impressisti
1243 1614 1359 1635 eorum
1387 1604 1576 1636 cervicibus

114 1651 274 1690 amasios,
288 1657 325 1683 ut
351 1652 468 1683 amicae
482 1653 584 1685 dictae
599 1660 678 1686 sunt
690 1655 698 1671 ‘
713 1654 819 1685 domi·
875 1663 1058 1685 memorem
1076 1653 1177 1685 dente
1193 1658 1321 1686 notam.

115 1699 193 1732 nne?
237 1701 302 1731 Vel
331 1711 452 1741 pueros
481 1703 651 1742 plorantes
668 1711 819 1735 orantes-
918 1707 938 1734 8
974 1705 1155 1746 Myrrhina,
1181 1704 1250 1748 Era]
1288 1705 1386 1746 Epig.
1414 1708 1487 1736 113.
1514 1705 1573 1737 lib.

115 1760 180 1792 que
195 1754 229 1782 te
242 1760 284 1782 ne
301 1756 448 1782 veneant
465 1751 610 1784 dominis
625 1753 712 1785 aliis.
877 1762 957 1786 xxv.
1491 1757 1494 1761 '

160 1803 178 1831 3
204 1801 367 1842 Rudesque
391 1802 535 1843 quereloe]
569 1803 736 1841 Pueriles,
754 1813 819 1835 non
918 1807 957 1835 12
974 1804 1038 1835 Sed
1049 1805 1156 1844 multo,
1172 1805 1240 1846 ἐγὼ]
1256 1805 1312 1836 Sic
1330 1805 1430 1847 Epig.
1444 1808 1496 1837 63.
1514 1805 1573 1837 lib.

116 1850 223 1883 fictae.
874 1864 914 1887 11.
926 1855 1025 1887 ‘Haec
1038 1866 1136 1897 mage
1154 1857 1284 1888 luxuria
1300 1856 1370 1888 est?

755 1979 942 2022 LXXI.

725 2070 788 2099 DE
821 2068 968 2101 [ΕΒΑ.

118 2131 459 2174 HvsrsschM
482 2136 630 2178 vetulo
652 2150 700 2178 se
718 2137 891 2179 dixerat
911 2152 1012 2180 esse
1032 2141 1204 2191 marito,

171 2199 229 2240 Et
250 2201 447 2252 queritur
467 2202 577 2244 futui
600 2204 722 2246 Leda
743 2219 924 2247 necesse
948 2207 1059 2249 sibi:

117 2264 206 2307 Sed
225 2266 335 2309 flens
354 2272 484 2323 atque
504 2283 677 2322 gemens
701 2273 807 2314 tanti
826 2279 957 2326 negat
977 2288 1075 2317 esse
1097 2277 1305 2327 salutem,

177 2333 323 2388 Seque
341 2336 469 2378 refert
485 2339 634 2392 potius
657 2341 946 2393 proposuisse
964 2343 1090 2384 mori.

728 2438 804 2450 roeo
810 2439 963 2451 emeue

161 2468 177 2495 1
204 2466 399 2498 Hictericam
415 2467 493 2500 edd.
510 2474 594 2502 vett.

782 2516 927 2548 NOTAE

162 2574 177 2601 1
217 2571 418 2612 Hystericam
460 2575 686 2617 [Hicterz'cam]
731 2579 820 2611 Vide
875 2580 965 2612 dium
983 2582 1105 2613 medici
1122 2581 1269 2614 validam
1285 2592 1485 2623 congressus
1502 2592 1576 2614 suc·

120 2621 222 2661 Epig.
240 2625 272 2653 8.
289 2633 403 2663 supra,
419 2623 475 2654 ubi
491 2626 685 2666 scripsimus
710 2628 719 2644 ‘
739 2628 820 2659 icte-
874 2632 1109 2664 cussationem.

119 2672 241 2703 rieam'
275 2674 346 2705 sine
372 2675 591 2715 aspiratione.
635 2678 703 2709 Alii
731 2680 818 2720 Hys-
915 2685 934 2713 3
957 2683 1019 2714 Sed
1039 2684 1136 2724 flens,
1160 2685 1230 2724 εμπ]
1252 2683 1317 2715 Sed
1334 2688 1447 2715 tamen
1466 2684 1576 2723 lacry—

118 2723 259 2763 tericam,
275 2726 327 2764 ᾅτ.
341 2725 430 2756 uteri
443 2727 709 2767 strangulatione
726 2730 817 2762 labo·
874 2741 966 2763 mans
981 2732 1168 2764 dissimulat
1192 2733 1276 2764 mori
1300 2743 1336 2764 se
1359 2733 1457 2764 malle
1474 2743 1574 2774 quam

119 2777 266 2813 tantem,
279 2774 333 2805 cui
346 2775 462 2807 morbo
476 2777 698 2816 praescribunt
710 2789 817 2812 reme·
872 2781 1061 2822 hujusmodi
1074 2784 1311 2815 convalescere
1328 2783 1490 2815 remedio.
