1893 3225
255 253 341 295 896
731 263 779 292 M.
812 262 925 292 VAL.
958 261 1238 292 MAR‘rmms

429 358 488 399 Et
509 356 696 410 Crispos
715 356 821 398 mihi
840 357 990 407 redde,
1014 357 1094 398 sed
1117 358 1283 410 priores
1300 391 1309 400 .

431 425 533 466 Fies
555 425 756 478 protinus
775 424 956 465 ultimus
975 426 1206 466 bonorum.
1655 426 1710 468 10

429 493 512 534 Vis
535 506 665 534 cursu
686 492 961 547 pedibusque
983 493 1190 545 gloriari?

428 563 595 615 Tigrim
618 563 762 611 vince,
783 562 1015 615 levemque
1038 561 1337 602 Passerinum.

431 631 571 672 Nulla
592 635 660 670 est
683 630 816 682 gloria
836 629 1057 683 praeterire
1079 629 1254 670 asellos.

258 743 432 780 Mvmmios,
453 745 482 773 et
502 742 639 782 Crispos,
663 742 715 771 sed
741 741 902 781 antiquos.-
926 743 1050 781 repente
1072 742 1180 772 evades
1199 740 1326 770 ultimus
1353 739 1508 769 bonorum.
1557 739 1709 770 Placetne

255 786 389 825 gloriari
404 796 495 816 cursa
513 789 541 815 et
556 785 703 824 pedibas?
726 784 844 824 Supera
861 784 996 823 Tigrim,
1009 787 1039 815 et
1054 784 1149 815 lei-em
1166 783 1383 814 Passerinum.
1431 782 1466 812 N
1468 782 1545 813 ullus
1559 785 1604 813 est
1617 782 1711 813 honor

255 839 448 869 proecarrere
462 828 576 859 asinos.

911 880 1056 912 NOTAE

303 957 342 985 10
370 953 508 984 Ultimas
522 952 682 992 bonoram]
698 953 775 984 Hoc
792 958 858 991 est,
874 952 952 983 Mu-
1011 951 1237 984 velocissimos
1268 950 1382 990 fuisse,
1404 950 1460 982 alii
1488 959 1641 982 cursores
1664 949 1711 981 af-

258 1004 365 1036 nificis
382 1005 432 1035 his
450 1004 528 1034 viris
546 1004 642 1042 longe
660 1002 800 1033 inferior
815 1003 893 1033 eris.
1011 1003 1168 1034 firmant:
1193 1001 1250 1034 lib.
1266 1011 1330 1033 vu.
1347 1001 1445 1042 Epig.
1462 1003 1492 1032 6.

303 1058 342 1086 12
363 1056 495 1095 Tigrim,
521 1054 735 1095 Passerinum]
760 1053 829 1085 Alii
848 1064 952 1095 equos

847 1206 1125 1249 XXXVII.

814 1297 865 1327 1N
902 1297 1159 1328 NASUTUM.

431 1367 673 1408 NASUTUS
695 1365 875 1407 nimium
898 1365 1028 1419 cupis
1050 1364 1207 1406 videri.

431 1435 658 1476 Nasutum
680 1434 801 1484 volo,
823 1434 928 1474 nolo
949 1434 1229 1487 polyposum.

307 1554 363 1584 I'is
378 1554 484 1585 haberi
500 1554 592 1585 nimis
607 1557 758 1585 nasutas:
782 1553 880 1593 placet
897 1555 1038 1592 nasutas,
1062 1552 1206 1593 displicet
1219 1552 1392 1593 polyposas.

920 1644 1060 1676 NOTAE

305 1715 319 1742 l
348 1710 499 1750 Nasutus]
523 1710 683 1741 Irrisores
718 1709 879 1741 dicuntur
904 1718 960 1739 na·
1018 1719 1098 1741 vero
1114 1713 1166 1740 est
1181 1709 1253 1740 nasi
1276 1708 1428 1747 morbus,
1449 1707 1490 1739 de
1505 1717 1570 1749 quo
1598 1707 1715 1738 Celsus

261 1764 413 1802 suti‚lib.
433 1773 456 1793 1.
483 1763 582 1803 Epig.
608 1765 639 1792 ν1.
685 1764 693 1779 ⁶
713 1762 756 1792 Et
781 1760 876 1801 pueri
902 1769 960 1790 na·
1016 1760 1074 1792 lib.
1101 1770 1150 1792 Π.
1177 1770 1252 1800 cap.
1278 1763 1307 1791 8.
1331 1759 1386 1801 qui
1414 1769 1453 1790 eo
1480 1758 1597 1789 morbo
1623 1759 1717 1789 labo-

256 1825 330 1845 sum
344 1812 728 1845 rhinocerotishabent.⁷
750 1812 873 1842 Sensus
887 1814 957 1841 est:
1016 1816 1094 1842 rant
1132 1810 1286 1851 polyposi
1322 1810 1491 1845 dicuntur,
1531 1819 1614 1850 quos
1651 1810 1713 1840 hoc

257 1866 344 1896 Volo
372 1865 535 1896 urbanum
559 1868 594 1894 et
617 1868 767 1901 acutum,
784 1871 847 1892 non
873 1861 959 1900 puti-
1015 1861 1090 1892 loco
1112 1861 1212 1891 sumit
1228 1859 1337 1891 Poeta
1353 1869 1413 1899 pro
1437 1859 1564 1900 putidis
1589 1863 1624 1889 et
1641 1869 1714 1889 rau—

258 1915 337 1947 dum
354 1920 389 1947 et
403 1916 553 1956 ineptum
571 1914 767 1945 derisorem.
806 1911 959 1953 Polypus
1014 1911 1136 1943 cidulis
1151 1911 1288 1942 scurris.

843 2073 1147 2118 XXXVIII.

794 2179 860 2209 AD
894 2177 1176 2208 CANDIDUM.

264 2257 414 2298 HUNC
435 2258 509 2310 qui
531 2257 751 2298 foemineis
772 2262 1016 2310 noctesque
1035 2254 1219 2308 diesque
1241 2251 1459 2294 cathedris

319 2324 491 2365 Incedit
511 2327 605 2365 tota
625 2330 755 2365 notus
778 2325 821 2365 in
840 2325 945 2364 urbe
967 2323 1107 2371 nimis,

265 2391 395 2432 Crine.
418 2392 578 2441 nitens,
601 2392 720 2445 niger
739 2394 972 2444 unguento,
993 2388 1250 2443 perlucidus
1272 2391 1410 2435 ostro,

322 2459 407 2500 Ore
426 2463 563 2510 tener,
584 2461 698 2501 latus
719 2463 913 2513 pectore,
935 2471 1060 2499 crure
1081 2456 1245 2509 glaber,

309 2577 339 2607 O
368 2576 518 2615 Candide,
539 2586 599 2606 non¹
625 2580 669 2606 est
691 2576 768 2615 qaod
795 2578 913 2605 metuas
937 2574 1027 2612 hanc,
1049 2574 1101 2614 qai
1127 2573 1257 2604 nimiam
1283 2576 1373 2602 notus
1396 2572 1428 2602 in
1451 2575 1517 2602 tota
1543 2571 1628 2609 arbe,
1650 2571 1715 2600 adit

265 2624 349 2651 nocte
377 2624 406 2651 et
437 2620 486 2651 die
516 2619 676 2650 cathedras
697 2618 912 2657 foeminaram,
934 2618 1035 2648 nitens
1057 2627 1154 2656 coma,
1174 2616 1264 2655 niger
1292 2618 1461 2655 unguento,
1483 2614 1598 2645 micans
1623 2618 1717 2653 ostro,

920 2705 1061 2738 NOTAE

310 2776 323 2803 1
354 2772 533 2812 Cathedrz‘s]
556 2772 608 2803 De
623 2771 744 2813 quibus
760 2772 888 2803 dictum
903 2770 960 2802 lib.
1017 2770 1194 2811 legendum
1211 2775 1300 2800 esset
1317 2769 1442 2800 insedit.
1487 2768 1621 2808 Nempe
1638 2766 1717 2797 mol-

267 2832 323 2854 ιιι.
354 2822 453 2862 Epig.
476 2826 529 2853 62.
566 2823 699 2861 Incedit,
725 2822 814 2854 forte
843 2823 962 2854 melius
1019 2822 1086 2852 lem
1100 2826 1135 2852 et
1151 2820 1319 2852 cinaedum
1337 2819 1515 2859 intelligit.
