1893 3225
510 191 916 221 EPIGRAMMATUM
957 192 1047 220 Lm.
1084 192 1185 221 vul.

1498 182 1583 224 580

128 287 232 329 Non
253 286 549 328 Athamanteo
567 287 720 340 potius
739 299 808 326 me
829 286 958 327 mirer
977 286 1021 327 iu
1041 299 1165 337 auro,

183 355 381 397 AEolium
404 355 539 395 dones
560 355 599 395 si
621 353 740 402 mihi,
762 352 956 407 Phryxe,
978 367 1133 407 pecus.

128 422 167 464 Ο
190 429 384 476 quantos
407 424 522 463 risus
544 423 707 475 pariter
728 425 933 475 spectata
952 423 1147 463 movebit

182 491 305 532 Trita
326 491 530 532 Palatina.
549 494 702 530 nostra
720 489 898 530 lacerna
917 489 1041 542 toga!

125 602 201 633 mia.

259 602 330 632 Non
357 600 434 631 mihi
457 600 526 639 plus
549 600 686 639 placeam
711 599 746 630 in
775 609 850 630 auro
878 598 1102 639 Athamanteo,
1131 599 1160 630 si
1192 599 1269 631 mihi
1300 601 1363 636 des,
1396 611 1415 632 o
1439 603 1581 645 Phryx-e,

125 645 219 675 vellus
240 644 390 675 AEulium.
438 644 467 672 Ο
489 646 619 683 quantos
641 643 722 673 risus
743 642 894 673 excitabit
920 645 1026 672 nostra
1046 643 1170 674 lacerna
1191 644 1284 674 simul
1311 644 1378 674 cisa
1399 646 1478 677 trita
1503 651 1578 687 loga

128 688 279 718 Palatina
290 686 305 717 l

734 737 969 750 “eccene-eost

125 785 211 813 -20
234 782 376 823 Phryxe,
400 784 490 813 decas
504 782 537 813 in
554 781 751 823 quibusdam
768 787 855 814 vett.
901 782 1046 822 Phryxe,
1063 791 1156 822 pecus
1173 782 1282 813 codex
1302 783 1582 818 Pulmanni.—22

125 826 215 856 Trita
231 826 380 856 Palatina
395 830 497 856 vestra
513 826 590 857 edd.
612 830 696 856 vett.
746 827 825 856 Cum
842 825 990 856 Palatina
1007 828 1113 855 nostra
1130 825 1240 857 codex
1265 826 1444 858 Pulmanni
1461 835 1496 860 et
1517 830 1583 861 Be·

125 868 278 899 verlandi
294 869 358 898 Ms.
403 869 442 899 In
458 868 556 899 codd.
575 867 747 908 Farnabii,
763 869 903 910 aliisque
917 879 925 900 ;
952 868 1046 899 Culta
1061 868 1211 899 Palatina
1223 872 1342 910 nostra,
1355 872 1407 910 ὅγε.
1430 874 1583 904 nonnulli

780 954 925 986 NOTAE

123 1018 255 1057 lonica3
289 1019 484 1050 Semiramis
521 1019 609 1050 enim
649 1019 825 1059 Babylone
875 1017 965 1059 jecit
982 1027 1086 1048 mare.
1125 1017 1177 1048 De
1192 1018 1242 1049 his
1258 1018 1584 1060 legendaehistoriae.

125 911 268 952 legunt:
295 911 373 942 Cum
389 911 565 943 Pallatina.

124 1070 291 1109 regnavit.

168 1123 210 1151 19
233 1120 308 1151 Νοη
318 1120 541 1160 Athamanteo]
568 1120 683 1152 Vestis
696 1120 827 1160 Phryxi

123 1179 167 1201 ex
191 1179 295 1201 aureo
317 1170 441 1201 vellere
465 1169 622 1201 confecta
652 1179 719 1200 non
747 1169 828 1200 mihi

123 1220 252 1261 gratior
267 1220 375 1252 foret:
399 1220 565 1252 Athamas
575 1225 688 1251 autem
698 1220 826 1261 Phryxi

123 1276 224 1312 pater
239 1270 316 1302 fuit.
341 1270 446 1302 Ovid.
466 1272 553 1302 Met.
569 1280 618 1303 lv.

166 1324 209 1353 20
231 1321 385 1362 AEolz‘um]
409 1322 523 1352 AEolus
544 1320 741 1352 Thebarum
765 1330 826 1352 rex

123 1377 224 1413 pater
235 1372 537 1411 fuitAthamantis,
546 1376 582 1404 et
595 1381 675 1403 avus
686 1371 826 1412 Phryxi.

125 1423 261 1454 AEolium
294 1433 386 1463 pecus
419 1423 646 1463 interpretare
671 1423 826 1462 arietem,

125 1483 191 1515 quo
208 1478 326 1505 vectus
342 1473 500 1514 Phryxus
524 1473 610 1506 AEoli
633 1483 738 1515 nepos
756 1478 824 1504 tra-

881 1067 962 1107 Alii,
978 1069 1116 1098 AEolium
1130 1070 1230 1100 decus.

923 1121 965 1149 22
992 1118 1096 1158 Trita]
1121 1120 1260 1152 Quanto
1280 1120 1427 1153 ludibrio
1443 1133 1501 1155 ero
1519 1135 1586 1157 om-

881 1169 991 1209 nibus,
1005 1170 1062 1210 qui
1078 1179 1132 1201 me
1149 1175 1227 1211 toga
1241 1171 1345 1203 nobili
1365 1180 1532 1214 ornatum,
1548 1182 1585 1207 et

883 1220 966 1251 trita
990 1221 1130 1251 lacerna
1158 1222 1395 1263 superinjecta
1427 1225 1584 1258 indutum

881 1269 1054 1301 viderint!
1089 1270 1154 1302 His
1181 1271 1292 1303 verbis
1314 1273 1486 1306 lacernam
1502 1286 1584 1317 quo-

879 1330 944 1363 que
961 1321 1051 1362 petit
1075 1331 1094 1353 a
1119 1321 1320 1363 Parthenio,
1342 1329 1381 1356 ut
1406 1336 1524 1358 munus
1541 1328 1586 1359 sit

879 1372 1086 1413 perfectum.
1131 1374 1268 1414 Legunt
1296 1375 1374 1407 alii:
1413 1377 1504 1409 Trita
1520 1378 1583 1408 Ρα-

877 1424 977 1454 latina
991 1427 1095 1455 vestra
1110 1424 1231 1455 lacerna
1259 1428 1344 1465 toga.
1389 1426 1479 1458 Alii:
1505 1429 1584 1460 Cum

878 1474 1043 1506 Pallatina
1056 1479 1164 1507 nostra
1177 1477 1299 1508 lacerna
1313 1481 1397 1518 toga.

751 1581 958 1624 XXIX,

675 1672 738 1701 DE
772 1671 1036 1702 msricms.

125 1741 374 1783 Dls'rmHA
397 1741 475 1794 qui
496 1739 665 1790 scribit,
685 1744 815 1793 puto,
837 1740 935 1780 vult
955 1741 1170 1783 brevitate
1193 1743 1382 1796 placere.

182 1807 302 1859 Quid
320 1808 504 1862 prodest
523 1808 730 1858 brevitas,
751 1806 824 1848 dic
844 1807 966 1858 mihi,
988 1808 1028 1849 si
1048 1808 1159 1850 liber
1180 1811 1279 1851 est?

169 1908 234 1943 Qui
248 1909 400 1949 componit
419 1908 565 1950 disticha,
578 1908 695 1949 opinor,
708 1909 793 1949 cupit
806 1907 928 1949 placere
940 1908 1093 1942 brevitate
1103 1921 1114 1942 .-
1135 1910 1207 1951 quid
1219 1910 1344 1952 proficit
1357 1911 1503 1954 brevitas,
1512 1922 1584 1956 age,

124 1951 152 1982 si
167 1951 244 1982 liber
254 1950 469 1993 componitur?

741 2004 798 2015 eoo

956 2005 977 2016 e·

166 2047 365 2080 Lectionem
379 2048 476 2090 hujus
492 2048 758 2090 Epigrammatis
773 2057 838 2079 non
854 2049 990 2081 variant
1001 2048 1081 2080 libri
1097 2049 1221 2090 scripti
1238 2053 1297 2081 aut
1313 2051 1440 2083 excusi.

481 2153 485 2155 e
780 2123 922 2155 NOTAE

165 2179 184 2208 1
208 2177 356 2208 Disticha
371 2177 438 2218 qui]
474 2178 638 2219 Superius
655 2178 829 2219 Epigram-
883 2178 1024 2210 duorum
1063 2183 1121 2210 aut
1148 2179 1294 2219 plurium
1325 2189 1481 2211 versuum
1507 2180 1585 2220 Epi-

124 2236 180 2258 ma
205 2228 306 2268 paulo
331 2228 463 2269 longius
488 2237 652 2260 excusare
669 2230 827 2268 videtur;

125 2287 202 2308 cum
228 2278 316 2309 enim
337 2278 471 2318 justum
502 2280 658 2310 volumen
678 2280 827 2311 scribere

124 2327 220 2364 velit,
247 2328 391 2369 perinde
421 2337 495 2360 esse
519 2329 579 2367 ait,
604 2330 635 2361 si
654 2330 739 2362 illud
768 2335 827 2362 aut

864 2225 1125 2269 'grammatibus
1141 2228 1310 2262 conficiat.
1333 2230 1409 2263 Lib.
1423 2240 1472 2262 vr.
1485 2231 1584 2272 Epig.

880 2282 934 2312 65.

765 2433 942 2476 XXX.

502 2521 565 2551 DE
599 2521 919 2552 SPECTACULO
953 2522 1209 2554 SCAEvoLAE.

129 2584 229 2636 Qul
250 2598 366 2627 nunc
389 2586 607 2630 Caesareae
626 2588 753 2628 lusus
776 2593 998 2643 spectatur
1021 2602 1186 2641 arenae,

184 2653 478 2707 Temporibus
500 2656 630 2697 Bruti
651 2656 796 2711 gloria
819 2670 992 2698 summa
1012 2657 1114 2699 fuit.

172 2750 254 2781 Ludi
271 2751 493 2790 amphitheatri
509 2754 646 2785 Caesarez'
673 2755 723 2795 qai
739 2765 817 2786 mmc
845 2755 1001 2795 videntur,
1009 2755 1102 2793 fuere
1126 2765 1275 2787 summam
1286 2757 1375 2788 decus
1389 2766 1453 2788 oevo
1470 2757 1568 2788 Bruti
1575 2783 1582 2791 ,
