1893 3225
618 234 1026 265 13P¹GRAMMATUM
1064 234 1157 263 ΜΒ.
1192 233 1242 263 x.
1563 224 1647 265 733

303 331 326 372 Ι
349 331 514 386 perfer:
537 332 684 372 brevis
702 335 770 371 est
791 330 933 380 labor,
955 333 1142 384 peractae

301 400 452 440 Altum
475 400 651 441 vincere
673 399 891 440 tramitem
915 399 1120 440 Suburae.
1620 412 1647 440 o

306 468 405 509 Illic
427 468 602 522 Orphea
623 468 822 521 protinus
846 467 1017 508 videbis

302 536 393 577 Udi
414 538 574 577 vertice
594 535 816 576 lubricum
836 535 1006 584 theatri,

302 603 602 658 Mirantesque
623 604 753 654 feras,
776 616 990 656 avemque
1013 604 1147 656 regis,

303 672 498 726 Raptum
520 687 619 726 quae
641 672 818 725 Phryga
839 672 1016 725 pertulit
1036 672 1243 713 Tonanti.

304 739 405 780 Illic
427 753 563 793 parva
581 740 645 780 tui
666 739 823 780 domus
844 739 1038 780 Pedonis
1601 739 1649 780 lO

302 806 477 849 Caelata
497 811 565 848 est
584 807 744 861 aquilae
763 808 928 848 minore
945 820 1102 861 penna.

301 875 388 916 Sed
410 890 464 917 ne
487 881 684 930 tempore
707 888 796 916 non
818 880 898 917 tuo
922 876 1133 917 disertam

304 944 464 985 Pulses
482 944 601 985 ebria
615 944 812 998 Januam,
833 943 997 984 videto.

300 1011 445 1052 Totos
467 1011 545 1052 dat
566 1012 734 1052 tetricae
757 1010 853 1052 dies
876 1011 1106 1061 Minervae,

301 1079 422 1119 Dum
444 1083 618 1119 centum
637 1079 783 1119 studet
805 1079 986 1119 auribus
1011 1079 1218 1128 virorum,

300 1146 421 1195 Hoc,
444 1146 563 1200 quod
584 1147 752 1187 saecula
773 1147 1026 1200 posterique
1048 1147 1223 1201 possint

302 1212 490 1268 Arpinis
512 1226 690 1268 quoque
713 1226 973 1267 comparare
996 1215 1171 1256 chartis.

185 1346 271 1378 buroe
287 1350 453 1386 superatae.
476 1346 594 1377 Statim
607 1347 673 1378 illic
687 1346 841 1387 spectabis
854 1347 1013 1387 Orpheum
1029 1348 1187 1379 madidum
1204 1347 1237 1378 iu
1255 1347 1370 1379 vertice
1384 1347 1504 1379 humidi
1519 1347 1650 1386 theatri,

185 1397 216 1421 et
232 1389 381 1420 mirantes
395 1389 500 1428 feras,
515 1393 607 1430 atque
627 1400 714 1420 avem
730 1391 826 1429 regis,
843 1400 913 1430 quae
926 1391 1066 1430 portavit
1089 1391 1164 1421 Jove·
1178 1394 1303 1431 raptum
1319 1392 1461 1431 Phryga.
1507 1390 1580 1420 Inz'c
1596 1399 1650 1420 ea:-

185 1434 270 1472 iguoe
281 1434 363 1463 oedes
378 1433 425 1463 tui
440 1433 577 1464 Pedonis
591 1432 726 1471 signatoe
749 1436 823 1463 sunt
838 1433 956 1463 minore
968 1443 1072 1473 penna
1093 1434 1220 1474 aquiloe.
1265 1437 1310 1465 At
1325 1444 1409 1471 cave,
1425 1443 1462 1464 ne
1483 1434 1650 1464 temulenta

186 1476 404 1515 intempestive
418 1477 520 1516 pulses
526 1475 684 1513 facundas
690 1476 789 1513 fores.
824 1475 954 1513 Confert
972 1479 1052 1506 totos
1067 1477 1134 1507 dies
1149 1486 1278 1507 morosoe
1292 1478 1459 1515 Mhzerroe,
1473 1477 1543 1506 dum
1557 1480 1650 1515 parat

187 1518 315 1549 auribus
329 1522 451 1549 centum
466 1519 606 1549 virorum
628 1518 694 1559 hoc,
709 1520 787 1560 quod
801 1519 915 1549 saecula
930 1522 961 1550 et
984 1520 1103 1560 posteri
1114 1520 1232 1560 possint
1250 1520 1345 1550 etiam
1360 1519 1502 1557 conferre
1523 1519 1653 1559 scriptis

801 1604 996 1617 eoeeeeeeee
1002 1605 1036 1619 ep

227 1650 247 1678 4
271 1646 340 1678 Alii
354 1647 548 1688 paratce‚ait
569 1647 682 1679 editor
697 1647 824 1688 Delph.
837 1648 926 1689 quod
946 1658 1011 1679 non
1029 1648 1220 1679 invenimus
1238 1648 1271 1679 iu
1288 1647 1411 1679 nostris
1429 1647 1509 1678 edd.
1557 1648 1650 1679 Fort.

182 1690 493 1730 scribend.pe1·acta
508 1695 605 1721 notat
622 1691 908 1722 Pulmaunus.—S
930 1691 1092 1729 Videtur,
1117 1691 1164 1722 ait
1181 1691 1333 1722 Gronov.
1351 1691 1530 1730 scripsisse
1557 1691 1650 1721 Mar-

187 1734 276 1765 tialis
304 1743 460 1774 avemque,
496 1734 564 1773 regi
580 1734 732 1774 Raptum,
746 1736 884 1774 §fla—15
915 1735 1012 1766 Vacat
1037 1734 1135 1766 codd.
1167 1735 1348 1766 Pulmann.
1367 1740 1401 1765 et
1425 1734 1651 1765 Beverl.—19

847 1817 989 1849 NOTAE

226 1885 246 1913 4
264 1881 378 1913 Brevis
393 1884 437 1912 est
453 1880 554 1920 labor]
577 1881 703 1912 Sensus
729 1886 804 1912 est:
830 1882 893 1912 Fa-

185 1933 250 1964 cile
264 1932 451 1973 proclivem
468 1931 635 1963 Suburam
659 1931 788 1969 vinces,
815 1942 891 1973 quae

184 1994 251 2015 non
287 1984 386 2024 longe
414 1982 520 2014 distat
549 1982 592 2013 ab
620 1981 748 2013 aedibus
776 1982 893 2014 Plinii.

184 2033 346 2074 Peractoe]
392 2033 467 2064 Hoc
497 2038 552 2073 est
578 2037 749 2073 superatae
780 2031 890 2063 Subu-

185 2095 244 2124 rae,
276 2085 334 2116 lib.
368 2093 402 2114 v.
435 2084 536 2124 Epig.
566 2086 621 2114 22.
664 2084 673 2100 ⁴
693 2083 776 2113 Alta
806 2082 890 2113 Sub-

184 2136 281 2167 urani
330 2134 498 2166 vincenda
532 2139 587 2166 est
623 2134 746 2165 semita
784 2133 890 2165 clivi.'

184 2186 340 2217 Raderus
354 2184 506 2225 explicat
520 2195 528 2215 z
554 2184 666 2215 Labor
677 2184 731 2214 hic
743 2188 780 2214 ut
791 2183 892 2215 adeas

183 2237 334 2268 Plinium
360 2234 472 2266 facilis
502 2240 568 2274 est,
605 2239 842 2275 posteaquam,
872 2243 892 2265 o

184 2287 314 2326 Thalia,
329 2296 364 2317 es
379 2285 533 2317 absoluta
551 2290 586 2316 et
603 2283 772 2325 perfecta,
790 2289 892 2325 atque

186 2337 271 2369 adeo
287 2342 408 2378 parata
423 2341 461 2367 ut
477 2345 591 2366 exeas.

228 2391 249 2419 6
275 2388 343 2418 Illic
362 2386 500 2427 Orphea]
522 2387 675 2417 Statuam
694 2385 826 2427 Orphei
842 2385 892 2416 in-

185 2439 303 2478 tellige
318 2439 521 2470 collocatam
550 2437 583 2467 in
606 2437 780 2468 cacumine
798 2437 892 2468 thea-

187 2489 244 2527 tri,
259 2487 426 2529 perfusam
449 2497 570 2528 nempe
591 2487 740 2518 odoratis
756 2487 822 2518 illis
838 2497 890 2518 as-

187 2538 412 2579 mersionibus,
439 2538 480 2569 de
507 2538 626 2579 quibus
653 2538 756 2578 Epig.
779 2540 812 2568 3.
830 2537 889 2568 lib.

188 2590 306 2629 spect.

233 2642 252 2669 8
277 2638 449 2679 Mirantes]
493 2639 584 2680 Lyra
611 2643 792 2670 canentem
825 2639 891 2670 Or-

188 2690 326 2731 pheum.

233 2741 402 2781 Aeemque]
428 2740 585 2782 Aquilam
599 2750 674 2782 quae
691 2741 804 2782 rapuit
823 2740 888 2772 Ga-

188 2790 378 2830 nymedem.

993 1886 1032 1914 10
1056 1884 1208 1924 Pedonis]
1247 1884 1381 1922 Poene,
1397 1883 1439 1914 de
1461 1892 1525 1924 quo
1542 1881 1600 1913 lib.
1616 1891 1650 1912 v.

948 1933 1047 1974 Epig.
1069 1938 1100 1965 5.
1158 1935 1273 1966 Alium
1301 1939 1414 1965 tamen
1445 1932 1651 1964 causidicum

946 1983 1048 2015 fuisse
1075 1990 1209 2016 constat
1232 1995 1273 2015 ex
1298 1984 1474 2017 ,luvenalis
1497 1984 1568 2014 Sat.
1585 1992 1652 2014 vlt.

946 2045 1045 2075 quem
1062 2034 1340 2074 forteintelligss,
1368 2041 1406 2065 ut
1431 2035 1525 2064 aiunt
1551 2033 1653 2064 inter·

946 2090 1074 2125 pretes·
1118 2086 1239 2116 Malim
1256 2091 1369 2116 tamen
1385 2084 1427 2115 ad
1447 2082 1583 2124 poetam
1602 2093 1651 2113 re-

946 2134 1049 2175 ferre,
1065 2145 1140 2166 cum
1155 2135 1251 2166 dicat
1273 2137 1281 2151 ‘
1297 2134 1367 2175 tui,'
1383 2135 1446 2165 hoc
1463 2139 1516 2165 est
1531 2133 1650 2164 domus

946 2185 1111 2224 Pedonis,
1125 2185 1181 2226 qui
1200 2190 1233 2216 te
1250 2185 1343 2224 colit,
1361 2184 1393 2215 iu
1412 2184 1505 2224 cujus
1522 2183 1652 2214 scilicet

947 2234 1066 2266 domus
1079 2234 1216 2275 fastigio
1233 2236 1354 2266 coelata
1370 2240 1447 2264 erat
1462 2233 1575 2274 aquila
1592 2233 1651 2262 mi·

946 2293 1008 2315 nor
1024 2294 1122 2326 quam
1147 2284 1206 2315 illa
1235 2294 1309 2326 quae
1337 2282 1572 2323 Ganymedem
1599 2292 1650 2313 ra·

946 2335 1033 2374 puit.

990 2387 1029 2415 12
1057 2385 1204 2424 Tempore
1214 2394 1273 2414 non
1289 2383 1356 2423 tuo]
1379 2383 1650 2423 Tempuslegen-

946 2434 998 2466 dis
1015 2435 1083 2465 suis
1107 2435 1260 2465 versibus
1287 2435 1492 2465 conveniens
1520 2434 1653 2474 definit,

945 2486 1003 2517 lib.
1016 2495 1066 2517 IV.
1081 2486 1183 2525 Epig.
1200 2488 1231 2516 S.

990 2540 1030 2570 111
1057 2537 1188 2568 Tetricoe
1203 2535 1375 2575 Minervae]
1412 2534 1490 2565 Hoc
1507 2538 1572 2572 est,
1593 2543 1649 2564 va-

946 2593 1003 2619 cat
1028 2587 1130 2618 rebus
1157 2582 1363 2626 forensibus,
1393 2595 1413 2616 a
1440 2584 1560 2626 quibus
1577 2584 1650 2624 joci

947 2639 1081 2670 absunt.

986 2692 1023 2719 15
1051 2689 1182 2719 Centum
1200 2687 1341 2727 auribus]
1372 2687 1425 2717 De
1448 2690 1583 2717 centum
1601 2684 1649 2715 vi-

943 2739 1209 2779 rorumjudiciis
1233 2739 1360 2779 egimus
1386 2737 1444 2768 lib.
1464 2745 1532 2768 vn.
1549 2735 1647 2775 Epig.

943 2794 996 2822 03.
