1893 3225
326 212 412 253 846
799 227 847 254 M.
882 225 992 256 vAL.
1031 226 1307 255 MAn‘rmms

328 318 424 360 Nec
447 320 536 372 qui,
562 320 738 360 Dictaea
759 319 1006 373 Cephalum
1026 320 1079 360 (le
1102 326 1226 372 gente
1249 327 1441 371 secutus,
1751 323 1779 363 5

383 386 598 428 Luciferae
620 389 778 440 pariter
799 389 918 428 venit
938 389 993 428 ad
1015 393 1132 429 astra
1155 390 1279 430 Deae.

326 451 369 492 N
374 466 428 493 on
451 467 519 494 nie
541 454 670 506 longa
691 455 801 504 dies,
822 468 902 495 nec
925 455 1094 495 inutilis
1115 457 1295 497 abstulit
1317 460 1443 506 aetas,

383 519 547 570 Qualia
569 523 782 563 Dulichio
802 522 895 564 fata
913 523 1033 564 fuere
1057 523 1170 564 cani.

326 587 557 629 Fulmineo
578 591 822 643 spumantis
842 590 938 643 apri
961 604 1059 631 sum
1081 590 1207 631 dente
1227 596 1436 644 peremta,

382 655 589 706 Quantus
608 664 700 698 erat
722 658 943 711 Calydon,
967 664 1059 708 aut,
1086 658 1364 713 Erymanthe,
1388 665 1503 700 tuus.

324 723 420 764 Nec
442 737 610 777 queror,
632 725 820 766 infernas
842 727 1044 779 quamvis
1065 727 1155 767 cito
1179 732 1305 780 rapta
1326 728 1408 768 sub
1431 727 1638 768 umbras:

382 791 485 832 Non
503 793 628 846 potui
652 793 740 833 fato
762 794 979 834 nobiliore
1004 795 1129 834 mori.

1724 660 1779 700 10

321 932 439 960 gorzes:
462 933 515 953 nec
529 933 603 953 eum
625 924 677 963 qui
691 925 728 954 de
747 927 841 963 gente
860 926 1002 956 Cretensi
1026 929 1149 956 secutus
1177 926 1359 966 Cephalum,
1381 926 1528 957 similiter
1551 925 1720 957 translatus
1735 929 1780 956 est

323 967 363 995 ‹ul
377 966 478 995 sidera
502 966 581 997 Deae
598 966 747 1004 luciferoe.
791 968 901 1006 Longa
916 968 993 1006 (Ιὶρε,
1016 978 1070 999 nec
1087 973 1163 999 zetas
1189 970 1346 1009 decrepita
1372 980 1417 999 me
1435 970 1554 1008 rapuit,
1577 968 1676 1008 qualis
1700 978 1781 998 mors

322 1008 457 1046 contigit
473 1009 543 1039 cani
570 1009 737 1042 Dulichio:
771 1020 839 1041 sum
863 1011 1026 1049 interfecta
1046 1010 1201 1048 fulmineo
1226 1013 1316 1042 dente
1342 1014 1519 1051 spumantis
1546 1012 1626 1051 apri,
1649 1014 1781 1050 quantus

323 1054 391 1081 erat
418 1054 499 1090 tuus,
521 1061 540 1081 o
568 1053 720 1093 Calydon,
752 1057 806 1083 aut
831 1059 918 1092 tuus,
941 1063 960 1084 ο
988 1054 1192 1094 Erymanthe.
1240 1055 1308 1084 Nec
1332 1064 1499 1094 conqueror
1519 1054 1592 1085 licet
1617 1054 1781 1084 immature

322 1096 413 1133 rapta
428 1093 482 1124 sub
495 1094 634 1132 infernus
657 1095 799 1127 umbras:
822 1106 882 1127 non
895 1096 983 1136 potui
997 1096 1100 1136 perire
1115 1099 1212 1127 morte
1227 1098 1459 1137 proestantiore.

928 1192 1161 1204 eeeeeeeeeeee

324 1263 496 1331 {ghextat
521 1268 655 1300 quoque
681 1258 715 1290 iu
740 1259 903 1301 Inscript.
936 1260 1174 1292 Gruteri.—ll
1204 1260 1310 1290 Undas
1332 1258 1407 1290 cod.
1435 1258 1467 1288 in
1493 1267 1600 1298 marg.
1624 1256 1678 1288 ed.
1697 1257 1780 1288 Par.

983 1368 1123 1400 NOTAE

322 1441 421 1471 Mera
446 1441 544 1482 duce,
582 1443 711 1483 reperit
740 1443 887 1475 cadaver
921 1444 1024 1475 Icarii

322 1492 459 1531 mortui,
471 1503 537 1534 quo
553 1494 622 1525 viso
640 1504 675 1525 se
704 1495 881 1535 suspendit
897 1496 1024 1536 puella,

322 1546 358 1572 et
378 1543 475 1574 Mera
489 1544 594 1583 canis,
611 1555 670 1576 seu
688 1546 826 1585 Neaera,
851 1550 889 1576 ut
906 1546 1025 1576 volunt

322 1592 390 1631 alii,
414 1593 583 1625 desiderio
598 1595 807 1626 dominorum
833 1596 1024 1636 contabuit,

322 1644 405 1674 etin
422 1645 542 1675 eoelum
561 1646 722 1677 translata
752 1646 844 1677 canis
875 1646 1023 1677 coelestis

322 1693 471 1724 dicitur:
497 1694 668 1735 ‘Erigone'
686 1705 764 1726 vero
777 1696 897 1736 Virgo,
909 1700 944 1726 et
959 1695 1023 1726 As-

323 1748 419 1774 traea.
466 1744 620 1774 Raderus
638 1753 679 1775 ex
699 1745 852 1786 Hygino.

365 1798 382 1824 5
410 1795 476 1825 Nec
501 1795 564 1835 qui,
582 1794 722 1835 Dictoea]
745 1795 785 1825 In
803 1795 908 1826 Creta
922 1805 1022 1826 canes

322 1844 475 1885 egregii:
500 1844 563 1875 hoc
587 1849 651 1883 est,
667 1855 729 1876 nec
756 1845 848 1876 canis
874 1846 1023 1886 Laelaps,

322 1904 419 1934 quem
450 1895 570 1926 marito
606 1905 666 1926 suo
700 1895 850 1936 Cephalo
880 1896 1023 1928 dederat

322 1946 474 1985 Procri&
501 1955 639 1987 quorum
661 1946 805 1977 historia
826 1947 906 1977 satis
933 1952 1024 1986 nota,

321 1995 457 2026 domino
481 1996 591 2027 carior
614 1995 705 2035 fuit3
729 2006 818 2028 nunc
847 1997 879 2027 in
903 1998 1026 2029 coelum

323 2047 520 2084 translatus,
537 2046 643 2077 Sirius
661 2047 776 2085 ardor,
802 2052 837 2079 et
861 2048 1026 2079 Canicula

321 2097 637 2136 (licitur,stellarum
649 2096 908 2138 fulgentissima,
921 2104 1025 2140 atque

321 2147 445 2179 infesta
458 2147 609 2178 humanis
620 2148 832 2188 corporibus.
860 2148 916 2180 Sic
933 2149 1022 2180 idem

323 2198 476 2229 Raderus
490 2208 532 2229 ex
549 2198 667 2229 eodem
683 2198 837 2239 Hygino.

364 2252 384 2280 6
408 2248 580 2288 Luciferoe]
596 2249 738 2279 Dianam
756 2259 815 2280 seu
830 2250 959 2280 Lunam
973 2249 1021 2281 in—

322 2301 450 2340 tellige‚
467 2311 541 2341 quae
565 2300 738 2332 venationi
762 2301 880 2338 dedita
895 2301 1022 2342 gaudet

322 2351 475 2381 canibus.

365 2404 385 2431 8
408 2400 573 2440 Dulichio]
588 2400 700 2442 Argus
713 2401 807 2432 canis
822 2402 952 2442 Ulyssis
970 2411 1021 2433 ce-

323 2451 476 2482 lebratur
501 2450 648 2482 carmine
665 2451 942 2492 HomeriOdyss.
961 2452 1020 2484 lib.

1078 1453 1170 1475 xvn.
1217 1442 1412 1474 Dulichium
1426 1442 1535 1472 insula
1546 1439 1660 1481 Ulyssi
1677 1448 1782 1481 quon-

1077 1496 1154 1526 dam
1167 1494 1319 1535 subjecta
1338 1503 1412 1524 cnm
1429 1493 1550 1523 Ithaco
1563 1494 1691 1522 monte.
1724 1490 1780 1521 Sic

1077 1545 1236 1576 Raderus
1265 1554 1306 1575 ex
1325 1544 1418 1574 Mela
1441 1547 1476 1573 et
1497 1542 1584 1573 aliis.
1629 1539 1782 1571 Dulichii

1077 1597 1195 1627 insulae
1225 1594 1379 1626 meminit
1406 1593 1529 1625 Strabo
1543 1592 1603 1623 lib.
1621 1600 1655 1622 x.
1682 1600 1781 1632 quam

1078 1646 1221 1678 eandem
1238 1655 1315 1676 eum
1332 1643 1556 1684 Cephallenia
1582 1641 1718 1683 quidam
1733 1640 1782 1671 af-

1077 1696 1267 1735 firmarunt,
1291 1695 1350 1725 sed
1368 1694 1468 1733 male,
1494 1698 1531 1723 ut
1555 1691 1665 1723 refert
1692 1690 1781 1721 idem

1077 1747 1204 1779 Strabo
1220 1756 1261 1777 ex
1279 1745 1443 1783 Homero,
1465 1744 1560 1784 cnjus
1585 1741 1782 1773 testimonio

1075 1798 1228 1830 ostendit
1257 1806 1367 1837 neque
1394 1794 1589 1826 Dulichium
1618 1802 1691 1823 esse
1717 1793 1781 1824 Ce-

1079 1848 1298 1889 phalleniam,
1325 1855 1434 1887 neque
1461 1845 1501 1875 ad
1527 1843 1781 1883 Cephalleniam

1080 1899 1267 1941 pertinere,
1279 1896 1368 1938 quod
1386 1895 1504 1926 Andro
1518 1893 1659 1934 scripsit
1677 1904 1685 1923 2
1704 1902 1780 1924 cum

1083 1949 1276 1980 Dulichium
1314 1947 1399 1988 Epei
1429 1944 1651 1983 obtinuerint,
1674 1947 1780 1974 totam

1082 1999 1336 2040 Cephalleniam
1382 1996 1628 2037 Cephallenes:
1681 1994 1781 2035 hique

1080 2051 1193 2092 Ulyssi
1210 2048 1400 2092 paruerint,
1413 2048 1461 2078 illi
1473 2046 1616 2087 Megeti.
1639 2045 1782 2078 Judicet

1082 2102 1203 2133 lector.

1124 2154 1163 2182 10
1202 2149 1356 2190 Calydon]
1389 2149 1445 2180 De
1476 2157 1559 2188 apro
1590 2146 1780 2188 Calydonio

1078 2201 1177 2242 Epig.
1195 2204 1244 2232 15.
1262 2200 1318 2231 lib.
1333 2200 1450 2240 Spect.

1122 2250 1328 2292 Erymanthe]
1353 2250 1454 2280 Mons
1470 2252 1521 2279 est
1537 2247 1710 2286 Arcadiae,
1722 2248 1780 2279 ubi

1077 2307 1150 2333 erat
1164 2301 1259 2341 Aper
1275 2300 1386 2330 dictus
1414 2298 1664 2339 Erymanthius,
1679 2308 1779 2340 quem

1078 2350 1257 2384 interfecit
1277 2349 1458 2380 Hercules,

1121 2404 1161 2433 12
1186 2401 1267 2431 Fato
1282 2398 1445 2438 nobiliore]
1470 2399 1603 2439 Nempe
1621 2396 1779 2429 interfec-

1078 2457 1113 2484 ta
1125 2462 1142 2483 a
1156 2450 1229 2483 fem
1241 2455 1310 2482 tam
1324 2447 1513 2491 praestanti.
