<?xml version="1.0" encoding="UTF-8"?>
<!DOCTYPE html PUBLIC "-//W3C//DTD XHTML 1.0 Transitional//EN"
    "http://www.w3.org/TR/xhtml1/DTD/xhtml1-transitional.dtd">
<html xmlns="http://www.w3.org/1999/xhtml" xml:lang="en" lang="en">
 <head>
  <title>
</title>
<meta http-equiv="Content-Type" content="text/html;charset=utf-8" />
  <meta name='ocr-system' content='tesseract 3.04.00' />
  <meta name='ocr-capabilities' content='ocr_page ocr_carea ocr_par ocr_line ocrx_word'/>
</head>
<body>
  <div class='ocr_page' id='page_1' title='image "./epigrammataexedi02martuoft_0252.png"; bbox 0 0 1893 3225; ppageno 0'>
   <div class='ocr_carea' id='block_1_1' title="bbox 275 234 1230 274">
    <p class='ocr_par' dir='ltr' id='par_1_1' title="bbox 275 234 1230 274">
     <span class='ocr_line' id='line_1_1' title="bbox 275 234 1230 274; baseline 0 -1"><span class='ocrx_word' id='word_1_1' title='bbox 275 234 360 273; x_wconf 82' lang='lat'>740</span> <span class='ocrx_word' id='word_1_2' title='bbox 726 244 773 271; x_wconf 77' lang='grc' dir='ltr'>Μ.</span> <span class='ocrx_word' id='word_1_3' title='bbox 807 245 918 273; x_wconf 66' lang='lat' dir='ltr'>vAi„</span> <span class='ocrx_word' id='word_1_4' title='bbox 953 245 1230 274; x_wconf 68' lang='lat' dir='ltr'>MAR&#39;mALis</span> 
     </span>
    </p>
   </div>
   <div class='ocr_carea' id='block_1_2' title="bbox 936 339 1073 370">
    <p class='ocr_par' dir='ltr' id='par_1_2' title="bbox 936 339 1073 370">
     <span class='ocr_line' id='line_1_2' title="bbox 936 339 1073 370; baseline -0.007 0"><span class='ocrx_word' id='word_1_5' title='bbox 936 339 1073 370; x_wconf 72' lang='lat' dir='ltr'><strong>NOTAE</strong></span> 
     </span>
    </p>
   </div>
   <div class='ocr_carea' id='block_1_3' title="bbox 275 401 1734 494">
    <p class='ocr_par' dir='ltr' id='par_1_3' title="bbox 275 401 1734 494">
     <span class='ocr_line' id='line_1_3' title="bbox 275 401 1734 447; baseline 0.005 -16"><span class='ocrx_word' id='word_1_6' title='bbox 275 409 310 432; x_wconf 82' lang='lat' dir='ltr'>et</span> <span class='ocrx_word' id='word_1_7' title='bbox 349 401 584 432; x_wconf 80' lang='lat' dir='ltr'>obscurissimo</span> <span class='ocrx_word' id='word_1_8' title='bbox 619 412 743 443; x_wconf 78' lang='lat' dir='ltr'>genere</span> <span class='ocrx_word' id='word_1_9' title='bbox 782 404 827 433; x_wconf 80' lang='lat' dir='ltr'>ita</span> <span class='ocrx_word' id='word_1_10' title='bbox 862 409 979 434; x_wconf 79' lang='lat' dir='ltr'>natum</span> <span class='ocrx_word' id='word_1_11' title='bbox 1035 404 1199 435; x_wconf 68' lang='lat' dir='ltr'>natalitiis</span> <span class='ocrx_word' id='word_1_12' title='bbox 1231 404 1426 435; x_wconf 75' lang='lat' dir='ltr'>muneribus</span> <span class='ocrx_word' id='word_1_13' title='bbox 1447 405 1619 447; x_wconf 83' lang='lat' dir='ltr'>indignum</span> <span class='ocrx_word' id='word_1_14' title='bbox 1649 409 1734 439; x_wconf 73' lang='lat' dir='ltr'>exis·</span> 
     </span>
     <span class='ocr_line' id='line_1_4' title="bbox 275 453 1166 494; baseline 0.002 -11"><span class='ocrx_word' id='word_1_15' title='bbox 275 454 400 490; x_wconf 70' lang='lat' dir='ltr'>sciunt,</span> <span class='ocrx_word' id='word_1_16' title='bbox 431 453 525 493; x_wconf 66' lang='lat' dir='ltr'>quasi</span> <span class='ocrx_word' id='word_1_17' title='bbox 551 460 650 484; x_wconf 80' lang='lat' dir='ltr'>natus</span> <span class='ocrx_word' id='word_1_18' title='bbox 674 464 740 485; x_wconf 88' lang='lat' dir='ltr'>non</span> <span class='ocrx_word' id='word_1_19' title='bbox 763 464 869 494; x_wconf 84' lang='lat' dir='ltr'>esses,</span> <span class='ocrx_word' id='word_1_20' title='bbox 893 460 927 486; x_wconf 85' lang='lat' dir='ltr'>et</span> <span class='ocrx_word' id='word_1_21' title='bbox 944 461 978 485; x_wconf 86' lang='lat' dir='ltr'>te</span> <span class='ocrx_word' id='word_1_22' title='bbox 1034 455 1166 486; x_wconf 81' lang='lat' dir='ltr'>timant.</span> 
     </span>
    </p>
   </div>
   <div class='ocr_carea' id='block_1_4' title="bbox 860 604 1151 723">
    <p class='ocr_par' dir='ltr' id='par_1_4' title="bbox 860 604 1151 723">
     <span class='ocr_line' id='line_1_5' title="bbox 879 604 1129 645; baseline 0.004 -1"><span class='ocrx_word' id='word_1_23' title='bbox 879 604 985 644; x_wconf 85' lang='lat' dir='ltr'>XX</span> <span class='ocrx_word' id='word_1_24' title='bbox 997 604 1129 645; x_wconf 89' lang='lat' dir='ltr'><strong>VIII.</strong></span> 
     </span>
     <span class='ocr_line' id='line_1_6' title="bbox 860 693 1151 723; baseline -0.003 -1"><span class='ocrx_word' id='word_1_25' title='bbox 860 693 926 723; x_wconf 66' lang='lat' dir='ltr'>An</span> <span class='ocrx_word' id='word_1_26' title='bbox 958 693 1151 723; x_wconf 75' lang='lat' dir='ltr'><strong>JANUM.</strong></span> 
     </span>
    </p>
   </div>
   <div class='ocr_carea' id='block_1_5' title="bbox 264 761 1722 1291">
    <p class='ocr_par' dir='ltr' id='par_1_5' title="bbox 264 761 1722 1291">
     <span class='ocr_line' id='line_1_7' title="bbox 272 761 1430 815; baseline 0.001 -13"><span class='ocrx_word' id='word_1_27' title='bbox 272 761 491 803; x_wconf 77' lang='lat' dir='ltr'>ANNORU</span> <span class='ocrx_word' id='word_1_28' title='bbox 502 773 554 812; x_wconf 84' lang='lat' dir='ltr'>M,</span> <span class='ocrx_word' id='word_1_29' title='bbox 574 761 788 815; x_wconf 80' lang='lat' dir='ltr'>nitidique</span> <span class='ocrx_word' id='word_1_30' title='bbox 808 767 934 803; x_wconf 82' lang='lat' dir='ltr'>sator</span> <span class='ocrx_word' id='word_1_31' title='bbox 949 762 1242 815; x_wconf 85' lang='lat' dir='ltr'><strong>pulcherrime</strong></span> <span class='ocrx_word' id='word_1_32' title='bbox 1263 763 1430 812; x_wconf 86' lang='lat' dir='ltr'>mundi,</span> 
     </span>
     <span class='ocr_line' id='line_1_8' title="bbox 327 830 1472 885; baseline 0.002 -15"><span class='ocrx_word' id='word_1_33' title='bbox 327 830 517 871; x_wconf 82' lang='lat' dir='ltr'>Publica</span> <span class='ocrx_word' id='word_1_34' title='bbox 537 843 669 883; x_wconf 86' lang='lat' dir='ltr'>quem</span> <span class='ocrx_word' id='word_1_35' title='bbox 691 831 879 884; x_wconf 87' lang='lat' dir='ltr'>primum</span> <span class='ocrx_word' id='word_1_36' title='bbox 901 835 1005 872; x_wconf 82' lang='lat' dir='ltr'>vota</span> <span class='ocrx_word' id='word_1_37' title='bbox 1026 844 1268 885; x_wconf 82' lang='lat' dir='ltr'>precesque</span> <span class='ocrx_word' id='word_1_38' title='bbox 1290 839 1472 882; x_wconf 81' lang='lat' dir='ltr'>vocant,</span> 
     </span>
     <span class='ocr_line' id='line_1_9' title="bbox 269 897 1277 952; baseline 0.002 -13"><span class='ocrx_word' id='word_1_39' title='bbox 269 897 458 939; x_wconf 84' lang='lat' dir='ltr'>Pervius</span> <span class='ocrx_word' id='word_1_40' title='bbox 478 900 668 952; x_wconf 80' lang='lat' dir='ltr'>exiguos</span> <span class='ocrx_word' id='word_1_41' title='bbox 688 899 924 940; x_wconf 75' lang='lat' dir='ltr'>habitabas</span> <span class='ocrx_word' id='word_1_42' title='bbox 947 903 1049 941; x_wconf 82' lang='lat' dir='ltr'>ante</span> <span class='ocrx_word' id='word_1_43' title='bbox 1070 899 1277 950; x_wconf 80' lang='lat' dir='ltr'>Penates,</span> 
     </span>
     <span class='ocr_line' id='line_1_10' title="bbox 325 966 1322 1020; baseline 0.002 -14"><span class='ocrx_word' id='word_1_44' title='bbox 325 966 522 1007; x_wconf 81' lang='lat' dir='ltr'>Plurima</span> <span class='ocrx_word' id='word_1_45' title='bbox 544 980 632 1020; x_wconf 84' lang='lat' dir='ltr'>qua</span> <span class='ocrx_word' id='word_1_46' title='bbox 653 966 845 1006; x_wconf 86' lang='lat' dir='ltr'>medium</span> <span class='ocrx_word' id='word_1_47' title='bbox 869 967 1018 1007; x_wconf 82' lang='lat' dir='ltr'>Roma</span> <span class='ocrx_word' id='word_1_48' title='bbox 1038 969 1208 1008; x_wconf 82' lang='lat' dir='ltr'>terebat</span> <span class='ocrx_word' id='word_1_49' title='bbox 1230 969 1322 1008; x_wconf 86' lang='lat' dir='ltr'>iter.</span> 
     </span>
     <span class='ocr_line' id='line_1_11' title="bbox 268 1033 1722 1086; baseline 0.002 -11"><span class='ocrx_word' id='word_1_50' title='bbox 268 1033 402 1075; x_wconf 87' lang='lat' dir='ltr'>Nunc</span> <span class='ocrx_word' id='word_1_51' title='bbox 421 1038 496 1075; x_wconf 85' lang='lat' dir='ltr'>tua</span> <span class='ocrx_word' id='word_1_52' title='bbox 517 1033 735 1075; x_wconf 68' lang='lat' dir='ltr'>Caesareis</span> <span class='ocrx_word' id='word_1_53' title='bbox 759 1034 992 1086; x_wconf 87' lang='lat' dir='ltr'>cinguntur</span> <span class='ocrx_word' id='word_1_54' title='bbox 1010 1036 1164 1076; x_wconf 83' lang='lat' dir='ltr'>limina</span> <span class='ocrx_word' id='word_1_55' title='bbox 1185 1036 1340 1085; x_wconf 80' lang='lat' dir='ltr'>donis3</span> <span class='ocrx_word' id='word_1_56' title='bbox 1695 1037 1722 1077; x_wconf 88' lang='lat'>5</span> 
     </span>
     <span class='ocr_line' id='line_1_12' title="bbox 324 1101 1343 1156; baseline 0.003 -15"><span class='ocrx_word' id='word_1_57' title='bbox 324 1101 380 1142; x_wconf 88' lang='lat' dir='ltr'>Et</span> <span class='ocrx_word' id='word_1_58' title='bbox 400 1101 494 1142; x_wconf 84' lang='lat' dir='ltr'>sora</span> <span class='ocrx_word' id='word_1_59' title='bbox 513 1105 578 1142; x_wconf 86' lang='lat' dir='ltr'>tot</span> <span class='ocrx_word' id='word_1_60' title='bbox 596 1114 815 1151; x_wconf 81' lang='lat' dir='ltr'>numeras,</span> <span class='ocrx_word' id='word_1_61' title='bbox 836 1101 864 1142; x_wconf 90' lang='lat' dir='ltr'><strong>J</strong></span> <span class='ocrx_word' id='word_1_62' title='bbox 870 1115 965 1151; x_wconf 79' lang='lat' dir='ltr'>ane,</span> <span class='ocrx_word' id='word_1_63' title='bbox 986 1109 1093 1156; x_wconf 85' lang='lat' dir='ltr'>quot</span> <span class='ocrx_word' id='word_1_64' title='bbox 1116 1116 1194 1144; x_wconf 84' lang='lat' dir='ltr'>ora</span> <span class='ocrx_word' id='word_1_65' title='bbox 1215 1105 1343 1156; x_wconf 85' lang='lat' dir='ltr'>geris.</span> 
     </span>
     <span class='ocr_line' id='line_1_13' title="bbox 264 1169 1372 1225; baseline 0.003 -15"><span class='ocrx_word' id='word_1_66' title='bbox 264 1169 327 1210; x_wconf 88' lang='lat' dir='ltr'>At</span> <span class='ocrx_word' id='word_1_67' title='bbox 348 1175 411 1220; x_wconf 89' lang='lat' dir='ltr'>tu,</span> <span class='ocrx_word' id='word_1_68' title='bbox 433 1175 581 1211; x_wconf 84' lang='lat' dir='ltr'>sancte</span> <span class='ocrx_word' id='word_1_69' title='bbox 603 1175 742 1224; x_wconf 81' lang='lat' dir='ltr'>pater,</span> <span class='ocrx_word' id='word_1_70' title='bbox 765 1175 887 1211; x_wconf 75' lang='lat' dir='ltr'>tanto</span> <span class='ocrx_word' id='word_1_71' title='bbox 908 1184 987 1224; x_wconf 87' lang='lat' dir='ltr'>pro</span> <span class='ocrx_word' id='word_1_72' title='bbox 1009 1185 1184 1211; x_wconf 86' lang='lat' dir='ltr'>munere</span> <span class='ocrx_word' id='word_1_73' title='bbox 1207 1178 1372 1225; x_wconf 80' lang='lat' dir='ltr'>gratus,</span> 
     </span>
     <span class='ocr_line' id='line_1_14' title="bbox 322 1237 1214 1291; baseline 0.003 -14"><span class='ocrx_word' id='word_1_74' title='bbox 322 1237 486 1278; x_wconf 84' lang='lat' dir='ltr'>Ferrea</span> <span class='ocrx_word' id='word_1_75' title='bbox 508 1242 725 1291; x_wconf 83' lang='lat' dir='ltr'>perpetua</span> <span class='ocrx_word' id='word_1_76' title='bbox 746 1238 941 1280; x_wconf 80' lang='lat' dir='ltr'>claustra</span> <span class='ocrx_word' id='word_1_77' title='bbox 961 1243 1085 1279; x_wconf 88' lang='lat' dir='ltr'>tuere</span> <span class='ocrx_word' id='word_1_78' title='bbox 1103 1252 1214 1280; x_wconf 82' lang='lat' dir='ltr'>sera.</span> 
     </span>
    </p>
   </div>
   <div class='ocr_carea' id='block_1_6' title="bbox 306 1359 1727 1402">
    <p class='ocr_par' dir='ltr' id='par_1_6' title="bbox 306 1359 1727 1402">
     <span class='ocr_line' id='line_1_15' title="bbox 306 1359 1727 1402; baseline 0.003 -13"><span class='ocrx_word' id='word_1_79' title='bbox 306 1359 336 1388; x_wconf 82' lang='lat'>0</span> <span class='ocrx_word' id='word_1_80' title='bbox 350 1360 556 1400; x_wconf 82' lang='lat' dir='ltr'>pulcherrime</span> <span class='ocrx_word' id='word_1_81' title='bbox 565 1361 692 1400; x_wconf 80' lang='lat' dir='ltr'>genitor</span> <span class='ocrx_word' id='word_1_82' title='bbox 707 1371 868 1397; x_wconf 77' lang='lat' dir='ltr'>annorum,</span> <span class='ocrx_word' id='word_1_83' title='bbox 884 1364 976 1400; x_wconf 78' lang='lat' dir='ltr'>atque</span> <span class='ocrx_word' id='word_1_84' title='bbox 989 1361 1072 1391; x_wconf 79' lang='lat' dir='ltr'>orbis</span> <span class='ocrx_word' id='word_1_85' title='bbox 1090 1362 1199 1398; x_wconf 76' lang='lat' dir='ltr'>nitidi,</span> <span class='ocrx_word' id='word_1_86' title='bbox 1215 1361 1267 1401; x_wconf 84' lang='lat' dir='ltr'>qui</span> <span class='ocrx_word' id='word_1_87' title='bbox 1281 1361 1401 1400; x_wconf 70' lang='lat' dir='ltr'>primus</span> <span class='ocrx_word' id='word_1_88' title='bbox 1417 1361 1583 1392; x_wconf 77' lang='lat' dir='ltr'>celebraris</span> <span class='ocrx_word' id='word_1_89' title='bbox 1592 1362 1727 1402; x_wconf 74' lang='lat' dir='ltr'>publicis</span> 
     </span>
    </p>
   </div>
   <div class='ocr_carea' id='block_1_7' title="bbox 261 1403 1732 1484">
    <p class='ocr_par' dir='ltr' id='par_1_7' title="bbox 261 1403 1732 1484">
     <span class='ocr_line' id='line_1_16' title="bbox 261 1403 1732 1444; baseline 0.003 -12"><span class='ocrx_word' id='word_1_90' title='bbox 261 1403 342 1433; x_wconf 78' lang='lat' dir='ltr'>votis</span> <span class='ocrx_word' id='word_1_91' title='bbox 357 1406 387 1433; x_wconf 79' lang='lat' dir='ltr'>et</span> <span class='ocrx_word' id='word_1_92' title='bbox 398 1404 552 1443; x_wconf 75' lang='lat' dir='ltr'>precibus,</span> <span class='ocrx_word' id='word_1_93' title='bbox 565 1407 657 1434; x_wconf 81' lang='lat' dir='ltr'>antea</span> <span class='ocrx_word' id='word_1_94' title='bbox 673 1404 797 1443; x_wconf 77' lang='lat' dir='ltr'>pervius</span> <span class='ocrx_word' id='word_1_95' title='bbox 811 1403 943 1434; x_wconf 75' lang='lat' dir='ltr'>habebas</span> <span class='ocrx_word' id='word_1_96' title='bbox 956 1405 1146 1434; x_wconf 75' lang='lat' dir='ltr'><strong><em>domicilium</em></strong></span> <span class='ocrx_word' id='word_1_97' title='bbox 1164 1405 1196 1433; x_wconf 82' lang='lat' dir='ltr'>in</span> <span class='ocrx_word' id='word_1_98' title='bbox 1212 1405 1318 1444; x_wconf 79' lang='lat' dir='ltr'>parvis</span> <span class='ocrx_word' id='word_1_99' title='bbox 1334 1405 1465 1439; x_wconf 70' lang='lat' dir='ltr'>adibus,</span> <span class='ocrx_word' id='word_1_100' title='bbox 1483 1416 1539 1444; x_wconf 76' lang='lat' dir='ltr'>qua</span> <span class='ocrx_word' id='word_1_101' title='bbox 1549 1405 1732 1444; x_wconf 76' lang='lat' dir='ltr'>frequentes</span> 
     </span>
     <span class='ocr_line' id='line_1_17' title="bbox 265 1445 1729 1484; baseline 0.002 -9"><span class='ocrx_word' id='word_1_102' title='bbox 265 1445 398 1476; x_wconf 78' lang='lat' dir='ltr'>Romani</span> <span class='ocrx_word' id='word_1_103' title='bbox 415 1446 578 1484; x_wconf 78' lang='lat' dir='ltr'>faciebant</span> <span class='ocrx_word' id='word_1_104' title='bbox 596 1447 730 1477; x_wconf 83' lang='lat' dir='ltr'>medium</span> <span class='ocrx_word' id='word_1_105' title='bbox 746 1447 820 1477; x_wconf 79' lang='lat' dir='ltr'>iter.</span> <span class='ocrx_word' id='word_1_106' title='bbox 869 1447 959 1477; x_wconf 80' lang='lat' dir='ltr'>Nunc</span> <span class='ocrx_word' id='word_1_107' title='bbox 976 1450 1029 1476; x_wconf 75' lang='lat' dir='ltr'>tna</span> <span class='ocrx_word' id='word_1_108' title='bbox 1044 1447 1125 1477; x_wconf 74' lang='lat' dir='ltr'>ostiu</span> <span class='ocrx_word' id='word_1_109' title='bbox 1148 1450 1302 1477; x_wconf 74' lang='lat' dir='ltr'>ornantur</span> <span class='ocrx_word' id='word_1_110' title='bbox 1322 1448 1498 1477; x_wconf 80' lang='lat' dir='ltr'>muneribus</span> <span class='ocrx_word' id='word_1_111' title='bbox 1517 1449 1683 1482; x_wconf 59' lang='lat' dir='ltr'>Caesareis.</span> <span class='ocrx_word' id='word_1_112' title='bbox 1700 1453 1729 1479; x_wconf 77' lang='lat' dir='ltr'>et</span> 
     </span>
    </p>
   </div>
   <div class='ocr_carea' id='block_1_8' title="bbox 260 1488 1727 1572">
    <p class='ocr_par' dir='ltr' id='par_1_8' title="bbox 260 1488 1727 1572">
     <span class='ocr_line' id='line_1_18' title="bbox 261 1488 1727 1530; baseline 0.003 -12"><span class='ocrx_word' id='word_1_113' title='bbox 261 1498 404 1519; x_wconf 77' lang='lat' dir='ltr'>numeras</span> <span class='ocrx_word' id='word_1_114' title='bbox 415 1489 558 1526; x_wconf 63' lang='lat' dir='ltr'>tessara,</span> <span class='ocrx_word' id='word_1_115' title='bbox 573 1499 592 1520; x_wconf 93' lang='grc' dir='ltr'>ο</span> <span class='ocrx_word' id='word_1_116' title='bbox 609 1490 705 1526; x_wconf 75' lang='lat' dir='ltr'>June,</span> <span class='ocrx_word' id='word_1_117' title='bbox 720 1492 792 1528; x_wconf 77' lang='lat' dir='ltr'><em>quat</em></span> <span class='ocrx_word' id='word_1_118' title='bbox 808 1488 903 1519; x_wconf 76' lang='lat' dir='ltr'>habes</span> <span class='ocrx_word' id='word_1_119' title='bbox 917 1489 1032 1519; x_wconf 73' lang='lat' dir='ltr'>vultus.</span> <span class='ocrx_word' id='word_1_120' title='bbox 1079 1489 1141 1521; x_wconf 86' lang='lat' dir='ltr'>Sed</span> <span class='ocrx_word' id='word_1_121' title='bbox 1156 1494 1203 1529; x_wconf 82' lang='lat' dir='ltr'>tu,</span> <span class='ocrx_word' id='word_1_122' title='bbox 1217 1493 1322 1521; x_wconf 79' lang='lat' dir='ltr'>sancte</span> <span class='ocrx_word' id='word_1_123' title='bbox 1334 1500 1461 1530; x_wconf 82' lang='lat' dir='ltr'>parens,</span> <span class='ocrx_word' id='word_1_124' title='bbox 1471 1501 1528 1530; x_wconf 85' lang='lat' dir='ltr'>pro</span> <span class='ocrx_word' id='word_1_125' title='bbox 1550 1495 1637 1521; x_wconf 75' lang='lat' dir='ltr'>tanto</span> <span class='ocrx_word' id='word_1_126' title='bbox 1650 1493 1727 1522; x_wconf 80' lang='grc' dir='ltr'><strong><em>ιὶοηυ</em></strong></span> 
     </span>
     <span class='ocr_line' id='line_1_19' title="bbox 260 1531 1035 1572; baseline 0.003 -11"><span class='ocrx_word' id='word_1_127' title='bbox 260 1541 374 1561; x_wconf 87' lang='lat' dir='ltr'>memor</span> <span class='ocrx_word' id='word_1_128' title='bbox 389 1531 623 1569; x_wconf 69' lang='lat' dir='ltr'>custodisti-reu</span> <span class='ocrx_word' id='word_1_129' title='bbox 638 1533 774 1563; x_wconf 75' lang='lat' dir='ltr'>claustra</span> <span class='ocrx_word' id='word_1_130' title='bbox 787 1542 856 1562; x_wconf 79' lang='lat' dir='ltr'>sera</span> <span class='ocrx_word' id='word_1_131' title='bbox 871 1536 1035 1572; x_wconf 81' lang='lat' dir='ltr'>perpetua.</span> 
     </span>
    </p>
   </div>
   <div class='ocr_carea' id='block_1_9' title="bbox 872 1616 1107 1627">
    <p class='ocr_par' dir='ltr' id='par_1_9' title="bbox 872 1616 1107 1627">
     <span class='ocr_line' id='line_1_20' title="bbox 872 1616 1107 1627; baseline -0.004 0"><span class='ocrx_word' id='word_1_132' title='bbox 872 1616 1107 1627; x_wconf 59' lang='lat' dir='ltr'>ece-enuaeaeee</span> 
     </span>
    </p>
   </div>
   <div class='ocr_carea' id='block_1_10' title="bbox 301 1671 1524 1706">
    <p class='ocr_par' dir='ltr' id='par_1_10' title="bbox 301 1671 1524 1706">
     <span class='ocr_line' id='line_1_21' title="bbox 301 1671 1524 1706; baseline 0.002 -4"><span class='ocrx_word' id='word_1_133' title='bbox 301 1675 320 1702; x_wconf 75' lang='lat'>2</span> <span class='ocrx_word' id='word_1_134' title='bbox 344 1671 401 1703; x_wconf 87' lang='lat' dir='ltr'>Sic</span> <span class='ocrx_word' id='word_1_135' title='bbox 419 1672 496 1703; x_wconf 77' lang='lat' dir='ltr'>cod.</span> <span class='ocrx_word' id='word_1_136' title='bbox 511 1671 691 1704; x_wconf 85' lang='lat' dir='ltr'>Pulmann.</span> <span class='ocrx_word' id='word_1_137' title='bbox 717 1673 841 1703; x_wconf 80' lang='lat' dir='ltr'>Canuut</span> <span class='ocrx_word' id='word_1_138' title='bbox 859 1673 936 1704; x_wconf 85' lang='lat' dir='ltr'>edd.</span> <span class='ocrx_word' id='word_1_139' title='bbox 952 1676 1105 1704; x_wconf 70' lang='lat' dir='ltr'>vem—4</span> <span class='ocrx_word' id='word_1_140' title='bbox 1132 1674 1264 1704; x_wconf 79' lang='lat' dir='ltr'>Tenebat</span> <span class='ocrx_word' id='word_1_141' title='bbox 1283 1674 1359 1706; x_wconf 84' lang='lat' dir='ltr'>cod.</span> <span class='ocrx_word' id='word_1_142' title='bbox 1384 1674 1524 1704; x_wconf 59' lang='lat' dir='ltr'>Beverl.</span> 
     </span>
    </p>
   </div>
   <div class='ocr_carea' id='block_1_11' title="bbox 920 1765 1060 1796">
    <p class='ocr_par' dir='ltr' id='par_1_11' title="bbox 920 1765 1060 1796">
     <span class='ocr_line' id='line_1_22' title="bbox 920 1765 1060 1796; baseline 0 0"><span class='ocrx_word' id='word_1_143' title='bbox 920 1765 1060 1796; x_wconf 78' lang='lat' dir='ltr'>NOTAE</span> 
     </span>
    </p>
   </div>
   <div class='ocr_carea' id='block_1_12' title="bbox 250 1830 963 2679">
    <p class='ocr_par' dir='ltr' id='par_1_12' title="bbox 255 1830 963 1962">
     <span class='ocr_line' id='line_1_23' title="bbox 303 1830 962 1871; baseline 0.003 -11"><span class='ocrx_word' id='word_1_144' title='bbox 303 1833 317 1860; x_wconf 84' lang='lat'>1</span> <span class='ocrx_word' id='word_1_145' title='bbox 344 1830 517 1870; x_wconf 79' lang='lat' dir='ltr'>Annorum]</span> <span class='ocrx_word' id='word_1_146' title='bbox 573 1830 648 1861; x_wconf 86' lang='lat' dir='ltr'>Lib.</span> <span class='ocrx_word' id='word_1_147' title='bbox 682 1840 764 1864; x_wconf 82' lang='lat' dir='ltr'>vin.</span> <span class='ocrx_word' id='word_1_148' title='bbox 801 1831 902 1871; x_wconf 72' lang='lat' dir='ltr'>Epig.</span> <span class='ocrx_word' id='word_1_149' title='bbox 930 1834 962 1862; x_wconf 86' lang='lat'>2.</span> 
     </span>
     <span class='ocr_line' id='line_1_24' title="bbox 255 1881 963 1922; baseline -0.001 -10"><span class='ocrx_word' id='word_1_150' title='bbox 255 1882 264 1897; x_wconf 93' lang='lat'>‘</span> <span class='ocrx_word' id='word_1_151' title='bbox 280 1882 456 1912; x_wconf 73' lang='lat' dir='ltr'>Fastorum</span> <span class='ocrx_word' id='word_1_152' title='bbox 474 1882 619 1922; x_wconf 86' lang='lat' dir='ltr'>genitor,</span> <span class='ocrx_word' id='word_1_153' title='bbox 631 1891 820 1922; x_wconf 80' lang='lat' dir='ltr'>parensque</span> <span class='ocrx_word' id='word_1_154' title='bbox 832 1881 963 1921; x_wconf 83' lang='lat' dir='ltr'>Janus,’</span> 
     </span>
     <span class='ocr_line' id='line_1_25' title="bbox 257 1934 854 1962; baseline 0.002 0"><span class='ocrx_word' id='word_1_155' title='bbox 257 1934 322 1962; x_wconf 82' lang='lat' dir='ltr'>&amp;c.</span> <span class='ocrx_word' id='word_1_156' title='bbox 849 1935 854 1939; x_wconf 89' lang='grc'><strong>’</strong></span> 
     </span>
    </p>

    <p class='ocr_par' dir='ltr' id='par_1_13' title="bbox 255 1981 961 2164">
     <span class='ocr_line' id='line_1_26' title="bbox 298 1981 961 2023; baseline 0.003 -11"><span class='ocrx_word' id='word_1_157' title='bbox 298 1985 318 2013; x_wconf 85' lang='grc'>2</span> <span class='ocrx_word' id='word_1_158' title='bbox 344 1982 472 2012; x_wconf 82' lang='lat' dir='ltr'>Publica</span> <span class='ocrx_word' id='word_1_159' title='bbox 487 1982 588 2022; x_wconf 82' lang='lat' dir='ltr'>quem]</span> <span class='ocrx_word' id='word_1_160' title='bbox 623 1981 696 2012; x_wconf 88' lang='lat' dir='ltr'>Lib.</span> <span class='ocrx_word' id='word_1_161' title='bbox 713 1990 798 2012; x_wconf 81' lang='lat' dir='ltr'>vm.</span> <span class='ocrx_word' id='word_1_162' title='bbox 813 1982 914 2023; x_wconf 80' lang='lat' dir='ltr'>Epig.</span> <span class='ocrx_word' id='word_1_163' title='bbox 931 1985 961 2019; x_wconf 84' lang='grc'>8,</span> 
     </span>
     <span class='ocr_line' id='line_1_27' title="bbox 257 2031 959 2073; baseline 0.003 -11"><span class='ocrx_word' id='word_1_164' title='bbox 257 2033 325 2063; x_wconf 84' lang='lat' dir='ltr'>‘Te</span> <span class='ocrx_word' id='word_1_165' title='bbox 341 2033 486 2072; x_wconf 86' lang='lat' dir='ltr'>primum</span> <span class='ocrx_word' id='word_1_166' title='bbox 513 2033 568 2072; x_wconf 86' lang='lat' dir='ltr'>pia</span> <span class='ocrx_word' id='word_1_167' title='bbox 595 2032 693 2062; x_wconf 79' lang='lat' dir='ltr'>thura</span> <span class='ocrx_word' id='word_1_168' title='bbox 718 2031 866 2073; x_wconf 76' lang='lat' dir='ltr'>rogent‚&#39;</span> <span class='ocrx_word' id='word_1_169' title='bbox 895 2036 959 2064; x_wconf 63' lang='grc' dir='ltr'>δίο.</span> 
     </span>
     <span class='ocr_line' id='line_1_28' title="bbox 256 2082 958 2124; baseline 0.001 -11"><span class='ocrx_word' id='word_1_170' title='bbox 256 2083 348 2123; x_wconf 81' lang='lat' dir='ltr'>Lege</span> <span class='ocrx_word' id='word_1_171' title='bbox 371 2082 587 2114; x_wconf 84' lang='lat' dir='ltr'>Macrobium</span> <span class='ocrx_word' id='word_1_172' title='bbox 614 2083 670 2114; x_wconf 89' lang='lat' dir='ltr'>lib.</span> <span class='ocrx_word' id='word_1_173' title='bbox 688 2092 711 2114; x_wconf 88' lang='lat'>1.</span> <span class='ocrx_word' id='word_1_174' title='bbox 727 2083 862 2114; x_wconf 86' lang='lat' dir='ltr'>Satnrn.</span> <span class='ocrx_word' id='word_1_175' title='bbox 882 2094 958 2124; x_wconf 87' lang='lat' dir='ltr'>cap.</span> 
     </span>
     <span class='ocr_line' id='line_1_29' title="bbox 255 2137 285 2164; baseline 0.033 -1"><span class='ocrx_word' id='word_1_176' title='bbox 255 2137 285 2164; x_wconf 75' lang='lat'>9.</span> 
     </span>
    </p>

    <p class='ocr_par' dir='ltr' id='par_1_14' title="bbox 250 2184 960 2679">
     <span class='ocr_line' id='line_1_30' title="bbox 298 2184 959 2225; baseline 0.002 -10"><span class='ocrx_word' id='word_1_177' title='bbox 298 2187 317 2215; x_wconf 79' lang='lat'><strong>3</strong></span> <span class='ocrx_word' id='word_1_178' title='bbox 343 2184 491 2224; x_wconf 76' lang='lat' dir='ltr'>Pervius]</span> <span class='ocrx_word' id='word_1_179' title='bbox 523 2185 623 2221; x_wconf 82' lang='lat' dir='ltr'>Quia,</span> <span class='ocrx_word' id='word_1_180' title='bbox 638 2191 677 2216; x_wconf 84' lang='lat' dir='ltr'>nt</span> <span class='ocrx_word' id='word_1_181' title='bbox 692 2185 831 2225; x_wconf 82' lang='lat' dir='ltr'>collegit</span> <span class='ocrx_word' id='word_1_182' title='bbox 848 2185 959 2216; x_wconf 86' lang='lat' dir='ltr'>Rade-</span> 
     </span>
     <span class='ocr_line' id='line_1_31' title="bbox 253 2235 959 2276; baseline 0.003 -12"><span class='ocrx_word' id='word_1_183' title='bbox 253 2243 311 2264; x_wconf 83' lang='lat' dir='ltr'>rus</span> <span class='ocrx_word' id='word_1_184' title='bbox 329 2243 371 2264; x_wconf 88' lang='lat' dir='ltr'>ex</span> <span class='ocrx_word' id='word_1_185' title='bbox 396 2235 526 2273; x_wconf 84' lang='lat' dir='ltr'>Servio,</span> <span class='ocrx_word' id='word_1_186' title='bbox 541 2235 620 2267; x_wconf 84' lang='lat' dir='ltr'>Jani</span> <span class='ocrx_word' id='word_1_187' title='bbox 637 2236 798 2276; x_wconf 88' lang='lat' dir='ltr'>templum</span> <span class='ocrx_word' id='word_1_188' title='bbox 813 2241 959 2276; x_wconf 84' lang='lat' dir='ltr'>quatuor</span> 
     </span>
     <span class='ocr_line' id='line_1_32' title="bbox 254 2284 960 2325; baseline 0.003 -11"><span class='ocrx_word' id='word_1_189' title='bbox 254 2288 370 2324; x_wconf 81' lang='lat' dir='ltr'>portas</span> <span class='ocrx_word' id='word_1_190' title='bbox 387 2284 534 2315; x_wconf 82' lang='lat' dir='ltr'>habebat</span> <span class='ocrx_word' id='word_1_191' title='bbox 550 2285 584 2316; x_wconf 90' lang='lat' dir='ltr'>in</span> <span class='ocrx_word' id='word_1_192' title='bbox 606 2284 679 2316; x_wconf 85' lang='lat' dir='ltr'>foro</span> <span class='ocrx_word' id='word_1_193' title='bbox 702 2285 909 2325; x_wconf 76' lang='lat' dir='ltr'>transitorio,</span> <span class='ocrx_word' id='word_1_194' title='bbox 924 2290 960 2316; x_wconf 81' lang='lat' dir='ltr'>et</span> 
     </span>
     <span class='ocr_line' id='line_1_33' title="bbox 253 2335 959 2375; baseline 0 -9"><span class='ocrx_word' id='word_1_195' title='bbox 253 2335 334 2367; x_wconf 87' lang='lat' dir='ltr'>Jani</span> <span class='ocrx_word' id='word_1_196' title='bbox 372 2335 452 2365; x_wconf 86' lang='lat' dir='ltr'>olim</span> <span class='ocrx_word' id='word_1_197' title='bbox 495 2336 716 2367; x_wconf 79' lang='lat' dir='ltr'>transitiones</span> <span class='ocrx_word' id='word_1_198' title='bbox 730 2335 834 2367; x_wconf 83' lang='lat' dir='ltr'>dictae</span> <span class='ocrx_word' id='word_1_199' title='bbox 869 2341 959 2375; x_wconf 85' lang='lat' dir='ltr'>sunt,</span> 
     </span>
     <span class='ocr_line' id='line_1_34' title="bbox 253 2384 956 2426; baseline 0.001 -11"><span class='ocrx_word' id='word_1_200' title='bbox 253 2385 343 2426; x_wconf 85' lang='lat' dir='ltr'>quod</span> <span class='ocrx_word' id='word_1_201' title='bbox 361 2384 486 2425; x_wconf 80' lang='lat' dir='ltr'>passim</span> <span class='ocrx_word' id='word_1_202' title='bbox 514 2385 770 2416; x_wconf 82' lang='lat' dir='ltr'>transeuntibus</span> <span class='ocrx_word' id='word_1_203' title='bbox 787 2391 956 2426; x_wconf 80' lang='lat' dir='ltr'>paterent.</span> 
     </span>
     <span class='ocr_line' id='line_1_35' title="bbox 254 2436 956 2477; baseline 0 -10"><span class='ocrx_word' id='word_1_204' title='bbox 254 2436 342 2467; x_wconf 85' lang='lat' dir='ltr'>Vide</span> <span class='ocrx_word' id='word_1_205' title='bbox 366 2436 571 2466; x_wconf 87' lang='lat' dir='ltr'>Marlianum</span> <span class='ocrx_word' id='word_1_206' title='bbox 596 2436 653 2468; x_wconf 87' lang='lat' dir='ltr'>lib.</span> <span class='ocrx_word' id='word_1_207' title='bbox 683 2446 733 2468; x_wconf 81' lang='lat' dir='ltr'>lv.</span> <span class='ocrx_word' id='word_1_208' title='bbox 755 2446 830 2477; x_wconf 85' lang='lat' dir='ltr'>cap·</span> <span class='ocrx_word' id='word_1_209' title='bbox 849 2439 879 2467; x_wconf 86' lang='lat' dir='ltr'>S.</span> <span class='ocrx_word' id='word_1_210' title='bbox 903 2438 956 2469; x_wconf 92' lang='lat' dir='ltr'>Ci-</span> 
     </span>
     <span class='ocr_line' id='line_1_36' title="bbox 252 2486 954 2518; baseline 0 -1"><span class='ocrx_word' id='word_1_211' title='bbox 252 2486 402 2518; x_wconf 79' lang='lat' dir='ltr'>eei-olib.</span> <span class='ocrx_word' id='word_1_212' title='bbox 417 2495 457 2518; x_wconf 84' lang='lat'>11.</span> <span class='ocrx_word' id='word_1_213' title='bbox 483 2486 525 2517; x_wconf 88' lang='lat' dir='ltr'>de</span> <span class='ocrx_word' id='word_1_214' title='bbox 554 2487 686 2518; x_wconf 82' lang='lat' dir='ltr'>Natura</span> <span class='ocrx_word' id='word_1_215' title='bbox 711 2487 860 2517; x_wconf 84' lang='lat' dir='ltr'>Deorum</span> <span class='ocrx_word' id='word_1_216' title='bbox 886 2487 954 2518; x_wconf 84' lang='lat' dir='ltr'>ait:</span> 
     </span>
     <span class='ocr_line' id='line_1_37' title="bbox 250 2536 956 2578; baseline -0.001 -10"><span class='ocrx_word' id='word_1_217' title='bbox 250 2538 259 2554; x_wconf 79' lang='lat'>⁴</span> <span class='ocrx_word' id='word_1_218' title='bbox 278 2537 433 2578; x_wconf 86' lang='lat' dir='ltr'>Cumque</span> <span class='ocrx_word' id='word_1_219' title='bbox 462 2537 495 2566; x_wconf 90' lang='lat' dir='ltr'>in</span> <span class='ocrx_word' id='word_1_220' title='bbox 520 2536 674 2567; x_wconf 74' lang='lat' dir='ltr'>omnibus</span> <span class='ocrx_word' id='word_1_221' title='bbox 700 2536 801 2567; x_wconf 82' lang='lat' dir='ltr'>rebus</span> <span class='ocrx_word' id='word_1_222' title='bbox 818 2536 884 2567; x_wconf 81' lang='lat' dir='ltr'>vini</span> <span class='ocrx_word' id='word_1_223' title='bbox 901 2538 956 2567; x_wconf 86' lang='lat' dir='ltr'>ha-</span> 
     </span>
     <span class='ocr_line' id='line_1_38' title="bbox 252 2587 957 2626; baseline -0.001 -8"><span class='ocrx_word' id='word_1_224' title='bbox 252 2587 373 2618; x_wconf 81' lang='lat' dir='ltr'>berent</span> <span class='ocrx_word' id='word_1_225' title='bbox 396 2589 574 2617; x_wconf 84' lang='lat' dir='ltr'>maximam</span> <span class='ocrx_word' id='word_1_226' title='bbox 602 2587 708 2626; x_wconf 85' lang='lat' dir='ltr'>prima</span> <span class='ocrx_word' id='word_1_227' title='bbox 733 2592 768 2617; x_wconf 86' lang='lat' dir='ltr'>et</span> <span class='ocrx_word' id='word_1_228' title='bbox 790 2591 957 2622; x_wconf 81' lang='lat' dir='ltr'>extrema,</span> 
     </span>
     <span class='ocr_line' id='line_1_39' title="bbox 251 2637 957 2679; baseline 0.003 -11"><span class='ocrx_word' id='word_1_229' title='bbox 251 2638 440 2679; x_wconf 81' lang='lat' dir='ltr'>principem</span> <span class='ocrx_word' id='word_1_230' title='bbox 458 2638 491 2668; x_wconf 92' lang='lat' dir='ltr'>in</span> <span class='ocrx_word' id='word_1_231' title='bbox 507 2637 728 2669; x_wconf 76' lang='lat' dir='ltr'>sacrificando</span> <span class='ocrx_word' id='word_1_232' title='bbox 740 2638 864 2671; x_wconf 87' lang='lat' dir='ltr'>Janum</span> <span class='ocrx_word' id='word_1_233' title='bbox 881 2648 957 2670; x_wconf 79' lang='lat' dir='ltr'>esse</span> 
     </span>
    </p>
   </div>
   <div class='ocr_carea' id='block_1_13' title="bbox 1015 1831 1724 2174">
    <p class='ocr_par' dir='ltr' id='par_1_15' title="bbox 1016 1831 1724 2015">
     <span class='ocr_line' id='line_1_40' title="bbox 1020 1831 1724 1872; baseline 0.003 -11"><span class='ocrx_word' id='word_1_234' title='bbox 1020 1832 1214 1869; x_wconf 76' lang='lat' dir='ltr'>voluerunt,</span> <span class='ocrx_word' id='word_1_235' title='bbox 1229 1832 1316 1872; x_wconf 77' lang='lat' dir='ltr'>quod</span> <span class='ocrx_word' id='word_1_236' title='bbox 1345 1831 1387 1862; x_wconf 82' lang='lat' dir='ltr'>ab</span> <span class='ocrx_word' id='word_1_237' title='bbox 1405 1831 1516 1861; x_wconf 76' lang='lat' dir='ltr'>eundo</span> <span class='ocrx_word' id='word_1_238' title='bbox 1533 1841 1655 1862; x_wconf 78' lang='lat' dir='ltr'>nomen</span> <span class='ocrx_word' id='word_1_239' title='bbox 1672 1838 1724 1863; x_wconf 81' lang='lat' dir='ltr'>est</span> 
     </span>
     <span class='ocr_line' id='line_1_41' title="bbox 1018 1881 1723 1922; baseline 0.001 -10"><span class='ocrx_word' id='word_1_240' title='bbox 1018 1882 1175 1913; x_wconf 83' lang='lat' dir='ltr'>ductum:</span> <span class='ocrx_word' id='word_1_241' title='bbox 1212 1893 1252 1912; x_wconf 75' lang='lat' dir='ltr'>ex</span> <span class='ocrx_word' id='word_1_242' title='bbox 1272 1892 1336 1922; x_wconf 79' lang='lat' dir='ltr'>qno</span> <span class='ocrx_word' id='word_1_243' title='bbox 1364 1881 1580 1912; x_wconf 72' lang='lat' dir='ltr'>transitiones</span> <span class='ocrx_word' id='word_1_244' title='bbox 1598 1883 1723 1921; x_wconf 80' lang='lat' dir='ltr'>perviae</span> 
     </span>
     <span class='ocr_line' id='line_1_42' title="bbox 1016 1931 1723 1972; baseline -0.001 -9"><span class='ocrx_word' id='word_1_245' title='bbox 1016 1932 1109 1966; x_wconf 69' lang='lat' dir='ltr'>Jani,</span> <span class='ocrx_word' id='word_1_246' title='bbox 1126 1932 1282 1972; x_wconf 64' lang='lat' dir='ltr'>foresque</span> <span class='ocrx_word' id='word_1_247' title='bbox 1309 1933 1339 1962; x_wconf 88' lang='lat' dir='ltr'>in</span> <span class='ocrx_word' id='word_1_248' title='bbox 1370 1931 1541 1962; x_wconf 87' lang='lat' dir='ltr'>liminibus</span> <span class='ocrx_word' id='word_1_249' title='bbox 1569 1932 1723 1971; x_wconf 74' lang='lat' dir='ltr'>profana·</span> 
     </span>
     <span class='ocr_line' id='line_1_43' title="bbox 1016 1982 1622 2015; baseline -0.003 -2"><span class='ocrx_word' id='word_1_250' title='bbox 1016 1992 1089 2013; x_wconf 90' lang='lat' dir='ltr'>rum</span> <span class='ocrx_word' id='word_1_251' title='bbox 1105 1983 1226 2013; x_wconf 68' lang='lat' dir='ltr'>aetlinm</span> <span class='ocrx_word' id='word_1_252' title='bbox 1243 1983 1363 2015; x_wconf 78' lang='lat' dir='ltr'>Jannae</span> <span class='ocrx_word' id='word_1_253' title='bbox 1382 1982 1622 2012; x_wconf 55' lang='lat' dir='ltr'>nominantur?</span> 
     </span>
    </p>

    <p class='ocr_par' dir='ltr' id='par_1_16' title="bbox 1015 2032 1722 2174">
     <span class='ocr_line' id='line_1_44' title="bbox 1058 2032 1721 2072; baseline 0.002 -9"><span class='ocrx_word' id='word_1_254' title='bbox 1058 2037 1075 2063; x_wconf 84' lang='lat'><strong><em>5</em></strong></span> <span class='ocrx_word' id='word_1_255' title='bbox 1104 2034 1197 2064; x_wconf 77' lang='lat' dir='ltr'>Nunc</span> <span class='ocrx_word' id='word_1_256' title='bbox 1211 2037 1264 2063; x_wconf 78' lang='grc' dir='ltr'>ιίιιι</span> <span class='ocrx_word' id='word_1_257' title='bbox 1283 2033 1450 2072; x_wconf 74' lang='lat' dir='ltr'>Caesurez&#39;s]</span> <span class='ocrx_word' id='word_1_258' title='bbox 1476 2032 1610 2072; x_wconf 69' lang='lat' dir='ltr'>Nempe</span> <span class='ocrx_word' id='word_1_259' title='bbox 1624 2033 1721 2064; x_wconf 85' lang='lat' dir='ltr'>donis</span> 
     </span>
     <span class='ocr_line' id='line_1_45' title="bbox 1015 2083 1721 2122; baseline 0.001 -9"><span class='ocrx_word' id='word_1_260' title='bbox 1015 2083 1204 2114; x_wconf 82' lang='lat' dir='ltr'>Domitiani</span> <span class='ocrx_word' id='word_1_261' title='bbox 1229 2089 1261 2114; x_wconf 86' lang='lat' dir='ltr'>et</span> <span class='ocrx_word' id='word_1_262' title='bbox 1280 2085 1427 2114; x_wconf 72' lang='lat' dir='ltr'>Nerv-ae:</span> <span class='ocrx_word' id='word_1_263' title='bbox 1453 2083 1614 2122; x_wconf 75' lang='lat' dir='ltr'>templum</span> <span class='ocrx_word' id='word_1_264' title='bbox 1634 2084 1721 2114; x_wconf 75' lang='lat' dir='ltr'>enirn</span> 
     </span>
     <span class='ocr_line' id='line_1_46' title="bbox 1015 2132 1722 2174; baseline 0 -10"><span class='ocrx_word' id='word_1_265' title='bbox 1015 2134 1190 2165; x_wconf 84' lang='lat' dir='ltr'>inchoavit</span> <span class='ocrx_word' id='word_1_266' title='bbox 1229 2134 1456 2171; x_wconf 77' lang='lat' dir='ltr'>Domitianus,</span> <span class='ocrx_word' id='word_1_267' title='bbox 1493 2132 1582 2174; x_wconf 79' lang='lat' dir='ltr'>qnod</span> <span class='ocrx_word' id='word_1_268' title='bbox 1605 2133 1722 2164; x_wconf 83' lang='lat' dir='ltr'>Nerva</span> 
     </span>
    </p>
   </div>
   <div class='ocr_carea' id='block_1_14' title="bbox 1015 2184 1719 2275">
    <p class='ocr_par' dir='ltr' id='par_1_17' title="bbox 1015 2184 1719 2275">
     <span class='ocr_line' id='line_1_47' title="bbox 1015 2184 1175 2215; baseline 0.006 -1"><span class='ocrx_word' id='word_1_269' title='bbox 1015 2184 1175 2215; x_wconf 80' lang='lat' dir='ltr'>absolvit.</span> 
     </span>
     <span class='ocr_line' id='line_1_48' title="bbox 1056 2233 1719 2275; baseline 0.002 -10"><span class='ocrx_word' id='word_1_270' title='bbox 1056 2237 1076 2265; x_wconf 80' lang='lat'>6</span> <span class='ocrx_word' id='word_1_271' title='bbox 1102 2235 1146 2264; x_wconf 82' lang='lat' dir='ltr'>Et</span> <span class='ocrx_word' id='word_1_272' title='bbox 1164 2233 1241 2272; x_wconf 78' lang='lat' dir='ltr'>fora</span> <span class='ocrx_word' id='word_1_273' title='bbox 1268 2235 1329 2275; x_wconf 81' lang='lat' dir='ltr'>tot]</span> <span class='ocrx_word' id='word_1_274' title='bbox 1365 2234 1416 2264; x_wconf 89' lang='lat' dir='ltr'>De</span> <span class='ocrx_word' id='word_1_275' title='bbox 1443 2233 1613 2264; x_wconf 79' lang='lat' dir='ltr'>frontibus</span> <span class='ocrx_word' id='word_1_276' title='bbox 1639 2235 1719 2266; x_wconf 80' lang='lat' dir='ltr'>Jani</span> 
     </span>
    </p>
   </div>
   <div class='ocr_carea' id='block_1_15' title="bbox 1013 2283 1720 2375">
    <p class='ocr_par' dir='ltr' id='par_1_18' title="bbox 1013 2283 1720 2375">
     <span class='ocr_line' id='line_1_49' title="bbox 1013 2283 1719 2323; baseline 0 -8"><span class='ocrx_word' id='word_1_277' title='bbox 1013 2284 1158 2315; x_wconf 80' lang='lat' dir='ltr'>diximus</span> <span class='ocrx_word' id='word_1_278' title='bbox 1174 2284 1233 2315; x_wconf 91' lang='lat' dir='ltr'>lib.</span> <span class='ocrx_word' id='word_1_279' title='bbox 1252 2293 1334 2315; x_wconf 83' lang='lat' dir='ltr'>vm.</span> <span class='ocrx_word' id='word_1_280' title='bbox 1362 2283 1460 2323; x_wconf 71' lang='lat' dir='ltr'>Epig.</span> <span class='ocrx_word' id='word_1_281' title='bbox 1477 2285 1510 2313; x_wconf 82' lang='lat'>2.</span> <span class='ocrx_word' id='word_1_282' title='bbox 1557 2284 1610 2314; x_wconf 90' lang='lat' dir='ltr'>De</span> <span class='ocrx_word' id='word_1_283' title='bbox 1638 2283 1719 2315; x_wconf 77' lang='lat' dir='ltr'>foi-is</span> 
     </span>
     <span class='ocr_line' id='line_1_50' title="bbox 1013 2332 1720 2375; baseline 0.003 -11"><span class='ocrx_word' id='word_1_284' title='bbox 1013 2333 1087 2365; x_wconf 86' lang='lat' dir='ltr'>fuse</span> <span class='ocrx_word' id='word_1_285' title='bbox 1104 2335 1174 2375; x_wconf 80' lang='lat' dir='ltr'>agit</span> <span class='ocrx_word' id='word_1_286' title='bbox 1198 2335 1334 2375; x_wconf 86' lang='lat' dir='ltr'>Lipsius</span> <span class='ocrx_word' id='word_1_287' title='bbox 1358 2334 1390 2364; x_wconf 87' lang='lat' dir='ltr'>in</span> <span class='ocrx_word' id='word_1_288' title='bbox 1419 2332 1636 2364; x_wconf 74' lang='lat' dir='ltr'>Admirandis</span> <span class='ocrx_word' id='word_1_289' title='bbox 1661 2335 1720 2366; x_wconf 88' lang='lat' dir='ltr'>lib.</span> 
     </span>
    </p>
   </div>
   <div class='ocr_carea' id='block_1_16' title="bbox 1012 2388 1717 2628">
    <p class='ocr_par' dir='ltr' id='par_1_19' title="bbox 1014 2388 1213 2425">
     <span class='ocr_line' id='line_1_51' title="bbox 1014 2388 1213 2425; baseline 0 -10"><span class='ocrx_word' id='word_1_290' title='bbox 1014 2394 1070 2416; x_wconf 77' lang='grc' dir='ltr'>ιιι.</span> <span class='ocrx_word' id='word_1_291' title='bbox 1089 2395 1164 2425; x_wconf 85' lang='lat' dir='ltr'>cap.</span> <span class='ocrx_word' id='word_1_292' title='bbox 1183 2388 1213 2416; x_wconf 82' lang='grc'>7.</span> 
     </span>
    </p>

    <p class='ocr_par' dir='ltr' id='par_1_20' title="bbox 1012 2435 1717 2628">
     <span class='ocr_line' id='line_1_52' title="bbox 1055 2435 1717 2476; baseline 0 -10"><span class='ocrx_word' id='word_1_293' title='bbox 1055 2438 1074 2466; x_wconf 85' lang='grc'>8</span> <span class='ocrx_word' id='word_1_294' title='bbox 1100 2437 1217 2467; x_wconf 72' lang='lat' dir='ltr'>Ferrea</span> <span class='ocrx_word' id='word_1_295' title='bbox 1232 2435 1397 2476; x_wconf 78' lang='lat' dir='ltr'>perpetuu]</span> <span class='ocrx_word' id='word_1_296' title='bbox 1434 2435 1508 2466; x_wconf 89' lang='lat' dir='ltr'>Hoc</span> <span class='ocrx_word' id='word_1_297' title='bbox 1527 2440 1593 2473; x_wconf 69' lang='lat' dir='ltr'>est,</span> <span class='ocrx_word' id='word_1_298' title='bbox 1620 2436 1717 2466; x_wconf 76' lang='lat' dir='ltr'>nobis</span> 
     </span>
     <span class='ocr_line' id='line_1_53' title="bbox 1012 2485 1715 2526; baseline 0.001 -10"><span class='ocrx_word' id='word_1_299' title='bbox 1012 2487 1154 2517; x_wconf 82' lang='lat' dir='ltr'>concilia</span> <span class='ocrx_word' id='word_1_300' title='bbox 1172 2495 1289 2526; x_wconf 76' lang='lat' dir='ltr'>pacem</span> <span class='ocrx_word' id='word_1_301' title='bbox 1312 2491 1485 2516; x_wconf 66' lang='lat' dir='ltr'>veternam.</span> <span class='ocrx_word' id='word_1_302' title='bbox 1531 2485 1610 2517; x_wconf 80' lang='lat' dir='ltr'>Jani</span> <span class='ocrx_word' id='word_1_303' title='bbox 1627 2486 1715 2517; x_wconf 85' lang='lat' dir='ltr'>enim</span> 
     </span>
     <span class='ocr_line' id='line_1_54' title="bbox 1012 2537 1716 2580; baseline 0.003 -12"><span class='ocrx_word' id='word_1_304' title='bbox 1012 2539 1175 2578; x_wconf 84' lang='lat' dir='ltr'>templum</span> <span class='ocrx_word' id='word_1_305' title='bbox 1194 2544 1347 2578; x_wconf 80' lang='lat' dir='ltr'>tempore</span> <span class='ocrx_word' id='word_1_306' title='bbox 1376 2537 1453 2568; x_wconf 76' lang='lat' dir='ltr'>belli</span> <span class='ocrx_word' id='word_1_307' title='bbox 1471 2542 1641 2579; x_wconf 79' lang='lat' dir='ltr'>apertum,</span> <span class='ocrx_word' id='word_1_308' title='bbox 1657 2549 1716 2580; x_wconf 79' lang='lat' dir='ltr'>pa·</span> 
     </span>
     <span class='ocr_line' id='line_1_55' title="bbox 1012 2587 1489 2628; baseline 0 -8"><span class='ocrx_word' id='word_1_309' title='bbox 1012 2589 1058 2620; x_wconf 75' lang='lat' dir='ltr'>cis</span> <span class='ocrx_word' id='word_1_310' title='bbox 1077 2594 1231 2628; x_wconf 75' lang='lat' dir='ltr'>tempore</span> <span class='ocrx_word' id='word_1_311' title='bbox 1249 2589 1397 2619; x_wconf 85' lang='lat' dir='ltr'>clausum</span> <span class='ocrx_word' id='word_1_312' title='bbox 1414 2587 1489 2620; x_wconf 80' lang='lat' dir='ltr'>fuit.</span> 
     </span>
    </p>
   </div>
  </div>
 </body>
</html>
