1893 3225
240 243 325 283 77⁵2

723 254 769 282 M.
806 254 862 282 VA
875 254 914 282 L.
949 254 978 281 M
990 254 1016 283 A
1029 254 1105 283 R'rt
1118 254 1225 282 Ahls

849 357 1080 400 LXVIII.

812 448 863 477 1N
902 447 1120 477 LAELIAM.

240 514 351 556 CUM
374 514 455 555 tibi
473 526 561 554 non
581 513 801 568 Ephesos,
822 528 903 556 nec
924 515 981 556 sit
1000 514 1202 564 Rhodos,
1229 517 1308 555 aut
1329 512 1564 566 Mitylene,

296 581 384 623 Sed
405 582 561 623 domus
582 583 626 623 in
655 584 772 633 vico,
796 583 951 633 Laelia,
971 583 1182 637 patrici03

240 650 396 703 Deque
417 650 631 691 coloratis
652 663 874 704 nunquam
896 651 977 692 lita
997 656 1132 692 mater
1155 648 1377 698 Etruscis,

297 718 448 758 Durus
469 716 652 759 Aricina
674 718 727 759 de
748 718 925 771 regione
945 721 1093 771 pater3

241 787 324 835 Ζωὴ
347 785 410 825 καὶ
431 786 539 839 ψυχὴ
561 786 776 827 lascivum
798 787 999 838 congeris
1021 798 1179 839 usque,

1665 783 1692 823 Οἵ

296 853 384 894 Pro
405 853 570 907 pudor!
604 853 819 894 Hersiliae
841 853 969 902 civis,
989 856 1031 893 et
1052 852 1237 905 Egeriae.

237 920 453 962 Lectulus
473 920 554 962 has
574 934 724 970 voces,
746 934 825 961 nec
847 921 1034 961 lectulus
1056 920 1208 961 audiat
1228 919 1372 960 omnis
1391 932 1401 971 ;

296 987 383 1028 Sed
408 1001 540 1042 quem
560 989 730 1029 lascivo
756 989 912 1029 stravit
931 989 1076 1029 amica
1096 989 1204 1029 viro.

236 1053 360 1096 Scire
383 1057 513 1109 cupis
534 1069 622 1110 quo
644 1060 769 1097 casta
787 1056 919 1097 modo
942 1061 1140 1097 matrona
1160 1056 1377 1110 loquaris:

294 1123 523 1177 Numquid
548 1137 650 1164 cum
674 1125 855 1174 crissas,
874 1125 1077 1166 blandior
1099 1137 1199 1165 esse
1223 1124 1388 1178 potes?

1639 1121 1693 1161 10

234 1190 305 1230 Tu
326 1191 430 1232 licet
451 1192 627 1233 ediscas
648 1196 804 1242 totam,
826 1193 1081 1246 referasque
1104 1191 1364 1240 Corinthon,

292 1258 337 1299 N
340 1271 395 1299 on
417 1263 562 1300 tamen
581 1260 774 1310 omnino,
798 1260 953 1309 Laelia,
979 1260 1086 1301 Lais
1105 1260 1205 1300 eris.

846 1346 961 1358 ιιιιιι

967 1347 1082 1358 eeeeee

275 1393 293 1420 5
319 1389 512 1422 Gronovius
530 1401 570 1421 ex
586 1392 756 1422 Thnanaeo
774 1391 849 1422 cod.
863 1392 995 1432 colligit
1011 1392 1209 1423 Martialem
1226 1390 1402 1431 scripsisse
1431 1388 1522 1429 Κύριέ
1538 1401 1605 1427 μου,
1620 1387 1691 1427 μέλι

231 1432 396 1472 μου,ψυχή
419 1446 477 1470 μου
499 1435 641 1473 congeris
665 1438 859 1474 usqua—12
884 1435 924 1465 In
940 1435 1018 1466 edd.
1043 1439 1130 1466 vett.
1160 1435 1272 1466 Tlm'z's:
1296 1434 1354 1464 sed
1371 1434 1539 1464 Gruterus
1556 1432 1691 1473 legend.

231 1481 350 1507 censet
366 1476 456 1516 La'z's,
470 1477 558 1517 quod
575 1477 697 1517 probat
712 1477 852 1509 Schrev.

889 1530 1029 1561 NOTAE

276 1584 292 1613 1
320 1582 399 1612 Cum
425 1582 497 1622 tibi,
523 1584 590 1624 Syru]
615 1583 699 1614 Cum
726 1593 792 1614 non
816 1584 859 1614 sis
888 1594 929 1614 ex

229 1632 344 1673 aliqua
360 1633 471 1663 insula
498 1634 549 1664 vel
571 1638 668 1674 parte
692 1634 838 1666 Graeciae
865 1635 930 1665 ori-

231 1682 334 1721 unda,
351 1682 411 1713 sed
440 1683 553 1714 inedia
581 1689 661 1714 nata
678 1685 796 1715 Roma.
842 1685 931 1716 Vide

230 1732 302 1765 Sat.
320 1742 369 1763 Vl.
406 1733 582 1764 ,luvenalis
598 1744 617 1764 a
633 1743 732 1764 versu
751 1737 824 1765 186.
841 1734 931 1765 unde

229 1783 308 1815 huic
322 1783 380 1814 lux
394 1789 426 1815 et
439 1783 592 1814 fortassis
611 1784 794 1824 ingenium.

272 1836 291 1864 3
318 1834 427 1873 Deque
464 1834 622 1872 coloratis,
658 1834 726 1874 δη]
750 1835 795 1864 Et
824 1839 935 1865 mater

230 1886 288 1914 tua
305 1893 346 1914 ex
364 1884 515 1922 Etruria,
531 1893 700 1924 nunqnam
723 1883 851 1924 fucata,
868 1886 933 1915 imo

229 1934 300 1964 sole
331 1932 508 1964 offuscata.
556 1934 724 1973 Nunquam
754 1934 826 1974 lita]
858 1935 931 1965 Liui

230 1989 343 2016 antem
359 1984 461 2014 moris
479 1988 553 2014 erat
575 1985 658 2014 istos
683 1984 861 2024 delicatos,
877 1986 931 2016 vel

230 2036 271 2067 ad
301 2034 481 2066 candorem
501 2036 711 2076 nitoremque
737 2037 825 2067 cutis
853 2046 931 2067 con-

229 2087 426 2125 ciliandum,
441 2087 494 2117 vel
511 2097 551 2118 ne
569 2087 636 2118 cito
655 2087 788 2118 barbati
803 2094 928 2120 essent.

229 2140 238 2155 ‘
255 2138 442 2169 Coloratos'
483 2146 561 2168 vero
600 2138 609 2154 ‘
625 2137 797 2169 Etruscos'
830 2143 931 2170 vocat

227 2186 462 2227 ἠλιοκαὺστους,
486 2191 522 2218 et
545 2188 720 2218 mulierem
758 2198 929 2230 nunquam

227 2238 337 2278 litam,
382 2248 459 2279 quae
506 2237 629 2270 faciem
675 2238 932 2270 medicamentis

227 2297 395 2329 nunquam
412 2288 596 2327 induxerit,
609 2288 651 2319 ad
669 2289 849 2320 candorem
863 2299 933 2320 ser-

227 2339 375 2370 vandum
398 2343 433 2369 et
459 2339 561 2370 solem
579 2340 648 2370 cuti
666 2338 931 2377 defendendum,

228 2398 271 2419 ne
308 2389 529 2420 coloraretur.
587 2389 792 2429 Hujusmodi
816 2396 930 2421 autem

227 2439 465 2478 medicamina,
483 2450 558 2480 qnae
573 2440 847 2480 praestabant,ne
860 2442 931 2472 sole

227 2490 336 2521 facies
361 2490 558 2530 laederetur,
573 2490 670 2530 θερινὰ
698 2492 931 2531 προφυλακτικὰ

227 2539 395 2580 προσώπων
407 2540 704 2582 vocabant,eaqne
715 2543 826 2573 onmia
833 2547 931 2574 erant

229 2591 403 2631 ἐπίχριστα.
428 2592 624 2623 Salmasius.

271 2648 290 2676 4
308 2646 450 2681 Aricina,
466 2646 536 2685 νέξ-0.]
560 2646 674 2677 Aricia
692 2646 854 2687 oppidum
868 2648 928 2677 La-

227 2697 279 2733 tii,
295 2695 336 2726 ad
351 2696 447 2736 cnjus
459 2697 580 2727 clivum
595 2697 761 2728 sedebant
775 2697 930 2728 mendici.

272 2751 289 2777 5
308 2745 374 2783 Ζωὴ
383 2746 433 2776 καὶ
450 2746 546 2786 ψυχὴ,
563 2748 630 2788 ζα]
646 2748 733 2778 Vide
753 2758 841 2778 vers„
855 2751 927 2778 195.

230 2798 302 2828 Sat.
330 2806 376 2828 v1.
401 2797 524 2829 Juven.
542 2801 577 2828 et
593 2807 667 2838 quae
692 2807 752 2828 nos
764 2797 805 2827 ad
822 2797 927 2828 illum.

984 1583 1175 1614 Gronovius
1192 1583 1290 1614 valde
1308 1583 1440 1614 extollit
1461 1581 1620 1612 Tlmanaei
1639 1591 1693 1611 eo-

982 1634 1065 1665 (licis
1081 1634 1329 1675 praestantiam,
1348 1639 1383 1664 et
1399 1633 1599 1673 scriptorem
1618 1631 1693 1671 ejus

984 1683 1118 1716 fidelem
1144 1685 1291 1722 asserit;
1321 1688 1359 1714 nt
1382 1693 1457 1724 quae
1475 1692 1539 1712 non
1557 1691 1692 1712 assecu-

987 1741 1040 1765 tus
1067 1733 1183 1773 fuerit,
1208 1735 1397 1766 imitatione
1423 1739 1535 1764 tamen
1553 1734 1691 1764 charac-

988 1789 1096 1815 terum
1136 1785 1365 1825 expresserit;
1401 1789 1436 1815 et
1467 1793 1543 1814 curn
1575 1790 1691 1813 cetera

987 1835 1125 1865 minutis
1156 1835 1264 1865 literis
1303 1839 1444 1865 exarata
1482 1835 1562 1872 sint,
1599 1833 1688 1863 hunc

989 1894 1090 1915 unum
1108 1895 1240 1915 versum
1258 1885 1449 1926 majusculis
1461 1884 1686 1925 expresserit:

988 1943 1102 1966 KURtE
1126 1945 1179 1966 MU
1205 1944 1292 1966 MELr
1318 1945 1371 1966 MU
1395 1944 1487 1966 pstor
1522 1944 1573 1965 mc
1606 1942 1690 1965 con-

1209 1995 1313 2017 GEms
1338 1994 1461 2019 USQUE.

987 2036 1079 2067 Hinc
1112 2036 1241 2075 colligit
1273 2037 1468 2067 Martialem
1498 2035 1688 2074 scripsisse,

987 2086 1080 2127 Κύριέ
1097 2100 1167 2126 μου,
1181 2086 1251 2126 μέλι
1277 2100 1344 2126 μου,
1358 2086 1443 2127 ψυχή
1458 2098 1527 2125 μου,
1549 2085 1690 2125 congeris

983 2138 1099 2178 usque)
1144 2139 1309 2178 Agnoscis
1333 2138 1422 2169 enim
1451 2136 1613 2167 amatoria
1632 2145 1688 2165 vo·

985 2188 1107 2220 cabula
1124 2190 1259 2220 Graecis
1281 2195 1316 2221 et
1330 2188 1461 2220 Latinis
1487 2189 1569 2219 satis
1594 2187 1688 2218 fami-

983 2239 1090 2272 liaria.

1029 2292 1050 2320 6
1074 2290 1225 2320 Hersiliae
1253 2290 1342 2329 civis,
1364 2288 1431 2329 iynx]
1454 2289 1507 2319 Tu
1525 2288 1687 2318 Romana.

988 2338 1140 2370 Hersilia
1163 2344 1276 2370 autem
1309 2340 1454 2370 Romulo
1480 2339 1584 2369 cessit
1608 2348 1686 2369 con-

980 2388 1045 2428 jux
1062 2399 1079 2419 e
1105 2388 1239 2420 Sabinis
1263 2389 1369 2429 raptis
1393 2399 1469 2421 una.
1514 2390 1569 2420 De
1593 2389 1687 2428 AEge-

986 2440 1034 2469 ria
1054 2449 1156 2479 supra
1173 2440 1272 2480 Epig.
1288 2443 1341 2471 35.
1359 2449 1448 2470 vers.
1464 2442 1515 2470 13.

1029 2492 1068 2520 10
1094 2489 1227 2530 Crissas,
1248 2490 1318 2530 Syru]
1342 2488 1508 2531 Κιγκλίζῃ,
1536 2488 1624 2530 qnod
1651 2488 1684 2519 in

985 2541 1134 2571 maribus
1152 2544 1160 2558 ‘
1179 2542 1312 2573 cevere'
1330 2542 1470 2573 dicitur.

1030 2594 1065 2622 ll
1099 2592 1283 2632 Corinthon]
1314 2592 1478 2632 Linguam
1503 2591 1682 2623 Graecam:

985 2644 1037 2674 vel
1055 2644 1159 2683 magis
1187 2644 1325 2684 proprie
1350 2644 1531 2675 blanditias
1555 2648 1591 2674 et
1618 2651 1685 2672 ser-

984 2704 1097 2724 mones
1111 2704 1255 2735 nequam
1273 2694 1438 2733 Corinthi,
1452 2693 1539 2724 unde
1559 2694 1647 2724 Lais.

1028 2748 1067 2776 12
1094 2746 1166 2775 Non
1193 2749 1295 2776 tumen
1334 2746 1467 2783 omnino,
1495 2743 1564 2783 effa]
1588 2744 1683 2774 Nun·

985 2806 1081 2838 quam
1115 2801 1226 2827 tamen
1256 2806 1297 2827 ex
1325 2794 1466 2828 deformi
1498 2799 1533 2826 et
1557 2795 1682 2825 blanda
