1893 3225
548 196 955 230 anRAMMArUM
991 198 1085 229 mn.
1117 199 1169 230 x.
1496 189 1585 231 765

131 296 257 337 Dura
275 295 518 338 suburbani
534 295 639 337 dum
651 295 805 350 jugera
823 293 1053 348 pascimus
1073 294 1182 347 agri,

186 363 457 418 Vicinosque
480 364 576 413 tibi,
591 366 742 404 sancte
764 362 961 413 Quirine,
983 362 1135 403 Lares.
1529 362 1586 404 10

133 430 222 471 Sed
239 444 330 472 non
352 432 473 472 solus
493 433 626 480 amat,
645 430 720 483 qui
740 434 869 471 nocte
891 429 1052 483 dieque
1074 429 1325 482 frequentat

189 498 389 549 Limina3
420 512 501 539 nec
524 502 669 539 vatem
689 497 795 538 talia
816 497 979 539 damna
999 498 1169 538 decent.

133 565 220 606 Per
240 565 494 607 veneranda
512 564 619 606 mihi
642 564 869 605 Musarum
893 578 1035 615 sacra,
1057 577 1134 618 per
1153 575 1302 604 omnes

188 631 219 672 J
224 645 301 672 uro
321 633 456 681 Deos,
477 635 521 672 et
538 645 625 672 non
644 630 869 672 officiosus
891 644 1004 672 amo.

132 740 167 770 in
181 740 282 771 sterili
295 740 396 770 labore
409 749 419 775 ,·
441 740 514 770 dum
535 738 661 770 colimus
675 739 757 769 sicca
764 738 880 778 jugera
894 738 966 777 agri
987 737 1166 776 suburbani,
1177 741 1269 777 atque
1291 739 1372 768 oedes
1387 737 1504 769 vicinas
1519 737 1590 774 tibi,

136 792 157 813 o
171 787 275 813 sancte
289 782 432 817 Quirine.
477 781 538 812 Sed
554 792 611 812 non
633 782 688 812 ille
703 783 782 812 solus
796 785 891 821 amat,
917 782 970 822 qui
985 781 1061 812 terit
1079 781 1187 811 limina
1201 781 1252 811 die
1267 784 1297 812 et
1313 784 1402 811 nocte
1413 792 1423 811 :
1445 782 1524 811 talia
1542 782 1592 811 in-

136 827 292 855 commoda
305 835 363 855 non
375 824 556 855 conveniunt
571 824 682 864 poie'tae.
724 826 805 855 duro
825 834 882 865 per
897 834 985 856 sacra
1001 824 1167 855 Musarum
1182 824 1260 854 mihi
1280 824 1468 863 veneranda,
1481 827 1511 854 et
1529 832 1592 863 per

139 869 225 899 Deos
240 877 353 907 omnes,
368 877 434 897 αηιο
450 868 520 898 licet
534 877 594 897 non
606 867 808 907 obsequiosus.

800 952 828 983 N
837 951 939 983 OTAE

182 1019 203 1047 9
227 1016 320 1046 Dura
333 1014 515 1053 suburbani]
536 1013 632 1045 Infra
648 1014 750 1055 Epig.
764 1018 816 1046 72.
892 1015 982 1047 Quia
1004 1014 1262 1056 qualiacumque
1286 1014 1450 1055 leguntur
1463 1014 1536 1046 Ista
1552 1023 1601 1046 sa·

184 1069 224 1096 10
253 1065 435 1105 Vicinosque
445 1064 519 1105 tibi]
534 1065 667 1105 Nempe
679 1066 712 1095 in
724 1070 837 1097 monte
894 1065 1023 1096 lutator
1035 1065 1186 1096 scribere
1204 1074 1270 1095 non
1289 1063 1427 1105 potuit.'

140 1114 320 1149 Quirinali.
938 1118 979 1146 14
1004 1115 1048 1145 Et
1064 1125 1123 1145 non
1135 1114 1298 1155 officiosus]
1322 1114 1398 1145 Hoc
1414 1117 1483 1146 est:
1502 1114 1603 1147 Licet

187 1167 227 1195 12
252 1165 319 1195 Nec
333 1163 450 1203 vatem]
474 1163 639 1204 Epig.7l.
657 1164 716 1196 lib.
733 1174 758 1196 1.
780 1166 788 1182 ‘
807 1165 842 1195 Si
897 1164 1049 1206 quotidie
1079 1165 1214 1195 domum
1248 1169 1342 1195 tuam
1376 1174 1441 1195 non
1479 1165 1602 1196 adeam

144 1214 238 1246 dicet
259 1214 442 1255 [Proculus
470 1213 610 1254 nempe]
633 1214 749 1246 Quare
775 1224 844 1246 non
903 1215 1048 1246 salutem
1064 1214 1128 1246 tibi
1153 1215 1320 1256 dicturus,
1333 1219 1448 1247 tamen
1464 1219 1499 1247 te
1513 1225 1601 1248 amo.

143 1269 259 1297 tamen
275 1265 350 1306 ipse
366 1264 481 1295 venit?
513 1263 572 1295 Sic
594 1264 677 1296 licet
693 1274 850 1305 excuses,

812 1445 946 1487 LIX.

536 1520 587 1551 1N
623 1522 917 1553 DELICATUM
953 1524 1234 1556 LECTOREM.

152 1585 429 1628 CONSUMTA
451 1591 517 1629 est
537 1600 623 1628 uno
642 1589 680 1628 si
702 1589 906 1630 lemmate
924 1591 1104 1644 pagina,
1120 1592 1303 1643 transis,

208 1653 268 1694 Et
288 1653 490 1695 breviora
509 1654 603 1703 tibi,
622 1667 712 1695 non
733 1655 915 1697 meliora
935 1658 1124 1710 placent.

153 1721 310 1770 Dives,
331 1723 375 1761 et
396 1733 455 1761 ex
477 1721 597 1761 omni
618 1721 769 1774 posita
787 1726 856 1763 est
874 1723 1088 1765 instructa
1105 1725 1295 1767 macello

211 1786 352 1829 Coena
370 1788 465 1838 tibi,
483 1788 561 1828 sed
576 1791 620 1829 te
641 1792 809 1830 mattea
825 1790 923 1831 sola
935 1791 1110 1845 juvant.

196 1899 233 1931 Si
247 1909 341 1930 unum
352 1900 462 1930 lemma
477 1899 619 1939 implevit
632 1899 796 1939 paginam,
811 1900 939 1940 transis,
950 1904 980 1931 et
996 1910 1086 1932 amas
1101 1886 1254 1941 breviora,
1267 1911 1328 1933 non
1344 1903 1483 1935 meliora.
1520 1904 1616 1935 Coena

154 1942 215 1974 tibi
229 1942 371 1983 apposita.
393 1944 440 1972 est
462 1943 559 1981 diues,
578 1944 671 1982 atque
690 1944 803 1972 ornata
830 1952 870 1973 ex
888 1943 972 1973 omni
995 1944 1132 1983 macello,
1153 1945 1207 1975 sed
1228 1945 1302 1976 solae
1316 1946 1455 1986 cupedioe
1469 1945 1529 1977 tibi
1547 1948 1616 1987 pla-

766 2014 806 2026 θα

201 2073 221 2102 4
246 2071 377 2111 Mactya
391 2068 538 2100 Turneb.
554 2077 649 2100 xxn.
662 2071 693 2100 6.
740 2069 868 2100 Mactea
884 2069 964 2102 edd.
989 2071 1136 2104 Farnab.
1149 2073 1254 2106 Barb.
1277 2074 1409 2115 Mastya
1425 2073 1506 2106 Ald.
1522 2075 1620 2107 Junt.

160 2113 270 2145 Colin.
287 2113 401 2144 Maitt.
417 2116 454 2144 et
468 2112 519 2143 sic
533 2111 618 2152 legit
640 2111 823 2152 Georgius.
848 2113 1081 2155 Mattyajuvat
1098 2116 1227 2158 Delph.
1241 2118 1342 2148 Juvat
1368 2117 1424 2149 ed.
1449 2117 1622 2150 Schrevel.

822 2207 964 2240 NOTAE

205 2289 223 2317 l
253 2286 323 2318 Uno
347 2284 391 2325 si]
416 2285 555 2315 Lemma
580 2285 634 2314 est
658 2280 763 2312 breve
788 2288 863 2310 ora·
962 2285 983 2315 4
1006 2283 1071 2315 Sed
1096 2287 1128 2316 te
1141 2285 1275 2327 mattea]
1296 2285 1478 2318 Suetonius
1501 2285 1536 2317 in
1561 2286 1625 2318 Ca·

162 2335 263 2367 tionis
280 2336 334 2367 vel
351 2333 518 2376 poblmatis
534 2334 783 2374 argumentum,
807 2338 867 2360 seu
920 2334 979 2375 lig.
1024 2345 1101 2376 cap,
1131 2338 1184 2368 38,
1219 2336 1288 2368 ‘Et
1317 2336 1434 2368 multis
1473 2340 1626 2368 macteag

164 2385 344 2425 inscriptio
366 2389 401 2415 et
417 2383 536 2415 titulus
552 2394 560 2413 ε
585 2383 607 2414 1.
622 2390 702 2412 xxv.
716 2380 817 2420 Epig.
834 2382 867 2411 2.
922 2390 1110 2417 venenatas
1135 2386 1250 2418 misit)

166 2434 319 2466 Sumitur
337 2434 394 2464 hic
416 2442 479 2473 pro
502 2433 576 2474 ipso
597 2431 867 2472 Epigrammate:

166 2485 230 2515 1100
262 2488 327 2522 est,
357 2484 387 2515 si
417 2493 519 2514 unum
550 2483 770 2523 Epigramma
799 2484 868 2511 tam

168 2534 306 2574 longum
326 2533 382 2572 sit,
413 2537 451 2563 ut
475 2533 616 2573 impleat
641 2536 749 2563 totam
775 2530 869 2571 pagi-

168 2592 260 2614 113111.

214 2635 234 2663 3
259 2632 368 2668 Dives,
391 2634 420 2662 et
435 2631 586 2671 exomni]
611 2631 678 2661 Sua
694 2630 873 2671 Epigram-

171 2685 266 2713 mata
295 2685 473 2721 comparat
501 2690 606 2712 eoenae
636 2680 739 2711 lantae
765 2684 802 2713 et
825 2681 875 2713 in.

172 2735 313 2763 structae
330 2740 373 2763 ex
389 2730 479 2762 omni
494 2730 644 2762 ciborum
661 2739 796 2771 genere.

1293 2386 1382 2418 Sunt
1406 2391 1520 2418 autem
1536 2395 1627 2418 mac-

924 2440 1002 2476 teae,
1017 2437 1188 2477 cupediae,
1198 2436 1629 2478 etjueundaedulia3unde

923 2487 1014 2519 forte
1042 2488 1222 2529 legendum
1246 2491 1377 2528 manea,
1399 2497 1466 2519 non
1490 2491 1631 2529 mattya:

925 2538 1050 2570 Graece
1065 2544 1178 2569 tamen
1192 2537 1317 2576 ματτύη
1332 2537 1475 2568 dicitur:
1505 2542 1540 2569 et
1562 2536 1632 2568 cibi

925 2597 1031 2627 genus
1047 2592 1100 2619 est
1115 2587 1360 2626 delicatissimi,
1374 2591 1410 2618 et
1426 2586 1537 2618 omnia
1554 2596 1631 2626 pre-

927 2638 1015 2669 tiosa
1045 2637 1159 2669 edulia
1191 2636 1373 2678 significari
1397 2636 1461 2667 hoc
1496 2636 1631 2667 nomine

926 2688 1048 2719 scribit
1081 2688 1268 2720 Athenaeus
1304 2687 1364 2718 lib.
1397 2695 1472 2718 xw.
1525 2687 1633 2718 vetus

930 2737 1038 2769 codex
1051 2738 1156 2770 habet
1170 2739 1293 2778 mattya
1302 2735 1500 2773 sozajuvanc.
