1893 3225
279 221 365 262 736
764 236 814 264 M.
851 234 959 264 vAr„
996 235 1272 265 MAR'HALiS

944 329 1084 361 MHAE

327 406 342 434 1
367 403 544 444 Splenialo]
575 404 713 445 Spionia
728 409 827 436 erant
842 406 988 445 enipius·
1088 405 1235 443 Cerussa]
1260 404 1333 436 Lib.
1354 414 1377 435 1.
1393 404 1492 444 Epig.
1510 407 1563 435 73.
1600 405 1609 421 ‘
1624 405 1746 436 Cerus-

281 459 348 493 tra,
374 453 416 484 (le
434 454 555 495 quibus
581 455 658 486 vide
683 456 738 487 lib.
756 465 794 487 11.
817 456 916 497 Epig.
932 459 985 487 29.
1042 460 1116 486 sata
1130 455 1193 485 sibi
1212 456 1325 494 placet
1344 455 1509 495 Lycoris.'

281 505 382 536 Unde
400 505 526 535 dicitur
540 506 722 546 spleniatus.
768 507 823 538 De
841 507 986 537 Philaeni
1085 509 1103 536 3
1128 507 1262 537 Basiare
1278 509 1308 536 te
1325 506 1407 546 nolo]
1432 506 1520 537 Quia
1537 510 1572 536 et
1584 506 1692 543 calva,
1708 511 1744 536 et

281 556 408 586 dictum
427 555 485 586 lib.
505 564 546 586 11.
561 555 660 596 Epig.
676 560 728 587 33.
1040 555 1127 596 rufa,
1140 561 1176 587 et
1192 557 1287 587 lusca
1301 562 1374 588 erat
1391 568 1397 586 :
1431 557 1489 587 lib.
1507 566 1546 587 11.
1561 557 1659 597 Epig.
1677 560 1730 588 33.

324 609 344 637 2
370 606 591 646 Pictuslabra]
616 607 846 639 Hellenismus
862 612 926 639 est.

914 741 1114 785 XXIII.

800 834 862 862 Dr:
897 834 946 862 M.
980 833 1222 865 ANToNlo.

279 901 383 941 ,IAM
406 907 610 942 numerat
630 901 809 956 placido
831 903 940 943 felix
961 901 1183 944 Antonius
1202 916 1300 945 aevo

339 967 612 1019 Quindecies
636 974 762 1011 actas
786 969 963 1010 Primus
983 969 1303 1025 Olympiadas:

280 1035 624 1091 Praeteritosque
648 1038 760 1088 dies,
782 1044 826 1079 et
847 1043 967 1080 tutos
986 1040 1168 1094 respicit
1190 1055 1343 1091 annos,

339 1105 437 1146 Neo
458 1107 613 1147 metuit
634 1106 795 1148 Lethes
810 1107 905 1161 jam
922 1109 1149 1162 propioris
1172 1123 1328 1163 aquas.

283 1172 423 1214 Nulla
440 1174 688 1215 recordanti
709 1176 790 1216 lux
811 1181 880 1217 est
900 1177 1088 1230 ingrata,
1111 1178 1367 1232 gravisque:
1718 1178 1747 1217 5

339 1240 475 1282 Nulla
498 1243 627 1293 subit,
649 1244 777 1298 cujus
798 1257 886 1284 non
901 1246 1155 1287 meminisse
1178 1246 1295 1286 velit.

283 1309 487 1362 Ampliat
508 1311 657 1351 aetatis
675 1312 871 1365 spatium
892 1313 977 1353 sibi
999 1313 1066 1354 vir
1087 1313 1253 1354 bonus:
1287 1314 1369 1354 hoc
1392 1317 1459 1354 est

336 1377 505 1419 Vivere
526 1379 613 1429 bis,
634 1380 725 1421 vita
745 1393 880 1434 posse
900 1381 1043 1434 priore
1063 1381 1162 1421 frui.

323 1501 400 1532 Jam
415 1500 574 1533 Antonius
591 1502 719 1533 Primus
742 1502 852 1534 beatus
873 1507 1018 1534 numerat
1041 1505 1216 1544 quindecim
1241 1504 1446 1544 Olympiadas
1468 1507 1554 1534 actas
1577 1504 1746 1544 tranquilla

285 1541 375 1580 ritem
399 1547 430 1575 ct
445 1545 573 1585 respicit
587 1546 706 1585 elapsos
717 1546 795 1583 dies,
813 1550 843 1577 et
866 1549 948 1577 totos
959 1557 1070 1584 annos,
1082 1558 1137 1578 nec
1153 1548 1244 1578 timet
1259 1548 1357 1578 undas
1372 1546 1562 1585 Lethesjam
1574 1546 1746 1579 vicinioris.

285 1587 383 1618 Nulla
401 1588 457 1618 lux
481 1588 650 1627 injucunda
673 1593 732 1627 est,
747 1593 775 1619 et
792 1591 921 1620 molesta
945 1591 1145 1627 recorclanti;
1166 1592 1252 1621 millu
1273 1591 1445 1630 proeteriit,
1466 1590 1552 1629 cujus
1573 1591 1746 1621 recordatio

281 1640 341 1661 non
356 1631 399 1661 sit
413 1634 520 1668 grata.
570 1632 629 1663 Vir
644 1631 760 1672 probus
776 1636 870 1672 auget
883 1632 945 1663 sibi
959 1634 1097 1673 spatium
1110 1634 1216 1664 oetatis
1227 1644 1238 1665 .·
1260 1634 1315 1664 hoc
1331 1637 1375 1665 est
1391 1634 1494 1665 vivere
1511 1633 1568 1674 bis,
1579 1643 1666 1674 posse
1673 1633 1746 1672 frui

277 1674 384 1714 priore
397 1674 473 1705 vitu.

884 1728 1126 1740 eeeeeeeeeeee

324 1784 345 1812 2
368 1782 468 1813 Aetas
480 1781 605 1822 primus
621 1780 701 1813 Ald.
716 1783 816 1815 Junt.
835 1784 946 1815 Colin.
970 1785 978 1801 ‘
994 1785 1135 1822 Primus,
1153 1795 1219 1815 non
1245 1784 1374 1825 primus.
1411 1785 1473 1815 Est
1499 1784 1591 1815 enim
1617 1784 1746 1814 Primus

281 1834 470 1863 cognomen
490 1824 656 1856 Antonii!
682 1826 886 1858 Gronov.—3
911 1827 980 1858 Alii
998 1832 1089 1867 totos,
1105 1829 1152 1859 ait
1170 1827 1345 1859 Schrevel.
1361 1827 1408 1858 sic
1422 1832 1458 1857 et
1483 1827 1611 1866 Deiph.
1646 1827 1746 1858 Tutus

282 1867 359 1899 cod.
374 1868 577 1898 Beverl.-5
605 1869 759 1899 Grai-isne
777 1869 822 1900 id.
838 1870 979 1901 cod.—6
1005 1871 1081 1902 Fuit
1100 1881 1160 1911 pro
1176 1871 1258 1901 subit
1282 1869 1361 1902 edd.
1380 1875 1465 1901 vett.
1495 1874 1530 1901 et
1561 1870 1686 1910 Delph.
1710 1875 1746 1900 et

278 1911 426 1941 Farnab.
451 1911 544 1941 Subit
561 1911 638 1941 cod.
658 1912 838 1944 Pulmann.
868 1913 877 1929 ‘
896 1913 1046 1953 Melins,'
1075 1915 1123 1945 ait
1141 1914 1291 1945 Gronov.
1315 1915 1324 1931 ‘
1339 1913 1430 1955 quod
1468 1913 1570 1944 etiam
1604 1912 1746 1954 praefert

282 1953 511 1994 Gruterus,in
526 1953 628 1993 Angl.
651 1954 759 1986 subit!

944 2008 1087 2040 NOTAE

326 2074 342 2102 1
369 2071 525 2103 Antonius
542 2072 685 2112 Primus]
720 2072 776 2103 De
793 2081 859 2114 quo
882 2072 940 2103 lib.
965 2083 988 2104 1.
1044 2074 1269 2115 quadriennio
1284 2084 1420 2114 semper
1434 2078 1581 2106 sumunt.

280 2126 384 2167 Epig.
400 2128 474 2156 101.
1087 2127 1106 2155 4
1135 2125 1200 2156 Nec
1212 2126 1323 2155 metuit
1339 2123 1466 2164 Lethes]
1503 2124 1580 2155 Hoc
1600 2128 1666 2162 est,
1682 2133 1745 2154 ner·¹

326 2180 345 2207 2
370 2176 558 2212 Quindecies
572 2176 673 2217 actas]
695 2177 752 2208 De
775 2176 990 2218 Olympiadi·
1046 2175 1144 2206 timet
1170 2179 1313 2206 mortem
1333 2175 1578 2213 imminentem,
1599 2175 1698 2214 Epig.
1714 2177 1745 2205 2.

283 2229 344 2259 bns
363 2227 491 2258 dictum
516 2227 571 2259 lib.
585 2238 647 2259 vri.
675 2228 775 2269 Epig.
796 2231 849 2259 40.
878 2232 914 2259 et
930 2229 988 2259 lib.
1045 2236 1159 2266 supra.

283 2289 330 2310 ιν.
356 2279 452 2319 Epig.
475 2282 528 2310 45.
555 2288 637 2320 quas
665 2289 726 2319 pro
757 2278 988 2319 quinquennio
1087 2280 1106 2308 8
1126 2277 1201 2307 Vita
1217 2286 1302 2317 posse
1317 2274 1435 2316 priore]
1460 2275 1538 2306 Hoc
1554 2280 1618 2314 est,
1632 2277 1748 2316 volup-

283 2330 464 2371 aliquando
490 2329 616 2370 poetae,
639 2329 791 2361 historici
818 2339 899 2360 vero
927 2338 988 2369 pro
1043 2332 1150 2359 tatem
1168 2327 1348 2368 percipere
1364 2336 1406 2358 ex
1421 2326 1495 2358 vita
1511 2327 1616 2367 probe
1634 2332 1720 2358 acta.

912 2473 1108 2516 XXIV.

722 2566 785 2594 Ao
820 2564 1042 2595 KALEND.
1076 2565 1142 2594 MA
1154 2564 1314 2594 RTIAS.

402 2633 645 2674 NATALES
668 2633 773 2673 mihi
796 2632 972 2673 Martiae
996 2632 1231 2682 Kalendae,

399 2702 523 2756 (Lux
544 2702 779 2742 formosior
798 2701 1004 2742 omnibus
1026 2700 1257 2751 Kalendis,

331 2813 362 2845 O
379 2814 519 2844 kalenda·
537 2812 668 2843 Martia»
684 2812 762 2843 mihi
777 2813 910 2852 nucales,
931 2811 996 2843 dies
1017 2812 1176 2852 pulchrior
1192 2812 1332 2844 omnibus
1354 2813 1505 2853 kalendis,
1527 2823 1583 2853 quo
1604 2812 1742 2852 virgines
