1893 3225
231 247 314 287 598
712 255 759 284 m.
796 253 906 284 VAL.
940 252 1214 283 MARTlAms

830 391 1090 433 XXXIX.

735 480 804 511 AD
838 481 1184 512 DOMlTlANUM.

233 549 331 600 Qm
357 549 577 591 Palatinae
597 554 776 603 caperet
798 549 1004 590 convivia
1023 562 1206 599 mensae,

288 617 639 671 Ambrosiasque
662 618 817 671 dapes,
839 631 923 658 non
945 622 1039 658 erat
1057 625 1158 658 ante
1178 618 1319 659 locus.

232 685 325 726 Hic
346 685 518 727 haurire
540 686 665 727 decet
686 699 874 736 sacrum,
896 685 1173 737 Germanice,
1195 691 1359 736 nectar,

289 752 347 795 Et
368 753 658 808 Ganymedea
677 754 842 807 pocula
869 754 1009 794 mixta
1029 768 1178 796 manu.

234 819 349 861 Esse
367 821 494 871 velis,
515 834 606 871 oro,
629 834 752 861 serus
776 821 967 861 conviva
987 821 1224 864 Tonantis.
1666 832 1695 861 o

288 886 352 929 At
367 892 413 929 tu
431 889 470 929 si
490 901 719 942 properas,
740 888 769 929 J
774 888 941 941 upiter3
971 888 1070 941 ipse
1093 890 1206 930 veni.

274 998 380 1029 Antea
391 1009 451 1030 non
466 1002 533 1030 erat
560 1000 642 1030 locus
665 998 717 1039 qui
732 998 903 1029 contineret
931 997 1072 1029 convivia
1087 1001 1181 1039 alque
1194 998 1363 1029 mula-osias
1383 997 1488 1039 epulas
1509 1005 1620 1027 mensoe
1636 996 1701 1027 Pa·

232 1041 353 1073 latinoe.
400 1042 430 1073 Ο
459 1042 654 1080 Germanice,
673 1042 729 1080 fas
755 1046 800 1072 est
828 1042 878 1071 hic
895 1041 995 1072 bibere
1009 1051 1131 1072 sacrum
1147 1045 1268 1081 nectar,
1284 1046 1314 1072 et
1328 1042 1439 1082 pocula
1447 1043 1591 1080 porrecta
1604 1049 1698 1070 manu

235 1084 447 1124 Ganymedea.
470 1085 602 1125 Lubwt,
619 1096 732 1126 quaeso,
748 1086 838 1116 tarde
853 1085 1012 1115 convivari
1027 1094 1096 1115 cum
1116 1085 1255 1116 Tonante
1267 1096 1278 1117 .·
1293 1086 1348 1116 sed
1362 1085 1390 1116 si
1400 1087 1435 1115 tu
1442 1083 1593 1123 festinas,
1606 1092 1625 1114 o
1639 1083 1699 1114 Ju-

227 1127 324 1167 piter,
340 1127 404 1167 ipsc
413 1128 495 1159 veni.

848 1178 926 1190 0150
932 1179 1023 1191 rue-eoo
1029 1180 1086 1191 ’θ’

280 1226 293 1253 l
322 1223 441 1264 Quique
466 1225 625 1256 Palatinoe
648 1224 788 1255 exhibet
813 1224 923 1256 codex
951 1225 1183 1256 Florentinus.
1231 1224 1296 1260 Qui
1319 1223 1485 1255 Pallatz'nae
1501 1222 1580 1254 ΑΜ.
1598 1223 1697 1255 Junt.

233 1265 343 1340 ἓίίζίὲὲ.
360 1269 492 1342 ιῖἰεὲῖὰῖὸ
518 1268 585 1299 Hic
602 1268 727 1298 haurire
743 1267 815 1299 licet
831 1268 893 1300 Ed.
913 1268 1038 1310 Delph.
1055 1269 1158 1300 Notae
1175 1267 1354 1309 praefixum
1367 1267 1483 1307 habet,
1496 1266 1648 1308 quamvis
1665 1266 1700 1296 in

272 1335 278 1339 .
337 1333 345 1349 ‚
457 1332 465 1340 .

888 1353 1035 1386 NOTAE

273 1416 292 1443 3
319 1412 384 1444 Hic
398 1413 524 1445 haurire
536 1414 637 1454 decet]
676 1414 811 1456 Nempe
828 1415 862 1446 in
879 1419 937 1447 tuo
1036 1419 1054 1446 5
1081 1416 1160 1447 Esse
1174 1416 1264 1457 telis]
1295 1415 1405 1447 Tarde
1434 1413 1538 1446 adeas
1565 1414 1701 1456 coelum,

230 1463 382 1504 palatio:
411 1465 509 1505 Epig.
527 1468 578 1496 36.
595 1475 709 1505 supra.
993 1476 1052 1498 seu
1069 1465 1126 1496 diu
1144 1466 1248 1498 vivas.

274 1516 293 1544 4
318 1515 363 1544 Et
382 1514 595 1555 Ganymedea]
630 1516 707 1546 Hoc
725 1520 788 1554 est,
801 1516 938 1547 haurire
1036 1519 1057 1547 6
1067 1516 1113 1547 At
1126 1520 1161 1547 tu
1173 1517 1216 1556 si]
1230 1516 1260 1548 Ο
1271 1516 1459 1557 Jupiter‚si
1470 1519 1566 1547 tanto
1579 1514 1700 1546 Domi·

231 1565 353 1605 pocula
364 1574 439 1606 quae
456 1575 475 1595 a
493 1566 559 1596 tuis
575 1566 690 1605 pneris
708 1565 856 1598 formoso
869 1567 939 1598 Ga·
994 1566 1079 1597 tiani
1095 1567 1265 1598 desiderio
1289 1567 1452 1607 tenearis,
1478 1565 1650 1598 descende
1665 1565 1700 1596 in

231 1615 369 1655 nymedi
384 1615 544 1648 similibus
560 1615 794 1657 porriguntur.
995 1621 1120 1657 terraS,
1138 1621 1175 1648 ut
1190 1626 1266 1648 cum
1283 1616 1341 1648 illo
1353 1616 1555 1649 conviveris.

910 1725 1019 1768 XL.

792 1819 860 1849 AD
893 1819 1135 1849 PRIAPUM.

463 1886 576 1928 NON
598 1886 732 1936 horti,
753 1899 897 1940 neque
918 1887 1117 1940 palmitis
1137 1886 1270 1936 beati,

460 1953 552 1995 Sed
574 1955 657 1995 rari
679 1954 889 2005 nemoris,
915 1954 1101 2008 Priape,
1124 1959 1297 2004 custos,

464 2021 537 2062 Ex
559 2035 650 2076 quo
672 2027 805 2064 natus
825 2035 888 2074 es,
910 2027 955 2064 et
975 2027 1106 2077 potes
1126 2023 1315 2074 renasci,

460 2089 672 2140 Furaces,
693 2104 870 2141 moneo,
892 2104 1047 2133 manus
1068 2092 1272 2145 repellas,

459 2156 517 2198 Et
537 2158 711 2212 sylvam
732 2159 898 2200 domini
916 2159 1032 2200 focis
1053 2172 1264 2200 reserves.
1673 2160 1702 2201 5

461 2224 512 2265 Si
534 2225 749 2268 defecerit
768 2227 879 2278 haec,
902 2231 945 2269 et
965 2227 1064 2283 ipse
1084 2228 1250 2280 lignum
1266 2239 1328 2268 es.

271 2325 303 2357 O
322 2323 452 2364 Priape,
476 2325 529 2365 qui
545 2327 681 2356 custodis
693 2336 750 2357 nec
775 2327 899 2357 hortum
922 2337 978 2358 ‘nec
993 2326 1115 2357 vineam
1123 2325 1280 2365 fertilem,
1302 2326 1356 2356 sed
1368 2334 1473 2356 nemus
1487 2336 1548 2357 non
1562 2327 1702 2368 densum,

231 2378 273 2400 ex
287 2378 344 2408 quo
364 2367 527 2406 formatus
541 2378 583 2407 εε,
598 2371 629 2400 et
642 2373 732 2409 potes
746 2368 886 2407 formari
902 2370 1021 2406 denuo;
1042 2379 1146 2400 moneo
1161 2379 1318 2400 removeas
1335 2379 1447 2400 manus
1459 2368 1572 2406 surum
1587 2373 1617 2401 et
1633 2380 1704 2402 con-

230 2421 333 2443 serves
351 2412 470 2453 sylvam
484 2412 605 2443 camino
622 2412 701 2444 heri.
736 2412 775 2443 Si
789 2413 846 2444 hoc
858 2412 1008 2452 defuerit,
1020 2415 1050 2443 et
1062 2412 1128 2453 ipse
1141 2422 1173 2443 es
1185 2412 1316 2452 lignum.

846 2486 1085 2499 eeeeeeeeeeee

273 2539 294 2567 6
317 2535 355 2567 Si
377 2535 526 2574 defecerit
541 2535 596 2567 hoc
609 2535 664 2567 ed.
679 2536 786 2578 antiq.
806 2536 944 2567 Ferrar.
961 2535 1038 2566 Ald.
1051 2535 1149 2567 Junt.
1172 2535 1283 2567 Colin.
1298 2534 1430 2576 Gryph.
1444 2534 1600 2568 Pulman.
1625 2536 1701 2569 Cal-

230 2578 341 2611 derin.
366 2579 473 2620 Lang.
498 2579 611 2611 Plant.
635 2580 774 2613 Junian.
788 2584 825 2612 et
846 2579 973 2620 Delph.
1018 2578 1056 2610 Si
1069 2578 1217 2618 defecerit
1233 2579 1298 2610 haec
1314 2579 1415 2611 Grut.
1430 2579 1539 2611 Scriv.
1554 2580 1700 2613 Farnab.

230 2627 267 2654 et
284 2626 434 2654 recentt.

889 2664 1037 2697 NOTAE

273 2731 293 2760 3
318 2730 374 2761 Ex
388 2740 446 2771 quo
462 2733 553 2761 natus
580 2729 627 2771 es]
664 2729 753 2762 Vide
776 2729 898 2762 Horat.
916 2739 942 2762 1.
1040 2732 1061 2761 6
1083 2729 1122 2760 Si
1144 2729 1307 2770 defecerit]
1362 2729 1508 2770 Lignum
1543 2731 1704 2773 nemoris,

230 2780 305 2811 Sat.
317 2782 348 2812 8.
391 2781 401 2797 ‘
419 2779 510 2811 Olim
523 2784 662 2813 truncus
679 2791 772 2814 eram
787 2780 948 2827 ficulnus,
998 2790 1075 2813 cum
1089 2786 1125 2812 et
1140 2781 1214 2822 ipse
1237 2781 1367 2821 lignum
1384 2780 1430 2811 sis
1447 2785 1481 2811 te
1496 2780 1701 2815 comburam.

228 2830 353 2863 inutile
366 2830 522 2873 lignum‚'
543 2833 607 2864 διο.
999 2830 1083 2873 Alii,
1099 2830 1247 2870 defecerit
1263 2831 1340 2871 laec,
1354 2840 1477 2873 nempe
1492 2831 1599 2872 sylva.
