1893 3225
524 243 889 275 EPIGRAMMATU
901 243 934 272 M
970 243 1065 273 LIB.
1097 242 1169 273 IX.

114 340 326 394 Argolico
348 340 559 382 famulum
576 354 663 382 nou
684 346 729 381 te
752 341 914 381 servire
938 344 1122 393 tyranno
1544 351 1571 377 O

1486 229 1571 272 687

171 408 404 451 Vidissent
424 414 585 462 gentes,
607 421 816 462 saevaque
836 421 965 461 regna
987 408 1083 460 pati
1101 421 1110 447 ε

114 477 199 518 Sed
223 481 269 518 tu
283 477 502 531 jussisses
525 477 799 531 Eurysthea3
830 490 913 518 nee
932 476 1014 517 tibi
1034 476 1172 516 fallax

172 545 403 587 Portasset
425 545 565 586 Nessi
584 544 750 600 perfida
771 544 890 585 dona
911 544 1090 585 Lichas.

114 613 250 653 OEtaei
270 613 363 654 sine
383 614 478 667 lege
501 613 593 666 rogi
618 625 798 654 securus
823 611 998 653 adisses

172 680 306 723 Astra
324 682 463 735 patris
483 682 652 731 summi,
674 693 774 735 quae
796 681 878 722 tibi
899 693 1035 734 poena
1055 678 1178 720 dedit
1195 693 1204 720 ε

1518 677 1572 716 10

116 748 258 802 Lydia
278 762 361 790 nec
382 748 575 791 dominae
596 750 816 791 traxisses
838 761 982 803 pensa
1002 748 1230 802 superbae:

176 816 271 857 Nec
292 817 431 871 Styga
454 817 661 867 vidisses,
681 817 1034 870 Tartareumque
1057 829 1228 857 canem.

116 883 250 925 Nunc
273 884 354 925 tibi
374 884 403 925 J
409 898 492 925 uno
514 885 650 935 favet,
674 898 791 926 nunc
812 889 853 925 te
874 888 951 926 tua
972 883 1116 937 diligit
1138 883 1295 924 Hebe:

174 951 215 991 N
220 964 305 992 unc
328 957 369 993 te
391 953 429 993 si
451 953 597 994 videat
617 952 825 1008 nympha,
849 953 1040 993 remittet
1062 951 1228 1005 Hylan.

112 1084 193 1104 sceva
209 1077 344 1104 monstra
358 1074 476 1104 domita
491 1078 563 1106 sunt
585 1075 648 1106 tuis
663 1075 814 1113 manibus,
837 1075 978 1105 nationes
1002 1084 1062 1104 non
1083 1076 1269 1113 spectassent
1284 1075 1313 1103 te
1327 1081 1448 1103 servum
1463 1072 1574 1103 obtem-

109 1126 220 1156 perare
234 1120 368 1157 tyranno
388 1118 545 1156 Argolico,
561 1122 589 1148 et
606 1118 696 1155 ferre
710 1118 850 1148 acerbum
871 1117 1047 1158 imperium.
1081 1118 1124 1147 At
1139 1119 1174 1147 tu
1189 1116 1370 1156 imperasses
1385 1116 1575 1156 Eurystheo,

113 1170 165 1190 nec
169 1159 393 1196 fraudulentus
407 1160 521 1191 Lichas
535 1161 655 1191 tulisset
668 1162 709 1191 ad
718 1165 750 1191 te
760 1161 925 1201 perfidio-sa
937 1169 1066 1190 munera
1083 1159 1188 1190 Nessi.
1223 1160 1376 1190 Immanis
1391 1160 1459 1198 lege
1474 1160 1576 1189 OEtaei

112 1203 181 1241 rogi
196 1205 282 1233 tutus
292 1203 436 1242 petiisses
449 1202 554 1233 sidera
568 1204 679 1233 summi
689 1203 854 1243 genitoris,
867 1214 934 1243 quoe
949 1205 1127 1233 consecutus
1142 1212 1174 1233 es
1188 1202 1350 1242 supplicio.
1377 1203 1442 1233 Nec
1457 1203 1576 1233 dedux-

112 1246 185 1275 isses
204 1245 307 1286 Lydia
329 1256 423 1286 pensa
437 1246 570 1277 dominoe
584 1246 778 1285 arrogantis,
802 1256 856 1277 nec
881 1249 1052 1286 spectasses
1066 1245 1181 1286 Styga,
1202 1255 1256 1276 nec
1271 1255 1376 1276 canem
1393 1244 1575 1282 inferorum.

114 1288 207 1319 Nunc
220 1289 304 1318 Juno
321 1289 379 1319 tibi
390 1290 526 1330 propitia
541 1294 600 1328 est,
622 1299 702 1320 nunc
716 1290 832 1320 amaris
847 1300 866 1320 ιι
880 1293 936 1320 tua
952 1288 1040 1320 Hebe
1050 1299 1061 1319 .·
1084 1289 1112 1319 ,η’
1126 1288 1271 1329 Nympha
1283 1298 1363 1319 nunc
1379 1288 1507 1328 aspiciat
1532 1291 1575 1326 te,

113 1332 251 1362 remittet
264 1332 387 1372 Hylan.

724 1385 820 1396 ‘ee-ee
825 1384 961 1396 mem

114 1438 225 1479 potins
256 1439 451 1480 scripsisse:
477 1439 538 1472 Sed
563 1444 596 1472 tu
612 1440 760 1479 jussisses
785 1441 978 1482 Eurystheo.-
1004 1439 1190 1472 contractis
1217 1439 1346 1470 duabus
1362 1438 1515 1479 syllabis,
1539 1443 1576 1468 ut

115 1482 225 1513 solent
249 1482 374 1523 poetae.
430 1483 511 1514 Ant.
536 1483 579 1514 de
606 1485 703 1523 Rooy
731 1483 872 1523 conjicit
906 1484 1060 1515 evenisse
1085 1493 1104 1514 a
1132 1491 1231 1513 manu
1257 1482 1428 1512 Martialis
1452 1481 1515 1512 Sed
1542 1485 1577 1511 tu

112 1525 447 1599 Silslirsicescfipizysthem
463 1527 494 1557 h.
509 1536 539 1558 e.
563 1529 573 1544 ‘
586 1526 807 1568 Sprevisses,'
823 1529 832 1543 ‘
847 1536 913 1558 nou
929 1525 1108 1558 curasses!
1156 1524 1307 1565 Eurys-tei
1319 1524 1482 1556 exhibent
1494 1524 1574 1555 Ald.

770 1622 915 1654 NOTAE

158 1699 175 1724 5
200 1696 347 1735 Argolico
361 1698 509 1738 tyranno]
531 1698 734 1738 Eurystheo,
747 1698 817 1738 regi
872 1697 1027 1728 immunis
1050 1697 1138 1735 inter
1161 1697 1255 1729 Deos
1283 1697 1411 1728 relatus
1439 1689 1578 1727 fuisses,

116 1745 287 1785 Argolico,
302 1747 356 1788 qui
374 1757 439 1787 ope
452 1748 597 1780 Junonis
614 1749 707 1789 prior
730 1749 817 1780 Her·
915 1751 953 1780 11
979 1748 1083 1790 Lydia
1111 1758 1166 1779 nec
1191 1749 1339 1789 dominae]
1383 1747 1576 1787 Omphalen

113 1797 189 1827 ‹·ule
206 1801 303 1828 natus
319 1802 414 1828 erat:
452 1799 672 1839 quamobrem
687 1800 744 1840 jus
760 1800 817 1830 ha-

113 1846 185 1877 buit
201 1847 234 1877 in
254 1846 451 1886 Herculem,
472 1849 606 1891 ipsique
623 1850 817 1890 imperavit,

115 1902 151 1928 ut
168 1898 378 1929 atrocissima
396 1899 529 1930 subiret
542 1901 704 1941 pericula.
728 1901 817 1933 Haec

114 1947 256 1978 historia
279 1948 359 1979 satis
378 1953 467 1980 nota.

156 2002 175 2028 8
194 1998 310 2030 Fallax
319 1999 451 2040 Lichas]
472 1999 596 2032 Servus
611 2011 733 2042 nempe
748 2003 817 2033 De-

106 2049 229 2088 janirae
244 2049 378 2080 nomine
402 2056 529 2082 vestem
548 2051 649 2082 Nessi
665 2054 817 2084 centauri

115 2099 258 2131 Herculi
283 2101 447 2140 portavit,
463 2111 562 2143 quam
591 2108 693 2134 vocat
716 2103 817 2144 perfi-

115 2151 192 2182 dum
220 2161 351 2191 munus,
378 2152 457 2194 quia
487 2163 619 2185 veneno
652 2154 815 2186 imbutam

114 2203 263 2234 muneris
276 2203 351 2234 loco
371 2203 463 2234 illam
479 2204 655 2245 Dejanirae
675 2206 819 2247 relique-

114 2258 168 2285 rat
185 2254 387 2295 Centaurus,
410 2266 477 2297 qua
491 2256 629 2288 indutus
648 2257 817 2289 Hercules

113 2304 228 2336 furore
245 2312 423 2346 correptus
438 2306 471 2337 in
491 2305 642 2338 flammas
659 2318 694 2339 se
710 2309 818 2340 inimi-

115 2356 169 2386 sit.
212 2355 301 2387 Vide
328 2356 490 2388 Ovidium
517 2357 550 2388 in
586 2358 759 2399 Dejanira,
783 2365 818 2391 et

116 2406 278 2437 Senecam
293 2406 326 2437 in
344 2406 495 2439 Hercule
513 2408 677 2439 Furente.

157 2458 177 2485 9
204 2456 304 2487 OEtoez'
331 2458 398 2489 sine
427 2457 508 2498 lege]
551 2459 629 2490 Hoc
658 2464 724 2500 est,
749 2469 816 2490 non

116 2505 312 2538 combustus
336 2508 372 2539 in
392 2518 474 2549 rogo
487 2513 663 2541 exstructo
679 2510 712 2540 in
735 2510 818 2541 OEta

117 2562 230 2589 moute
258 2558 378 2590 coelum
405 2559 557 2601 adiisses,
584 2560 645 2592 sed
672 2567 816 2593 amorte

874 1799 1022 1839 reginam
1040 1798 1159 1840 Lydiae
1179 1799 1345 1839 intellige,
1358 1808 1433 1840 quae
1448 1798 1581 1829 Hercu-

872 1851 940 1881 lem
968 1860 1080 1881 amore
1104 1850 1278 1890 perditum
1311 1849 1353 1880 ad
1384 1848 1443 1880 fila
1470 1848 1575 1879 dedu-

873 1901 984 1933 cenda
996 1901 1175 1941 compulit.

917 1956 957 1984 12
971 1953 1038 1984 Nec
1053 1952 1156 1993 Styga
1168 1951 1312 1992 vidisses]
1338 1951 1414 1983 Hoc
1431 1956 1497 1990 est,
1514 1959 1576 1981 nee

872 2004 915 2034 ab
933 2004 1101 2044 Omphale
1123 2004 1255 2044 jussus,
1273 2008 1309 2033 ut
1335 2003 1470 2033 videtur
1487 2002 1578 2033 Mar-

873 2054 963 2086 tialis
990 2054 1196 2094 intelligere,
1218 2057 1278 2084 aut
1307 2053 1421 2093 potius
1449 2052 1492 2083 ab
1509 2053 1577 2083 Eu·

873 2106 1022 2147 rystlxeo‚
1036 2110 1075 2136 ut
1101 2105 1173 2136 aliis
1195 2105 1322 2145 placet,
1344 2103 1577 2135 descendisses

874 2156 914 2187 ad
930 2155 1079 2186 Inferos.

916 2210 955 2238 13
980 2207 1084 2248 Hebe]
1121 2206 1268 2238 sunonis
1292 2205 1360 2236 filia
1381 2206 1453 2236 sine
1467 2211 1580 2246 patre,

872 2259 950 2290 Dea
970 2257 1177 2298 juventutis,
1203 2266 1277 2297 quae
1305 2265 1390 2286 uxor
1414 2255 1495 2287 data
1526 2262 1579 2286 est

873 2308 1016 2339 Herculi
1032 2307 1065 2338 in
1081 2307 1204 2338 coelum
1221 2306 1342 2337 relato.

917 2362 958 2391 14
975 2359 1068 2390 Nunc
1084 2357 1129 2398 te]
1154 2356 1372 2388 Referentem
1384 2356 1575 2387 Domitiani

872 2408 1019 2451 effigiem
1056 2409 1171 2441 videat
1202 2407 1378 2448 Nympha,
1408 2417 1482 2449 quae
1512 2407 1575 2438 tibi

872 2461 988 2501 Hylan
1017 2460 1143 2501 rapuit,
1172 2459 1265 2490 illum
1294 2458 1431 2498 reddet,
1453 2457 1512 2489 lib.
1539 2467 1574 2488 v.

871 2511 969 2552 Epig.
986 2513 1039 2541 48.
