1893 3225
525 250 883 282 EPlGRAMMA'rU
896 252 926 280 M
963 251 1057 281 Lm.
1092 252 1161 283 lx.
1488 246 1574 287 693

125 344 186 387 At
206 359 274 387 me
297 346 492 387 litcrulas
514 345 638 387 stulti
661 345 848 386 docuere
869 351 1088 400 parente&

183 412 301 463 Quid
325 427 424 455 cum
446 413 741 466 grammaticis
764 414 1094 468 rhetoribusque
1114 415 1249 456 mihi?

123 479 294 533 Frange
315 482 435 523 leves
457 482 669 531 calamos,
692 485 734 522 et
755 483 918 532 scinde,
940 483 1115 533 Thalia,
1134 484 1331 536 libellos3

181 550 229 589 Si
250 549 353 589 dare
376 550 511 590 sutori
533 550 713 590 calceus
734 550 820 591 ista
838 554 1003 604 potest.
1518 555 1573 598 10

118 674 165 695 me
176 665 341 695 docuerunt
358 664 514 695 literalas:
530 664 604 704 quid
616 664 692 694 mihi
707 663 754 694 rei
768 669 820 695 est
834 675 902 695 cum
911 666 1129 703 grammaticis
1139 669 1169 697 et
1181 665 1379 699 rhetoribus?
1402 667 1433 699 Ο
1451 667 1572 708 Thalia,

110 707 228 747 frange
244 709 323 738 leves
337 708 478 747 calamos,
501 710 530 737 et
543 707 648 738 scinde
663 707 770 747 libros,
791 707 819 737 si
837 709 954 738 calceus
968 711 1069 748 potest
1084 710 1197 740 donare
1212 710 1273 740 isca
1289 710 1399 741 sutori.

775 794 920 826 NOTAE

164 861 182 888 7
207 859 251 889 At
268 867 314 888 me
333 858 487 898 liter-ulus]
512 858 582 890 Per
607 864 816 891 contemtum
914 863 934 890 9
959 860 1083 899 Frange
1099 859 1192 900 leves]
1216 860 1270 891 Sic
1283 860 1384 891 etiam
1395 860 1574 892 ,luvenalis

120 908 229 940 utitur
244 909 307 939 hoc
325 909 439 947 vei-bn,
453 915 555 951 atque
567 910 702 941 insanos
719 916 818 942 vocat
872 911 944 942 Sat.
967 920 1032 942 vn.
1051 913 1101 940 28.
1125 911 1279 952 ‘Frange
1297 911 1398 941 miser
1414 911 1572 950 calamos,

120 964 292 1000 parentes,
309 959 399 1000 quod
417 959 508 990 illum
528 966 618 992 artes
637 961 817 992 nobiliores
871 961 1081 1002 vigilataque
1108 962 1228 1001 praelia
1253 961 1329 993 dele
1341 960 1361 992 :'
1383 962 1444 993 hoc
1459 966 1522 997 est,
1540 963 1570 993 Ο

119 1010 286 1047 neglectis
314 1011 504 1050 pecuniosis
531 1011 725 1053 docuerint,
739 1022 815 1054 quae
871 1012 984 1051 Musa,
1004 1012 1112 1052 abjice
1143 1011 1267 1052 studia,
1297 1012 1463 1054 siquidem
1496 1013 1570 1053 plns

118 1060 246 1092 nullum
262 1060 325 1100 ipsi
340 1059 486 1092 fructum
504 1060 677 1094 afferrent.
872 1062 1012 1104 prodest
1026 1072 1078 1094 ars
1095 1063 1231 1095 sutoria.

739 1247 945 1290 LXXV.

590 1338 653 1367 DE
687 1338 880 1368 EFFIGIE
910 1338 1117 1369 CAMONI.

117 1406 288 1447 Epium
298 1417 363 1447 EM
381 1410 548 1448 tantum
568 1406 691 1459 pueri
713 1407 888 1460 pictura
910 1405 1098 1447 Camoni

173 1474 342 1524 Servat,
363 1479 405 1515 et
420 1474 598 1514 infantis
620 1474 762 1527 prima
782 1472 922 1526 figura
943 1478 1100 1514 manet.

118 1541 346 1582 Florentes
366 1542 489 1582 nulla
511 1541 703 1594 signavit
724 1541 912 1593 imagine
933 1540 1099 1590 vultus,

173 1608 292 1649 Dum
312 1608 437 1650 timet
457 1622 537 1650 ora
557 1609 657 1662 pius
678 1613 802 1649 muta
821 1608 965 1648 videre
988 1612 1130 1661 pater.

162 1718 291 1750 Pictura
317 1722 421 1750 servat
436 1721 558 1749 tantum
582 1718 714 1759 effigiem
739 1717 828 1757 pueri
855 1717 996 1755 Camoni,
1018 1720 1049 1748 et
1074 1720 1176 1747 manet
1191 1716 1298 1754 forma
1322 1717 1434 1757 primoe
1455 1718 1571 1751 aetatis.

115 1762 197 1792 Pius
210 1762 336 1802 genitor
359 1762 444 1792 nulla
465 1761 579 1792 tabella
601 1762 757 1802 expressit
763 1761 933 1802 florentem
950 1759 1082 1799 faciem,
1103 1761 1175 1790 dum
1189 1760 1301 1791 metuit
1323 1764 1463 1801 spectare
1485 1765 1571 1792 muta

116 1814 182 1836 ura.

725 1855 961 1866 Maemw

158 1900 210 1931 De
236 1900 492 1940 Gamoniopuero
508 1899 636 1931 Thnan.
669 1900 880 1931 Pulmannus
907 1900 958 1930 De
989 1899 1129 1930 Gamono
1142 1902 1312 1939 puer0.—-l
1342 1899 1477 1929 Gamom‘
1506 1900 1571 1929 Be-

113 1943 269 1974 verlandi
286 1944 415 1974 Ms.—-2
449 1945 457 1959 ‘
476 1943 515 1973 In
545 1943 611 1974 Ms.
640 1942 834 1974 Gronovius
864 1942 1012 1974 invenit:
1041 1952 1140 1982 parva
1154 1941 1279 1983 figura,
1303 1947 1337 1972 et
1363 1942 1489 1982 placet,
1515 1947 1569 1974 est

114 1986 204 2016 enim
219 1986 400 2026 hypallage
413 1996 474 2025 pro
492 1986 600 2025 parvi.
626 1985 783 2017 Alterum
807 1987 888 2016 satis
904 1991 955 2017 est
971 1985 1088 2016 haberi
1105 1985 1316 2025 Epigramm.
1335 1993 1482 2016 Lxxvn.
1501 1986 1570 2025 pri-

114 2038 221 2069 maque
237 2028 345 2066 forma
362 2028 456 2067 fuit!
479 2029 621 2060 Schrev.
644 2030 761 2060 Manus
771 2028 976 2060 Beverlandi
990 2029 1059 2059 Ms.

768 2114 908 2145 NOTAE

157 2179 173 2207 l
201 2176 295 2207 Pueri
313 2176 457 2216 Camoni]
482 2175 550 2209 Qui
575 2182 674 2209 natus
692 2177 814 2218 viginti
868 2177 1003 2207 curavit
1023 2180 1145 2216 pater3
1169 2186 1223 2217 ne,
1248 2178 1275 2208 si
1303 2177 1437 2208 adultus
1454 2177 1570 2218 pinge-

113 2236 217 2257 annos
236 2228 335 2267 Epig.
360 2230 412 2259 77.
439 2226 526 2258 iufra
551 2233 702 2260 mortuus
729 2233 815 2267 erat,
868 2233 974 2267 retur,
1011 2227 1141 2267 majore
1180 2228 1296 2260 dolore
1332 2228 1573 2269 conficeretur,

114 2277 209 2318 cujus
239 2275 384 2317 effigiem
422 2287 515 2308 more
553 2283 718 2317 veterum,
748 2288 814 2309 non
868 2279 947 2310 (lum
964 2279 1058 2309 illum
1074 2278 1207 2311 videret
1222 2285 1371 2312 mutum:

114 2327 249 2368 quidem
273 2327 395 2367 adulti,
417 2327 478 2358 sed
503 2327 641 2360 infantis
670 2330 814 2370 exprimi
912 2332 930 2361 3
955 2330 1129 2371 Florentes]
1153 2329 1268 2361 AEtate
1283 2331 1426 2362 scilicet.

713 2473 950 2514 LXXVI.

592 2564 621 2592 D
634 2563 657 2591 n
692 2564 748 2592 BA
762 2564 818 2592 LN
832 2564 887 2593 1010
921 2564 1111 2594 'ruccAE.

231 2625 341 2666 NON
366 2628 492 2668 silice
515 2629 640 2679 duro,
664 2631 911 2671 structilive
935 2636 1169 2680 caemento,

232 2692 275 2733 N
280 2706 328 2732 cc
349 2693 479 2735 latere
502 2702 646 2746 cocto,
670 2712 755 2751 quo
777 2698 1035 2739 Semiramis
1056 2700 1228 2752 longam

162 2803 260 2834 Tucca
272 2813 329 2833 non
347 2805 505 2835 exstrwrit
522 2805 661 2838 balneum
682 2809 768 2839 silice
778 2810 866 2850 duro,
888 2814 943 2840 aut
956 2810 1091 2840 structili
1106 2813 1261 2848 coementn,
1283 2819 1340 2839 non
1358 2810 1453 2840 latere
1475 2811 1570 2847 cocto,
