1893 3225
573 238 791 268 EPmRAM
802 237 938 267 MA'I‘U
951 237 981 266 M
1019 237 1063 266 LI
1077 238 1112 266 B.
1147 236 1217 267 IX.

156 332 243 375 Aut
265 337 486 375 crescente
506 334 617 375 levis
639 333 876 374 traheretur
894 332 1104 373 arundine
1125 331 1288 386 praeda,

215 402 401 455 Pinguis
423 407 466 444 et
487 403 723 456 implicitas
743 401 867 454 virga
887 406 1053 442 teneret
1075 414 1208 452 aves;

157 470 271 511 Cara
292 471 417 512 daret
437 472 614 512 solenne
638 471 716 510 tibi
739 471 942 523 cognatio
962 482 1136 519 munus,
1598 469 1623 507 5

216 538 311 579 Nec
330 539 456 580 frater
476 539 620 588 nobis,
643 551 724 579 nec
746 539 867 591 prior
888 543 1006 579 esset
1026 551 1152 578 avus.

157 605 288 646 Nunc
312 611 486 648 sturnos
507 608 679 660 inopes,
699 606 1072 659 fringillarumque
1091 606 1291 659 querelas

212 673 367 724 Audit,
384 680 426 717 et
447 682 600 730 arguto
624 688 805 729 passere
829 680 982 716 vernat
1006 688 1119 728 ager.

163 741 274 782 Inde
297 743 518 784 salutatus
539 745 655 797 picae
675 743 915 797 respondet
936 749 1107 784 arator:

216 811 338 851 Hinc
360 824 494 865 prope
520 824 693 852 summa
713 824 855 865 rapax
875 810 1037 852 milvus
1059 813 1100 852 in
1124 815 1246 852 astra
1268 809 1403 852 volat.

1567 808 1621 848 10

167 878 393 920 Mittimus
416 892 516 932 ergo
538 880 618 920 tibi
640 892 791 933 parvae
815 880 1081 920 munuscula
1102 879 1250 929 cortis,

212 944 379 995 Qualia
400 948 439 988 si
460 948 639 1000 recipis,
661 960 782 1000 saepe
801 947 1080 1001 propinquus
1099 947 1198 987 eris.

154 1078 238 1118 sylva
254 1078 386 1117 Sabina,
408 1082 460 1110 aut
484 1081 593 1119 proeda
609 1081 791 1111 educeretur
813 1080 967 1111 arundine
979 1084 1130 1111 crescente
1154 1079 1187 1110 in
1202 1079 1303 1120 aquis,
1330 1081 1359 1109 et
1384 1078 1503 1108 viscata
1530 1078 1621 1115 ¹virga

154 1124 273 1151 teneret
289 1122 426 1153 volucres
447 1123 587 1153 irretitas
601 1133 612 1159 ;
634 1132 707 1153 cura
722 1123 867 1162 cognatio
889 1123 979 1154 daret
996 1123 1055 1154 tibi
1074 1122 1191 1154 celebre
1205 1123 1331 1160 donum,
1354 1131 1408 1152 nec
1423 1121 1543 1159 frater,
1567 1131 1620 1151 nec

154 1174 230 1194 nous
244 1164 322 1195 mihi
342 1165 445 1205 potior
465 1169 557 1196 esset.

605 1166 711 1204 Nunc,
735 1166 934 1206 querimoniae
960 1167 1084 1206 inopum
1109 1170 1303 1203 sturnorum,
1326 1168 1356 1195 et
1373 1163 1618 1203 fringuillarum

153 1208 322 1238 audiuntur
336 1209 369 1239 in
380 1217 470 1247 agro,
491 1212 521 1239 et
534 1218 666 1239 canorus
676 1218 783 1249 passer
798 1212 924 1239 renovat
938 1219 1002 1240 ver.
1051 1209 1126 1239 Inde
1141 1209 1279 1248 agricola
1291 1208 1444 1238 salutatus
1460 1206 1619 1246 respondit

151 1250 247 1289 picae:
271 1251 342 1282 hinc
357 1252 470 1282 milvus
483 1261 583 1291 rapax
599 1252 682 1282 volat
694 1251 767 1289 fere
785 1253 825 1282 ad
839 1261 958 1282 summu
973 1262 1066 1292 usque
1080 1252 1196 1282 sidera.
1244 1252 1351 1291 Igitur
1366 1250 1523 1281 mittimus
1535 1251 1574 1279 ml
1591 1253 1621 1278 tc

155 1294 335 1325 munuscula
347 1304 454 1335 parvae
469 1295 574 1333 cortis,
596 1295 701 1334 qualia
718 1296 745 1325 εἰ
759 1295 884 1335 recipis,
905 1304 986 1335 soepe
1001 1295 1064 1326 eris
1074 1295 1278 1336 propinquus.

767 1381 906 1393 eeeeeee

909 1381 1006 1392 eeeee

155 1435 245 1475 vulg.
261 1435 422 1467 vadis—5
442 1436 511 1467 Pro
532 1438 615 1467 Cara
641 1437 697 1467 alii
727 1438 842 1468 Clara:
870 1436 930 1467 sed
955 1438 1039 1468 Cara
1066 1437 1192 1467 rectius
1219 1446 1292 1466 esse
1320 1439 1439 1466 censet
1468 1434 1621 1464 Pulman.

155 1477 325 1508 Solemnatz·
354 1488 415 1517 pro
440 1480 560 1510 solenne
587 1479 646 1510 tibi
673 1479 881 1511 Beverlandi
907 1480 974 1511 Ms.
1008 1480 1096 1511 Mihi
1120 1479 1342 1510 Palmam—6
1368 1477 1460 1509 Vobis
1487 1477 1621 1508 id.-10

158 1519 252 1551 Hunc
265 1521 309 1551 id.
333 1521 387 1552 Ad
399 1525 486 1552 astra
500 1522 632 1553 Thnan.
651 1522 730 1554 Vat.

819 1586 959 1618 NOTAE

200 1663 217 1690 3
241 1660 308 1691 Aut
319 1661 485 1702 crescente]
508 1660 576 1692 Alii
590 1662 864 1702 interpretantur

157 1711 286 1752 virgam
319 1720 438 1742 recens
454 1712 652 1752 abscissam,
677 1718 712 1743 et
733 1711 864 1744 flexibi-

156 1764 235 1802 lem,
262 1764 376 1805 qualia
400 1770 478 1795 sunt
503 1764 700 1803 arbuscula,
731 1769 766 1795 at
784 1774 863 1795 vero

156 1814 235 1844 mihi
261 1814 397 1845 videtur
422 1814 650 1854 intelligenda
666 1824 739 1844 esse
757 1814 863 1854 virga,

156 1874 232 1905 quae
254 1869 387 1895 creseat
402 1864 436 1895 in
448 1864 531 1895 locis
547 1864 769 1905 palustribus.
800 1865 864 1896 Le-

157 1919 241 1954 gunt
253 1914 309 1945 alii
323 1918 378 1946 aut
393 1919 546 1946 crescente
561 1916 648 1947 let-is.

198 1970 216 1997 5
237 1967 321 1997 Cara
333 1967 437 2007 daret]
457 1967 465 1983 ‘
479 1967 679 1998 Convivium
693 1966 798 1998 etiam
811 1977 862 1998 so-

160 2019 259 2049 lenne
303 2019 449 2059 majores
483 2019 726 2058 instituerunt,
760 2018 862 2060 idqu'e

155 2069 316 2100 charistia
362 2069 594 2110 appellarunt,
644 2069 698 2100 cui
736 2074 862 2110 praeter

154 2124 316 2160 cognatos
346 2124 381 2150 et
410 2118 529 2150 affines
554 2129 651 2150 nemo
666 2119 862 2160 interpone-

158 2171 276 2201 batur:
305 2175 342 2201 ut
371 2170 399 2201 si
428 2180 505 2211 quae
536 2170 625 2201 inter
652 2171 862 2202 necessarios

155 2221 296 2262 querela
311 2226 403 2252 esset
415 2224 500 2261 orta,
512 2220 603 2262 apud
615 2230 713 2252 sacra
730 2231 864 2263 mensae,

158 2278 192 2302 et
217 2273 307 2303 inter
333 2271 540 2303 hilaritatem
566 2272 766 2310 animorum,
790 2271 862 2303 fau-

160 2323 288 2354 toribus
313 2322 508 2354 coneordiae
537 2323 698 2354 adhibitis
726 2324 862 2355 tollere-

156 2375 245 2406 turz'
291 2375 445 2406 Valerius
470 2375 648 2405 Maximus.

695 2375 752 2406 De
778 2376 862 2416 ejus-

158 2426 249 2456 modi
274 2426 428 2457 convivio
455 2426 605 2467 loquitur
630 2425 751 2457 Poeta.
795 2425 864 2457 Alii

156 2477 276 2517 legunt
287 2477 392 2507 clara.-
415 2476 475 2508 sed
492 2477 611 2508 melior
629 2477 722 2517 prior
738 2477 841 2508 lectio
854 2476 873 2516 3'

157 2527 213 2557 illa
230 2527 318 2558 enim
335 2526 425 2558 festa
443 2527 647 2560 dicebantur
675 2529 684 2545 ‘
697 2537 774 2560 cara
789 2538 866 2570 cog-

919 1661 1100 1693 natorum!
1442 1692 1445 1695 ,

959 1716 978 1743 7
1023 1712 1155 1743 Sturnos
1178 1711 1300 1752 inopes]
1353 1711 1488 1743 Gallice
1522 1711 1625 1741 etum·-

917 1773 1036 1795 neaux:
1053 1764 1173 1804 inopes
1190 1768 1302 1801 vocat,
1314 1762 1402 1804 qnod
1418 1762 1626 1802 pauperibus

919 1815 1135 1846 conveniant.
1201 1812 1472 1853 Fringuillarum:
1511 1813 1622 1843 avium

918 1865 1064 1896 scilicet.
1110 1865 1246 1905 Legunt
1262 1865 1330 1903 alii,
1342 1864 1573 1904 sringillarum,
1591 1871 1626 1893 et

909 1916 1122 1956 frigillorum‚
1140 1926 1215 1957 quae
1230 1915 1279 1946 sic
1303 1915 1521 1956 appellantur
1536 1916 1625 1956 quod

918 1966 1047 2007 frigore
1061 1971 1216 2005 cantent,
1231 1971 1270 1998 ut
1294 1966 1342 1997 ait
1360 1966 1496 1997 Festus.

960 2019 980 2047 8
1008 2017 1127 2048 Vernat
1141 2016 1234 2056 ager]
1257 2016 1369 2047 Poeta
1382 2020 1478 2047 notat
1494 2020 1627 2058 tempus

918 2077 984 2109 quo
996 2067 1260 2099 celebrabantur
1275 2067 1348 2098 haec
1361 2067 1532 2106 charistia,
1549 2076 1627 2097 vere

919 2128 1057 2160 nempe.

962 2172 983 2200 9
1006 2169 1095 2200 Picoe
1108 2169 1287 2210 respondet]
1313 2169 1430 2200 Picam
1455 2169 1626 2200 salutatri-

920 2229 993 2251 cem
1012 2219 1112 2260 dixit,
1127 2219 1185 2251 lib.
1204 2229 1269 2251 vu.
1282 2220 1384 2261 Epig.
1399 2223 1452 2252 87.

964 2274 1003 2302 ll
1026 2271 1213 2302 ,Munuscula
1237 2271 1349 2312 cortis]
1371 2271 1448 2302 Hoc
1465 2275 1530 2310 est,
1545 2280 1625 2300 aver,

917 2321 1136 2353 domesticas,
1155 2322 1230 2354 Lib.
1248 2331 1313 2353 vn.
1331 2322 1431 2363 Epig.
1452 2324 1503 2353 31.
1528 2324 1537 2338 ‘
1552 2331 1629 2351 rau-

918 2382 967 2404 cae
985 2373 1088 2404 cortis
1106 2372 1208 2404 aves.'

964 2426 1002 2454 12
1026 2423 1116 2464 Soepe
1140 2423 1330 2464 propinquus
1351 2423 1428 2465 eris]
1454 2423 1531 2454 Hoc
1557 2429 1621 2457 est,

918 2474 983 2506 tibi
1029 2478 1190 2516 tanquam
1225 2474 1417 2516 propinquo
1456 2474 1626 2515 eJusmodi

918 2535 1062 2558 munera
1079 2526 1224 2558 mittam.
