1893 3225
295 207 381 248 920

783 220 833 248 M.
867 220 980 249 VAL.
1014 220 1288 252 MAR'rlALls

299 311 341 352 A
359 325 460 353 sene
483 311 560 352 sed
583 318 818 367 postquam
841 318 999 368 patruo
1021 329 1178 357 venere
1202 320 1416 369 trecenta3

358 380 540 420 Sobrius
562 393 589 420 a
605 381 781 422 thermis
800 383 942 424 nescit
961 383 1082 423 abire
1099 383 1291 424 domum.

303 446 341 486 O
363 451 571 499 quantum
587 447 775 490 diatreta
796 450 958 500 valent,
978 455 1021 492 et
1037 451 1234 504 quinque
1255 452 1412 493 comati
1429 451 1438 491 !

357 514 497 565 Tunc,
519 529 618 556 cum
639 529 812 570 pauper
831 523 937 568 erat,
960 532 1047 559 non
1069 520 1253 562 sitiebat
1273 518 1411 573 Aper.
1702 522 1757 563 10

299 631 390 662 illius
406 631 458 672 qm·
473 633 560 662 modo
575 632 657 663 lotus
669 642 758 673 eques
770 637 904 672 potaret.
936 634 1000 665 Sed
1013 638 1175 675 postquam
1187 635 1307 675 accepit
1324 638 1475 665 trecentos
1488 644 1625 666 nummos
1636 646 1654 666 a
1668 646 1756 667 sene:

298 685 317 705 a
332 675 461 705 thermis
474 673 574 706 siccus
588 676 694 716 nequit
712 676 815 707 redire
840 678 974 709 domum.
1023 679 1051 707 0
1071 682 1221 718 quantum
1243 681 1369 718 possunt
1389 679 1547 717 diatheca,
1570 682 1600 709 et
1625 679 1758 720 quinque

297 718 395 758 pueri
405 718 542 750 comati!
565 721 637 749 tuuc
654 719 742 759 Aper
756 729 816 750 non
830 719 970 759 sitiebat,
992 730 1060 751 cum
1077 725 1144 752 erat
1161 731 1285 760 egenus.

908 804 1125 816 ‘eumer
1133 804 1148 815 ο

296 867 325 887 υ.
343 859 472 889 trecenti
487 857 566 888 edd.
584 861 670 888 vett.
695 856 762 889 Hic
779 867 913 898 quoque
929 858 1088 897 legantur
1105 859 1190 890 Not.
1207 858 1355 889 Van—9
1370 857 1425 888 Sic
1443 858 1510 889 Ms.
1528 857 1666 889 Beverl.
1682 867 1758 889 cum

299 904 413 931 tamen
436 910 611 940 possumus
625 910 753 937 errare,
769 900 848 931 dum
866 902 1106 942 Manuscripto
1129 901 1335 932 Beverlandi
1352 901 1538 931 varietates
1555 901 1733 932 tribuimus
1749 912 1757 932 :

297 952 372 973 nam
389 945 399 961 ‘
413 953 524 985 neque
541 944 626 975 adeo
642 948 772 974 certum
789 944 924 983 liabe0,'
951 945 999 975 ait
1018 943 1262 982 Wensdorfius‚
1287 947 1295 961 ‘
1312 954 1406 975 eaene
1423 944 1620 982 varietates,
1639 944 1760 985 quibus

296 987 420 1017 nullam
437 987 566 1018 codicis
582 992 697 1017 notam
711 986 845 1018 addidit
862 987 1109 1026 Beverlaudus,
1130 987 1191 1018 soli
1210 987 1315 1028 ipsius
1330 987 1464 1028 iugenio
1486 997 1528 1017 an
1542 987 1676 1018 cuidam
1692 987 1759 1018 Ms.

298 1028 512 1060 debeantur!
535 1031 580 1061 Et
597 1030 644 1060 sic
661 1029 759 1068 habe,
776 1030 919 1068 Lector,
944 1030 986 1061 de
1003 1031 1143 1072 reliquis
1171 1030 1268 1069 locis,
1293 1030 1349 1061 ubi
1375 1040 1451 1061 eum
1467 1030 1536 1060 Ms.
1554 1030 1758 1061 notavimus.

296 1071 352 1102 Sic
367 1073 451 1112 legit
466 1078 502 1104 et
517 1073 583 1104 Ms.
609 1073 642 1103 in
671 1083 776 1112 marg.
802 1073 858 1103 ed.
885 1074 965 1105 Par.
993 1076 1087 1104 1617.
1111 1084 1210 1114 quain
1236 1073 1289 1105 ed.
1316 1073 1436 1113 Langii
1459 1072 1643 1114 aliquando
1661 1082 1758 1104 voca-

297 1124 380 1145 mus.
426 1116 577 1148 Dv'atheta
593 1115 645 1147 ed.
661 1116 765 1147 Barb.
812 1116 965 1148 Diatheca
981 1116 1059 1148 edd.
1077 1121 1162 1149 vett.
1187 1117 1316 1148 Rursus
1332 1125 1431 1157 cape,
1444 1116 1581 1155 Lector,
1595 1116 1629 1146 in
1643 1125 1759 1147 manus

295 1158 379 1190 Not.
396 1158 481 1190 Var.

953 1212 1092 1245 NOTAE

339 1285 357 1313 7
382 1283 409 1314 A
432 1283 516 1323 sene]
542 1282 627 1314 Cum
653 1287 825 1314 trecentos
843 1292 996 1315 nummos

295 1332 357 1363 sibi
389 1333 528 1364 relictos
566 1333 741 1374 cujusdam
771 1334 861 1364 senis
892 1338 996 1365 testa-

295 1388 412 1415 mento
432 1384 635 1424 accepisset.
651 1385 785 1425 Legunt
799 1385 854 1415 alii
868 1385 998 1424 melius,

296 1438 335 1465 ut
352 1434 489 1475 opinor:
506 1434 533 1465 A
550 1444 621 1466 sene
636 1435 688 1465 sed
710 1438 871 1475 postquam
883 1438 997 1475 patruo

295 1495 404 1516 venere
420 1488 566 1516 trecenta.
590 1484 701 1515 Millia
723 1494 844 1526 nempe
872 1490 996 1517 sester-

300 1535 397 1571 tium,
410 1545 484 1576 quae
508 1545 636 1566 summa
650 1535 748 1575 longe
766 1535 885 1576 major.

339 1588 359 1615 9
415 1586 443 1615 O
481 1589 630 1626 quantum
651 1586 790 1618 diatreta
824 1586 998 1628 [diatheca]

294 1636 430 1674 Διαθηκὴ
451 1640 693 1668 testamentum
728 1643 801 1669 est:
846 1637 999 1679 intellige

296 1688 385 1720 bona
415 1689 535 1721 relicta
557 1692 774 1720 testamento.
818 1689 1000 1721 Turnebus

1052 1282 1113 1314 lib.
1130 1291 1248 1314 xxvu.
1271 1293 1348 1323 cap.
1375 1285 1427 1314 31.
1449 1281 1534 1322 legit
1557 1282 1707 1321 diatreta,
1723 1286 1759 1314 et

1053 1334 1220 1365 diatretos
1261 1334 1387 1365 calices
1413 1333 1662 1374 interpretatur
1691 1334 1758 1365 cla-

1053 1390 1165 1425 vatos,
1180 1384 1313 1427 {quibus
1341 1384 1498 1415 nimirum
1526 1384 1664 1415 insertae
1691 1384 1760 1414 sint

1053 1445 1216 1476 gemmae:
1243 1434 1300 1466 alii
1325 1434 1522 1474 intelligunt
1547 1434 1671 1465 calices
1695 1444 1761 1466 coe·

1053 1486 1141 1517 latos
1158 1490 1195 1517 et
1211 1485 1402 1516 tornatiles.
1446 1483 1572 1516 Videat
1593 1486 1715 1516 lector.

1098 1540 1138 1569 10
1165 1538 1346 1576 Tunc-,cum
1358 1536 1492 1578 pauper]
1513 1536 1643 1569 Seneca
1658 1536 1714 1568 lib.
1732 1546 1759 1568 1.

1057 1589 1099 1620 de
1131 1588 1307 1620 beneficiis
1338 1598 1414 1630 cap.
1438 1591 1471 1619 9.
1504 1587 1760 1619 ‘Detestantur

1056 1640 1130 1671 haec
1155 1641 1188 1671 in
1205 1639 1376 1679 felicibus,
1401 1639 1520 1670 eadem
1538 1638 1565 1669 si
1583 1638 1759 1680 potuerint

1055 1689 1205 1722 facturi.'

925 1822 1116 1864 LXXI.

827 1912 908 1942 AD
959 1913 1074 1942 LYG
1096 1912 1240 1942 DUM.

413 1977 511 2018 Νη
532 1991 628 2027 non,
650 1978 816 2032 Lygde,
838 1979 945 2020 mihi
966 1993 1102 2033 negas
1121 1979 1311 2033 roganti:

413 2045 476 2088 At
496 2045 719 2100 quondam
739 2046 860 2097 mihi,
881 2047 1050 2103 Lygde,
1073 2048 1134 2089 nil
1154 2048 1366 2102 negabas.

955 2152 987 2184 N
992 2152 1099 2184 OTAE

346 2214 361 2242 1
389 2212 497 2252 Negas
507 2213 651 2254 roganti]
674 2214 749 2246 Lib.
770 2225 820 2247 xi.
839 2216 938 2258 Epig.
952 2219 1005 2250 74.

1095 2220 1115 2248 2
1141 2217 1199 2248 Nil
1210 2215 1357 2256 negabas]
1383 2215 1458 2247 Lib.
1475 2223 1525 2246 lv.
1542 2213 1643 2254 Epig.
1662 2215 1713 2243 12.

917 2345 1132 2386 LXXII.

840 2436 906 2465 AD
940 2434 1221 2465 PANNICUM.

299 2497 328 2539 J
334 2509 397 2539 UG
408 2510 503 2540 ΕΒΑ
525 2505 747 2542 mercatus
767 2515 906 2556 prope
923 2503 1054 2544 busta
1074 2502 1248 2544 latentis
1270 2500 1416 2553 agelli,

355 2567 414 2608 Et
434 2569 549 2610 male
569 2574 814 2624 compactae
836 2571 1028 2611 culmina
1042 2570 1155 2611 fulta
1176 2581 1311 2618 casae,

345 2676 376 2707 Ο
397 2678 543 2719 Pannice,
565 2679 657 2711 emtis
663 2678 829 2719 jugeribus
834 2678 934 2718 juxta
949 2680 1038 2712 busta
1054 2681 1184 2712 latentis
1199 2680 1307 2719 agelli,
1330 2683 1360 2710 et
1368 2677 1467 2717 sultis
1478 2675 1661 2708 culminibus
1675 2685 1755 2706 casce

902 2754 940 2765 θ’
944 2755 1056 2766 ιον-Νι
1059 2755 1096 2766 Ν
1100 2754 1137 2765 00

342 2800 361 2828 2
387 2797 571 2838 Compositoe
589 2797 666 2830 cod.
690 2798 827 2830 Beverl.
852 2803 887 2831 et
902 2799 979 2832 cod.
1001 2799 1034 2830 in
1061 2808 1168 2841 marg.
1198 2798 1251 2830 ed,
1272 2798 1351 2830 Par.
1377 2799 1537 2829 lem—5
1560 2794 1754 2834 Tisinamquv

289 2839 370 2872 cod.
388 2841 528 2873 Beverl.
