1893 3225
258 226 341 266 560
734 237 783 265 M.
818 236 930 266 VAL.
964 236 1240 266 MAnTlAms

258 331 377 382 Quid
401 335 490 373 tam
511 343 632 385 saepe
654 344 798 372 meum
820 331 946 372 nobis
967 331 1188 373 abducere
1213 331 1431 382 Quintum

314 400 379 440 Te
396 400 539 453 juvat,
562 405 606 440 et
625 399 744 440 lenta
763 399 1004 440 detinuisse
1024 402 1176 441 mora?

256 467 374 518 Quid
398 467 661 508 Nomentani
682 480 860 508 causam
882 467 988 507 mihi
1010 467 1158 521 perdis
1181 467 1326 521 agelli,
1687 470 1716 510 5

315 535 499 588 Propter
517 535 708 576 vicinum
728 535 804 588 qui
826 535 1050 588 pretiosus
1070 537 1190 576 erat?

258 603 345 644 Sed
361 604 457 657 jam
480 616 611 657 parce
631 602 752 652 mihi,
768 615 844 643 nec
867 603 1063 652 abutere,
1086 602 1271 652 Narnia,
1293 600 1489 652 Quinto:

315 670 538 724 Perpetuo
559 671 692 711 liceat
714 670 779 711 sie
801 671 879 711 tibi
899 676 1035 724 ponte
1055 670 1156 711 frui.

256 794 310 816 cnr
334 785 433 824 placet
449 786 512 813 tam
532 781 716 821 frequenter
739 780 865 819 anferre
880 781 967 812 nobis
979 791 1078 812 meum
1105 781 1271 819 Quintum,
1301 784 1332 812 et
1347 781 1486 812 detinere
1509 791 1594 812 mora
1609 782 1691 813 lenta
1703 780 1720 813 ?

260 826 420 865 Curfacis
433 827 577 856 damnum
595 826 785 854 Nomentano
795 834 858 855 meo
868 825 979 863 agello,
994 825 1045 864 qui
1061 834 1149 854 carus
1163 828 1230 855 erat
1241 828 1367 864 propter
1384 825 1520 855 vicinum
1532 825 1720 858 Quintum?

258 870 380 909 Atjam
392 870 515 908 ignosce
527 868 615 907 mihi,
632 877 650 897 ο
664 868 797 906 Narnia,
815 877 868 898 nec
883 866 1010 898 abutere
1028 867 1157 902 Quinto.
1203 867 1257 898 Sic
1265 867 1321 905 sas
1332 867 1373 898 sit
1397 867 1455 898 tibi
1471 867 1582 899 habere
1594 871 1720 909 pontem

258 917 450 954 perpetuum.

873 962 991 972 ‘me‘
995 962 1113 973 mese-e

298 1029 315 1057 1
342 1023 630 1057 BeverlandiMs.
660 1023 773 1054 circuit
799 1023 897 1053 amnis
929 1024 1167 1054 Candidus—6
1204 1023 1270 1054 Pro
1302 1023 1388 1063 turpi
1419 1023 1498 1054 citio
1529 1023 1582 1064 qui
1608 1024 1719 1056 codex

260 1069 449 1101 Pulmanni.

919 1108 1059 1140 NOTAE

301 1178 319 1206 3
343 1175 502 1206 Abducere
520 1173 686 1214 Quintum]
710 1172 873 1203 Ovidium
897 1172 958 1203 sci-

256 1226 352 1263 licet,
366 1224 407 1255 de
419 1223 788 1265 q1101i11.x.}25›ig.44.

299 1279 317 1306 5
344 1274 493 1314 Causam]
517 1274 680 1305 Hoeloco
691 1283 793 1304 causa
803 1273 960 1312 sumitur,

257 1332 294 1358 ut
307 1326 439 1368 opinor,
455 1335 515 1366 pro
538 1325 778 1356 emolumento.
824 1324 869 1353 Et
885 1332 961 1353 sen-

258 1387 314 1408 sus
342 1381 415 1408 est:
443 1376 473 1406 Ο
507 1375 650 1412 Narnia,
682 1384 742 1405 cnr
768 1384 820 1404 me
848 1374 961 1414 privas

255 1428 486 1459 emolumento
507 1426 578 1467 agri
602 1426 668 1456 mei
695 1424 912 1462 Nomentani,
928 1424 960 1454 in

256 1488 322 1520 qno
365 1477 496 1508 scilicet
521 1477 594 1516 jam
631 1476 786 1506 babitare
828 1485 960 1515 nequeo

259 1532 403 1570 propter
429 1527 617 1558 absentiam
649 1526 797 1558 Quinti?
840 1526 959 1556 Domi-

257 1585 324 1615 tius
353 1584 402 1614 sic
435 1583 709 1620 interpretatur:
744 1579 775 1610 Ο
816 1578 958 1616 Narnia,

1015 1182 1075 1203 cur
1098 1171 1209 1203 aufers
1235 1182 1369 1203 causam
1394 1173 1530 1205 amandi
1555 1174 1650 1206 illum
1669 1185 1722 1207 re-

1015 1233 1161 1261 cessum,
1177 1229 1212 1254 et
1230 1225 1438 1264 voluptatem
1456 1234 1555 1264 quam
1570 1234 1633 1265 ego
1647 1235 1722 1266 per-

1016 1274 1186 1315 cipiebam
1208 1279 1350 1314 propter
1373 1275 1538 1307 Quintum
1553 1275 1719 1307 vicinum?

1017 1325 1161 1358 Jndicet
1176 1325 1290 1356 lector.

1060 1378 1079 1406 S
1107 1375 1263 1415 Perpetuo
1293 1375 1398 1416 liceat]
1431 1375 1461 1407 Ο
1496 1376 1642 1416 Narnia,
1672 1379 1720 1410 sic

1017 1424 1193 1455 incolumis
1209 1425 1253 1455 sis
1270 1434 1346 1454 cum
1374 1426 1499 1456 eximio
1525 1431 1583 1457 tuo
1601 1434 1720 1468 ponte,

1016 1476 1073 1516 qui
1090 1475 1172 1506 duos
1197 1476 1364 1516 abruptos
1389 1483 1520 1507 montes
1541 1479 1641 1518 (quos
1665 1489 1721 1510 an-

1015 1537 1097 1566 ceps
1133 1527 1256 1567 jugum
1304 1526 1422 1568 vocat)
1462 1528 1718 1562 subterlabente

1012 1577 1151 1609 flumine
1160 1576 1343 1617 jungebat.

896 1756 1075 1799 XCIV.

844 1847 908 1877 DE
942 1845 1138 1875 PAmLo.

265 1917 476 1959 UNGUEN
486 1928 548 1957 TU
558 1926 591 1955 M
613 1914 771 1964 suerat,
789 1913 908 1968 quod
927 1926 1048 1966 onyx
1067 1911 1203 1953 modo
1223 1924 1361 1965 parva
1382 1912 1555 1964 gerebat
1573 1925 1582 1952 :

318 1984 481 2026 Olfecit
502 1988 737 2037 postquam
759 1981 961 2035 Papilus,
979 1993 1083 2020 ecce
1105 1992 1254 2033 garum
1274 1984 1356 2020 est.

307 2101 508 2140 Unguentum
515 2099 638 2138 suerat,
653 2098 732 2139 quod
745 2098 837 2138 paulo
853 2099 924 2128 ante
938 2094 1114 2127 continebat
1132 2096 1249 2135 exigua
1277 2105 1380 2136 onyx:
1402 2099 1565 2137 postquam
1591 2095 1722 2136 Papilus

262 2145 408 2175 odoratus
423 2148 482 2183 est,
499 2153 563 2174 ecce
570 2152 682 2183 garum
696 2144 752 2172 est.

868 2191 1065 2203 themu
1069 2192 1108 2203 eo·

306 2261 360 2292 De
379 2260 543 2300 Pamphilo
559 2258 737 2299 inscriptio
753 2262 806 2289 est
831 2257 866 2288 in
883 2256 1091 2288 Beverlandi
1109 2256 1240 2287 Ms.—1
1266 2255 1363 2288 Jnnt.
1381 2264 1436 2285 an.
1455 2257 1548 2286 1512.
1563 2259 1636 2304 ῌυα,
1653 2253 1673 2287 i.
1688 2264 1720 2288 e.

258 2331 369 2362 part-a.
414 2321 423 2337 ‘
439 2320 566 2350 Merito
590 2319 754 2349 mirantur
779 2318 834 2349 hie
859 2317 923 2348 viri
946 2317 1039 2349 docti
1054 2316 1090 2347 τὸ
1105 2327 1189 2357 onyx
1210 2315 1368 2346 foemineo
1393 2326 1530 2356 genere.
1576 2315 1717 2346 Scribo:

261 2365 340 2404 quod
352 2373 435 2403 onyx
451 2364 538 2394 modo
546 2372 640 2402 puri-e
653 2362 806 2401 gerebas;
830 2366 869 2392 ut
882 2361 992 2401 ipsum
1005 2370 1064 2391 vas
1082 2360 1288 2401 alloquatur,
1302 2359 1390 2400 quod
1407 2358 1565 2401 frequens
1583 2358 1719 2399 poetae!

265 2407 451 2437 Gronovius.
496 2406 563 2437 Sed
581 2405 658 2436 vide
674 2405 760 2436 Plin.
779 2404 836 2435 lib.
853 2412 1000 2435 xxxvu.
1017 2413 1094 2444 cap,
1109 2406 1140 2434 6.

915 2479 1060 2511 NOTAE

306 2548 322 2577 l
351 2543 462 2585 Onyx]
485 2543 562 2574 Hoc
592 2547 656 2582 est,
683 2553 741 2574 vas
775 2548 964 2584 unguenta-

259 2596 346 2627 rium
359 2604 402 2626 ex
418 2604 526 2634 onyce
542 2593 684 2625 factum.

303 2650 323 2678 2
349 2645 480 2686 Olfecit]
505 2645 644 2686 Papilus
670 2644 755 2676 adeo
777 2646 865 2676 male
895 2646 964 2677 ole-

264 2698 334 2737 bat,
358 2703 396 2729 ut
424 2695 541 2727 afflatu
570 2705 631 2727 suo
663 2702 836 2737 unguenta
859 2696 963 2728 etiam

1015 2541 1226 2574 nobilissima
1242 2545 1487 2582 corrumperet.

1062 2593 1184 2624 Garum
1211 2593 1272 2634 est]
1294 2592 1480 2632 Liquumen
1507 2601 1628 2633 nempe
1653 2593 1720 2634 pis-

1017 2644 1122 2686 cium,
1135 2644 1178 2676 de
1191 2655 1256 2687 quo
1270 2645 1396 2676 dictum
1411 2645 1468 2676 lib.
1484 2654 1532 2676 Vl.
1549 2645 1649 2686 Epig.
1663 2648 1717 2678 93.

1872 636 1874 641 <
1861 409 1876 630 Ama-m.
1858 0 1884 403 ‘cr-mnam
