1893 3225
46 852 141 1001 ‘l'

563 255 969 287 EmanMMA'rUM
1005 258 1102 288 Lm.
1135 258 1205 290 xi.
1531 252 1615 294 823

281 352 401 394 Hinc
422 353 518 394 exit
538 355 707 395 varium
729 367 837 395 coeo
859 355 1056 405 minutal,

279 421 340 462 Ut
360 422 519 463 lentem
541 423 731 475 positam
753 422 989 476 fabamque
1011 424 1183 466 credas:

279 490 461 531 Boletos
478 491 684 540 imitatur,
708 495 754 531 et
773 492 977 541 botellos,

278 558 334 599 Et
354 557 539 598 caudam
558 558 692 611 cybii,
715 559 966 612 brevesque
989 572 1180 600 maenas:

278 626 400 667 Hinc
420 626 625 667 cellarius
647 627 868 680 experitur
888 631 1023 674 artes,
1561 632 1615 673 15

278 693 338 734 Ut
360 693 522 735 condat
543 695 665 734 vario
686 694 806 734 vafer
828 707 988 747 sapore

279 762 332 802 ln
355 767 462 803 rutae
485 762 641 803 folium
659 760 947 815 Capellianae.

277 830 350 871 Sic
372 831 524 885 implet
542 831 741 883 gabatas,
763 829 1129 883 pampsidasquc,

232 906 236 910 ’
275 897 331 938 Et
347 897 470 940 leves
493 898 701 947 scutulas,
724 909 948 951 cavasque
968 898 1129 938 lances.

276 965 381 1006 Hoc
403 966 571 1006 lautum
593 969 732 1019 putat,
753 964 838 1006 hoc
860 968 987 1018 putat
1007 967 1251 1013 venustum,
1557 966 1614 1008 20

276 1031 422 1073 Unum
445 1047 607 1087 ponere
629 1033 807 1074 ferculis
827 1036 890 1074 tot
910 1046 1069 1074 assem.

163 1142 223 1172 tris
235 1153 246 1179 ;
268 1152 308 1173 ex
321 1142 369 1173 his
383 1153 470 1174 cocus
485 1142 607 1185 conficit
623 1143 754 1174 minutal
765 1142 898 1181 varium,
920 1145 955 1172 ut
967 1145 1056 1182 putes
1069 1142 1180 1172 lentem
1192 1141 1338 1182 positam,
1353 1141 1522 1180 etsabam;
1543 1143 1616 1174 imi·

160 1189 247 1216 tatur
262 1185 375 1217 boletos
390 1190 419 1216 et
436 1185 571 1225 botellos,
592 1189 622 1217 et
646 1187 775 1216 caudam
798 1185 891 1225 cybii,
915 1189 942 1215 et
961 1185 1063 1215 breves
1080 1195 1213 1216 maenas:
1236 1195 1276 1215 ex
1291 1185 1340 1215 his
1351 1195 1476 1225 promus
1492 1186 1615 1225 experi-

160 1232 213 1259 tur
225 1232 319 1268 artes,
341 1232 374 1259 nt
390 1229 519 1260 callidas
534 1229 621 1259 vario
637 1238 745 1268 sapore
767 1230 878 1258 condat
906 1228 939 1258 in
946 1228 1063 1265 folium
1087 1231 1166 1258 rutoe
1190 1228 1379 1269 capellianoe.
1424 1228 1479 1258 Sic
1506 1229 1613 1268 implet

158 1271 301 1309 gabatas,
324 1275 355 1302 et
377 1272 569 1312 par-apsidas,
591 1276 620 1302 et
643 1273 722 1302 lez-es
746 1271 892 1309 scutulas,
915 1275 945 1301 et
960 1281 1050 1301 caras
1076 1271 1187 1302 lances.
1232 1271 1303 1302 Hoc
1331 1271 1464 1312 appellat
1482 1271 1613 1311 lautum,

161 1315 215 1344 hoc
230 1314 327 1345 credit
344 1319 515 1354 venustum,
536 1315 712 1355 impendere
726 1323 820 1345 unum
834 1324 933 1345 assem
948 1314 980 1345 in
997 1314 1184 1351 totfercula.

760 1387 996 1398 eeeeeeeeeeee

163 1433 333 1464 vell—16
356 1432 522 1463 Gruterus
542 1442 584 1462 ex
607 1432 718 1463 Palat.
734 1432 819 1472 legit
848 1432 889 1463 Ut
901 1433 1108 1462 credat.—17
1135 1431 1222 1462 Ruta
1241 1431 1422 1472 Capelliana
1439 1431 1491 1462 ed.
1507 1431 1611 1462 Barb.

163 1476 246 1506 Rute
262 1477 441 1515 Capelliana
457 1475 537 1506 Ald.
554 1475 770 1507 Junt.C01in.
795 1475 891 1505 Rutae
920 1475 1100 1514 Capelliana
1131 1474 1185 1504 ed.
1218 1475 1298 1504 Par.
1326 1477 1419 1505 1617.
1449 1475 1536 1504 Vult
1560 1475 1612 1505 De

167 1519 262 1559 Rooy
291 1519 333 1549 Ut
354 1519 477 1549 condiat
501 1528 530 1548 v.
555 1528 584 1549 υ.
610 1527 633 1549 s.
678 1518 716 1548 In
743 1520 823 1548 rutae
838 1517 921 1555 solio
951 1518 1246 1558 Capellianus.—18
1275 1517 1389 1548 Palm.
1418 1518 1613 1557 parapsides-

165 1564 320 1600 que.—20
348 1561 391 1592 H.
417 1562 440 1592 l.
464 1564 551 1591 vocat
574 1560 652 1591 edd.
678 1565 764 1591 vett.
782 1565 815 1590 et
836 1559 981 1591 Fan-nab.
1022 1560 1124 1600 Legit
1149 1560 1318 1591 Gruterus
1343 1563 1461 1600 putat:
1483 1570 1523 1590 ex
1547 1570 1612 1602 quo

165 1604 288 1635 ceterh

813 1645 951 1677 NOTAE

202 1712 239 1740 ll
265 1709 419 1750 Minutal]
453 1710 556 1742 Cibus
585 1714 658 1741 erat
681 1720 724 1741 ex
750 1709 855 1741 variis
954 1712 993 1741 17
1019 1710 1058 1740 In
1083 1713 1162 1741 rutoe
1177 1710 1307 1750 solium]
1354 1709 1396 1741 Id
1421 1715 1485 1750 est,
1507 1710 1614 1742 instar

159 1761 260 1792 rebus
276 1762 430 1792 minutim
448 1762 589 1793 concisis
606 1761 728 1793 faetus.
909 1759 982 1790 folii
997 1765 1083 1791 rutae
1100 1761 1312 1801 capellianae,
1328 1760 1376 1791 sic
1387 1757 1613 1792 denominatae

200 1814 241 1843 12
268 1812 311 1842 Ut
327 1812 452 1852 lentem]
491 1812 567 1844 Hoc
583 1817 648 1851 est,
672 1817 710 1843 ut
727 1812 856 1852 pultem
909 1811 964 1841 vel
989 1821 1007 1840 a
1032 1811 1230 1850 capillorum
1262 1811 1491 1851 multitudine,
1517 1813 1570 1842 vel
1593 1823 1613 1842 a

156 1862 326 1894 existimes
342 1863 532 1894 confectam
547 1873 589 1894 ex
607 1864 698 1894 lente
714 1869 748 1894 et
764 1862 855 1894 saba.
911 1863 1022 1902 capris
1043 1863 1267 1902 sylvestribus
1285 1873 1359 1904 quae
1375 1863 1464 1893 illam
1492 1863 1612 1904 depas-

200 1917 239 1945 13
265 1914 418 1954 Botellos]
443 1915 559 1945 Genus
570 1923 693 1954 nempe
710 1913 856 1945 farcimi-
910 1918 1003 1943 cunt.
1049 1914 1183 1952 Legunt
1206 1914 1275 1953 alii,
1291 1914 1330 1944 In
1344 1918 1416 1944 ruta
1430 1914 1544 1952 folium.
1565 1925 1614 1945 ca-

154 1965 218 2004 nis,
231 1965 274 1997 de
291 1976 357 2007 quo
372 1965 431 1996 lib.
447 1975 480 1997 v.
498 1966 597 2006 Epig.
612 1968 665 1996 78.
683 1965 740 1996 ubi
757 1970 792 1996 et
813 1964 855 1996 de
906 1965 1052 2004 pellium,
1066 1965 1166 1995 male.
1368 1959 1373 1968 '

155 2016 256 2056 cybio
273 2016 368 2056 pisce
383 2016 523 2047 dietum.
558 2051 561 2054 .
954 2017 994 2045 18
1019 2015 1170 2055 Gabutas,
1192 2015 1446 2058 paropsidesque]
1478 2017 1610 2048 Lances

199 2069 238 2097 14
261 2066 399 2106 Moenas]
443 2066 630 2096 pisciculos
656 2065 699 2096 de
733 2065 852 2106 quibus
909 2070 986 2096 sunt
999 2065 1081 2096 varii
1099 2067 1245 2106 generis.

154 2116 285 2148 Plinius
302 2117 358 2149 lib.
374 2126 512 2148 xxxni.
524 2126 598 2158 cap.
615 2119 646 2147 7.

767 2220 997 2263 XXXII.

688 2312 738 2341 lN
775 2310 1056 2341 NESTOREM.

158 2378 264 2419 NEC
287 2382 399 2432 toga,
417 2392 500 2419 nec
521 2379 649 2419 focus
671 2382 751 2428 est,
775 2390 856 2418 nec
879 2378 1012 2418 tritus
1034 2377 1193 2419 cimice
1214 2378 1369 2427 lectus,

214 2445 313 2486 Neo
334 2447 414 2487 tibi
435 2447 488 2487 de
503 2447 656 2487 bibula
677 2450 797 2487 sarta
816 2445 979 2501 palude
999 2451 1148 2499 tegesz

200 2557 266 2587 Nec
280 2555 371 2586 habes
385 2558 501 2595 togam,
526 2566 579 2588 nec
586 2555 706 2597 focum,
728 2565 783 2587 nec
804 2555 901 2587 cubile
927 2556 1039 2587 tritum
1065 2556 1183 2596 cimice,
1204 2565 1260 2587 nec
1287 2559 1418 2596 tegetem
1441 2557 1607 2596 confectam

199 2694 317 2726 Codex
332 2693 462 2725 Thuan.
478 2703 539 2734 pro
556 2695 594 2725 In
606 2696 803 2738 plerumque
818 2696 925 2727 habet
940 2696 1067 2727 ,Aa—5
1086 2695 1201 2727 Noster
1216 2696 1282 2727 Ms.
1300 2696 1435 2726 Beverl.

814 2771 951 2803 NOTAE

200 2827 218 2854 2
246 2823 354 2863 Teges]
378 2823 508 2854 Gallice
525 2826 620 2855 natte.
