1893 3225
584 250 986 281 ssmcRAMMATUM
1024 250 1117 280 ΜΒ.
1151 250 1256 281 X1v.
1543 240 1656 281 1065

848 345 994 377 NOTAE

242 416 252 442 1
283 411 449 452 (fo-maedis]
475 411 546 442 Lib.
564 421 626 443 vn.
646 411 745 452 Epig.
763 414 816 442 81.
896 414 905 448 ξ
951 421 1002 442 w.
1016 421 1103 442 vers.
1116 414 1168 442 73.
1213 412 1222 429 ⁴
1236 411 1386 443 Solvitur
1402 410 1452 442 his
1465 420 1584 451 magno
1601 421 1654 443 co-

238 467 257 494 2
282 463 392 494 Fibula
409 463 482 503 quid
502 462 647 503 praestut]
684 462 808 494 Juven.
823 461 895 492 Sat.
952 462 1053 492 moedi
1068 461 1194 492 fibula?

813 635 1038 678 CCXVI.

712 741 742 769 A
784 739 1125 769 CCIPITER.

197 821 382 861 Pssffino
406 821 489 861 suit
509 821 751 868 volucrum,
770 818 967 859 famulus
989 830 1107 857 nunc
1129 816 1316 870 aucupis
1334 829 1342 857 :
1375 815 1491 856 idem

254 888 446 942 Decipit,
469 892 510 929 et
528 891 685 941 captas
706 900 791 927 non
810 886 897 926 sibi
918 888 1076 925 moeret
1097 897 1218 925 aves.

237 1004 423 1042 I’roedofuz't
439 1004 552 1043 urium,
573 1013 655 1034 nunc
674 1012 779 1034 servus
792 1004 940 1042 aucupis:
965 1002 1045 1032 idem
1060 1001 1163 1040 fallit,
1187 1005 1217 1032 et
1247 1001 1329 1031 dolet
1357 1000 1493 1030 volucres
1516 999 1651 1030 nonsibi

196 1051 311 1087 captas.

854 1087 995 1119 NOTAE

238 1159 252 1185 l
280 1154 482 1194 Praedofuit]
520 1154 596 1184 Hoc
613 1158 676 1191 est,
702 1152 895 1192 prinsquam
952 1161 1042 1191 aves,
1058 1161 1147 1181 nunc
1164 1151 1286 1191 aucupi
1300 1151 1404 1191 capit.

192 1204 434 1236 mansuefieret
458 1204 633 1244 accipiter,
648 1203 711 1234 sibi
737 1202 896 1243 capiebat
993 1206 1013 1233 2
1032 1202 1103 1232 Non
1118 1201 1191 1242 sibi]
1207 1201 1274 1232 Sed
1290 1201 1415 1241 aucupi
1429 1210 1489 1231 suo
1505 1200 1651 1231 domiuo.

792 1375 1039 1416 CCXVII.

722 1475 1124 1505 OPSONATOR.

196 1553 286 1593 Dic
310 1558 488 1606 quotus,
511 1557 554 1594 et
575 1554 728 1607 quanti
749 1554 904 1607 cupias
926 1567 1101 1595 coenare
1121 1568 1131 1605 3
1163 1568 1246 1596 nec
1269 1568 1408 1595 unum

256 1621 494 1662 Addideris
516 1622 694 1662 verbum
715 1634 724 1661 z
758 1634 887 1663 coena
908 1626 1064 1675 parata
1084 1622 1167 1662 tibi
1183 1629 1261 1663 est.

236 1733 352 1771 Profer
375 1735 484 1805 quotzs
506 1742 549 1772 es,
569 1742 626 1772 quo
639 1733 742 1773 pretio
757 1742 875 1763 coenare
899 1732 986 1772 telis,
1011 1742 1065 1762 nec
1090 1731 1256 1770 subjeceris
1281 1742 1374 1763 unum
1397 1731 1540 1763 terbum:
1564 1743 1648 1764 coena

192 1777 343 1807 instructa
358 1779 404 1807 est
424 1775 450 1806 tz'
472 1775 494 1807 ἱ.

771 1827 1010 1838 mooun-‘vva‘

235 1886 248 1913 l
277 1882 333 1914 Sic
350 1882 425 1913 cod.
444 1883 581 1913 Beverl.
599 1886 634 1913 et
651 1881 728 1913 cod.
744 1881 776 1912 in
793 1891 900 1921 marg.
915 1881 968 1912 ed.
984 1881 1064 1912 Par.
1082 1884 1176 1914 1617.
1222 1883 1268 1912 Es
1283 1881 1360 1913 edd.
1377 1886 1463 1912 vett.

846 1974 986 2005 NOTAE

235 2038 423 2080 Opsonator]
456 2038 490 2069 Is
513 2048 636 2080 nempe
666 2044 719 2069 est
735 2039 791 2079 qui
807 2038 891 2069 cibis
946 2038 1110 2078 vivarum,
1139 2042 1175 2069 et
1215 2048 1276 2078 pro
1307 2040 1438 2070 ratione
1475 2038 1650 2079 impensae,

189 2095 224 2121 et
241 2089 388 2130 opsoniis
400 2089 638 2129 comparandis
655 2093 789 2130 praeest.
945 2089 1162 2129 splendidum
1190 2094 1249 2120 aut
1284 2089 1418 2130 frngale
1458 2089 1649 2121 convivium

235 2143 250 2171 l
264 2140 326 2171 Dic
336 2139 461 2180 quotus]
474 2140 561 2171 Nam
577 2149 637 2181 pro
656 2149 794 2170 numero
810 2149 889 2171 con·
946 2139 1186 2180 apparabatur.

781 2310 1054 2353 CCXVIII.

620 2413 811 2443 CALAMI
848 2413 877 2442 A
887 2413 1207 2456 UCUPATORH.

204 2484 309 2525 Non
329 2489 494 2526 tantum
517 2487 713 2536 calamis,
733 2487 811 2527 sed
834 2493 968 2528 cantu
992 2487 1152 2529 fallitur
1168 2487 1275 2536 ales,

249 2553 425 2594 Pallida
444 2553 547 2593 dum
568 2555 701 2595 tacita
721 2556 885 2596 crescit
908 2555 1072 2596 arundo
1094 2568 1239 2596 manu.

230 2663 310 2693 Avis
324 2671 384 2692 non
407 2664 529 2692 tantum
554 2662 795 2696 circumvenitur
818 2666 956 2706 calamis,
977 2667 1031 2696 sed
1057 2669 1149 2697 cantu
1167 2665 1283 2703 etiam,
1305 2665 1379 2695 dum
1404 2665 1521 2695 arundo
1544 2664 1647 2695 dolosa

197 2705 356 2744 subjicitur
371 2714 464 2735 manu
479 2705 588 2735 tacita.

796 2759 1032 2771 ‘veterent-ecee

232 2814 250 2841 2
277 2811 402 2842 Callida
417 2810 496 2843 edd.
513 2811 590 2844 Par.
606 2815 700 2845 1617.
715 2813 819 2844 Barb.
836 2814 952 2846 Maitt.
