1893 3225
248 238 332 279 928
725 244 775 274 M.
810 243 922 272 vAL.
956 239 1234 270 MAR'riAms

363 352 585 402 Quantum
608 362 692 390 nec
710 348 800 389 duo
822 347 1014 389 dicerent
1034 344 1216 395 Catulli,

365 420 418 461 In
440 418 618 460 thermis
638 417 784 458 subito
806 415 1076 457 Neronianis
1679 412 1707 452 5

362 487 491 529 Vidit
512 500 558 528 se
575 486 722 534 miser,
742 489 785 527 et
803 488 949 526 tacere
971 483 1122 538 coepit.

249 606 375 638 luebant
387 616 490 637 omnes
505 605 653 644 testiculi,
674 608 821 645 quantum
835 614 890 635 nec
905 606 1068 644 carperent
1084 603 1144 633 duo
1164 600 1297 640 Catulli,
1320 598 1434 638 infelix
1448 599 1610 639 derepente
1624 607 1708 639 spec·

251 650 331 681 taz-it
347 660 378 680 se
392 650 426 680 in
440 649 570 681 thermis
588 647 791 687 Neronianis,
813 650 842 678 et
858 647 951 687 coepz't
969 646 1072 677 silere.

909 742 1048 775 NOTAE

298 813 317 840 4
343 810 499 845 Quantum
536 819 591 840 nec
623 808 697 849 cluo]
730 808 884 839 Catullus
917 807 952 837 in
1050 808 1070 835 6
1111 805 1224 837 Tacere
1257 804 1364 846 ccepz't]
1400 804 1525 834 Factus
1569 806 1605 833 et
1639 800 1712 842 ipse

253 861 353 892 hasce
400 870 454 891 res
505 868 668 890 venereas
715 857 954 899 hyperbolitcfis
1009 857 1197 888 herniosus.

254 911 350 943 dicit.

786 1124 851 1154 AD
887 1122 1201 1154 POLYTIMUM.

262 1204 569 1254 NoLUERAM,
592 1202 828 1257 Polytime‚
851 1206 949 1244 tuos
971 1201 1137 1243 violare
1158 1201 1346 1257 capillos
1366 1214 1375 1241 :

319 1272 409 1313 Sed
423 1273 552 1327 juvat
573 1271 658 1313 hoc
679 1272 888 1325 precibus
907 1284 976 1312 me
998 1270 1209 1312 tribuisse
1229 1270 1333 1311 tuis.

260 1341 387 1381 Talis
411 1354 508 1381 eras
529 1340 662 1380 modo
684 1344 814 1380 tonse
837 1339 1021 1393 Pelops,
1042 1338 1289 1393 positisque
1310 1336 1486 1377 nitebas

322 1408 542 1458 Crinibus,
558 1412 610 1448 ut
629 1411 774 1448 totum
794 1419 961 1461 sponsa
980 1407 1152 1447 videret
1174 1407 1294 1447 ebur.

308 1524 339 1555 O
359 1524 525 1565 Polytime,
547 1525 705 1554 nolueram
721 1523 834 1555 violare
857 1527 928 1554 tuas
951 1533 1070 1554 comas.-
1095 1524 1149 1554 sed
1168 1523 1271 1564 placet
1293 1522 1349 1553 hoc
1369 1533 1389 1552 a
1412 1531 1459 1553 me
1473 1531 1646 1553 concessum
1661 1523 1723 1553 tuis

262 1567 414 1607 precibus.
461 1569 492 1599 Ο
517 1567 631 1606 Pelops
653 1570 739 1598 tonse
761 1568 848 1598 modo
870 1567 943 1598 talis
969 1576 1049 1607 eras,
1071 1569 1101 1598 et
1119 1566 1268 1606 fulgebas
1295 1565 1417 1606 capillis
1432 1565 1543 1604 tonsis,
1565 1569 1598 1596 ut
1613 1574 1724 1606 sponsa

268 1614 420 1650 spectaret
437 1614 534 1641 totum
550 1610 632 1640 clmr.

926 1673 1067 1705 NOTAE

311 1753 331 1780 2
355 1749 416 1780 Sea
440 1749 550 1790 juvat]
574 1749 692 1780 'ronsis
719 1748 808 1779 enim
839 1748 972 1789 capillis
1027 1747 1224 1789 decerptus,
1247 1748 1334 1779 alter
1361 1747 1531 1779 eburneus
1547 1757 1566 1778 a
1582 1747 1654 1778 Diis
1678 1755 1730 1777 re-

266 1802 380 1831 lactea
393 1805 452 1831 tua
467 1800 557 1832 colla
578 1799 750 1838 videntur,
776 1809 851 1840 qnae
867 1800 972 1830 comis
1027 1800 1169 1830 stitutus
1192 1803 1257 1838 est,
1286 1809 1385 1840 quern
1408 1803 1514 1830 totum
1538 1798 1657 1829 videre
1674 1807 1731 1838 po-

268 1850 484 1891 tegebantur.
1028 1854 1118 1880 terat
1142 1848 1389 1890 Hippodamia,
1411 1849 1483 1890 ejus
1499 1858 1596 1880 uxor.
1643 1848 1730 1881 Quae

314 1904 332 1931 3
358 1900 484 1942 Pelops]
509 1901 571 1932 Cui
608 1902 767 1932 humerus
797 1911 815 1931 a
845 1901 972 1932 Cerere
1026 1900 1169 1931 historia
1183 1900 1266 1932 satis
1284 1904 1376 1931 nota.

866 2057 1157 2101 LXXXVI.

775 2162 836 2192 IN
886 2160 1250 2191 FABULLUM.

393 2242 749 2282 PAEmconus
774 2254 825 2281 os
848 2240 971 2281 olere
991 2238 1117 2281 dicis.

393 2308 500 2348 Hoc
523 2308 577 2358 si,
599 2308 714 2348 sicut
734 2308 816 2357 ais,
840 2307 1044 2356 Fabulle,
1064 2319 1213 2347 verum
1233 2309 1315 2355 est,

397 2375 515 2425 Quid
539 2382 587 2416 tu
608 2376 752 2417 credis
773 2375 889 2416 olere
912 2374 1209 2427 cunnilingis?

936 2484 1079 2517 NOTAE

329 2554 347 2581 3
375 2551 460 2586 Quid
477 2552 525 2591 tu]
553 2552 662 2583 Notat
690 2550 865 2583 Fabullum
895 2550 988 2592 turpi
1013 2549 1107 2583 vitio.
1151 2548 1314 2581 Videlib.
1331 2557 1374 2581 ιι.
1392 2548 1491 2591 Epig.
1508 2551 1559 2580 31.
