1893 3225
541 254 943 283 izvionAMMA'ruu
982 254 1072 283 [AB.
1105 255 1176 284 xi.
1503 246 1588 287 807

138 349 381 403 Penelopae
404 349 506 390 licet
526 362 622 390 esse
643 349 723 389 tibi
745 350 824 389 sub
848 349 1049 402 principe
1073 348 1249 390 Nerva:
1559 351 1585 390 5

193 417 278 458 Sed
301 417 501 470 prohibet
519 417 706 467 scabies,
730 417 1039 470 ingeniumque
1060 422 1202 457 vetus.

136 484 312 535 Infelix,
333 485 440 539 quid
461 485 592 538 ages?
625 498 785 538 aegram
808 485 1038 525 simulabis
1060 485 1283 526 amicam?

196 552 395 594 Haerebit
412 553 597 594 dominae
620 554 685 594 vir
704 566 856 594 comes
873 554 970 607 ipse
991 566 1107 595 suae:

132 619 222 661 Ibit
243 626 286 662 et
307 621 363 662 ad
382 620 556 662 fratrem
579 624 740 670 tecum,
760 626 1049 674 matremque,
1071 624 1340 675 patremque.

190 687 315 738 Quas
332 689 463 742 igitur
477 688 651 729 fraudes
671 688 901 741 ingeniosa
920 689 1084 741 paras?
1528 688 1583 728 10

134 755 264 796 Dicet
279 760 322 797 et
341 756 604 810 hystericam
628 769 674 796 se
694 756 876 797 forsitan
895 757 1034 797 altera
1053 756 1231 798 moecha

189 822 240 864 Iu
260 823 530 865 Sinuessano
552 824 666 865 velle
683 824 831 865 sedere
851 824 963 865 lacu.

131 890 310 942 Quanto
332 895 378 932 tu
397 892 555 932 melius
574 892 581 932 !
615 892 786 945 quoties
808 893 956 945 placet
974 892 1037 932 ire
1059 891 1267 940 fututum,

187 958 303 1009 Quae
320 973 470 1000 verum
493 960 635 1001 mavis
652 960 810 1010 dicere,
832 960 1003 1010 Paulla,
1026 960 1133 1001 viro.

127 1083 185 1111 est.
231 1080 328 1111 Potes
341 1091 405 1112 esse
420 1082 573 1121 Penelope
583 1081 638 1112 snb
652 1081 794 1121 principe
811 1081 918 1113 Ner-ra
932 1092 941 1112 .-
963 1082 1017 1112 sed
1036 1081 1167 1122 impedit
1181 1079 1310 1119 scabies,
1322 1082 1352 1110 et
1370 1081 1482 1109 natura
1498 1077 1582 1109 inre-

125 1126 239 1154 terata.
286 1124 420 1163 Misera,
436 1125 510 1164 quid
518 1124 641 1162 facies?
669 1125 695 1155 F
696 1125 827 1163 ingesne
842 1128 997 1164 oegrotare
1012 1123 1162 1157 amicam?
1186 1124 1328 1155 Maritus
1344 1123 1410 1162 ipse
1420 1121 1582 1152 comitabi-

124 1171 177 1196 tur
190 1176 275 1197 suam
290 1167 443 1198 dominam
456 1178 465 1196 .-
489 1171 580 1207 atque
596 1167 694 1198 adibit
708 1171 807 1198 tecum
816 1167 967 1206 fratrem,
983 1172 1014 1199 et
1023 1172 1157 1208 patrem,
1180 1170 1210 1197 et
1233 1169 1375 1197 matrem.
1421 1165 1506 1200 Quos
1519 1164 1580 1203 igi-

125 1212 177 1239 tur
190 1210 274 1240 dolos
293 1209 464 1251 artificiosa
479 1210 599 1240 moliris
611 1210 626 1242 ’.Ι
650 1211 746 1241 forte
760 1211 859 1241 altera
882 1211 1024 1241 adultera
1040 1210 1135 1248 dicet,
1160 1220 1192 1241 se
1207 1209 1365 1240 ictericum
1381 1208 1456 1238 velle
1476 1208 1579 1238 sedere

121 1253 155 1282 in
177 1252 244 1282 lucu
261 1252 461 1284 Sinuessano.
507 1253 632 1288 Quanto
655 1257 689 1284 ίιι
710 1253 820 1283 melias
864 1253 881 1270 ἕ
927 1253 946 1270 *
990 1254 1010 1271 *
1056 1263 1075 1284 o
1098 1254 1225 1293 Panna,
1239 1262 1308 1292 quoe
1324 1251 1421 1282 mavis
1434 1249 1579 1291 proferre

119 1295 283 1326 veritatem
294 1296 418 1327 marito.

729 1348 967 1360 eeeeeeeeeeee

120 1400 154 1432 in
179 1401 254 1432 aliis
278 1402 359 1434 libb.
385 1403 521 1443 legitur,
547 1403 703 1434 induxit!
727 1405 959 1436 Palinurum—6
984 1404 1169 1444 Ingeniique
1190 1405 1291 1434 metus
1304 1402 1372 1433 Ms.
1392 1401 1575 1433 Pulmann.

119 1447 203 1516 —x—ll
221 1445 426 1519 l{Ioiftericarn
439 1446 519 1477 edd.
541 1451 627 1478 vett.
666 1447 861 1479 Hister-icam
875 1458 910 1479 se
925 1449 1041 1489 legere
1058 1453 1157 1479 notat
1181 1446 1401 1477 Pulmannus.
1426 1444 1575 1476 Consule

157 1497 205 1518 ω’
293 1509 301 1518 ’
777 1533 916 1564 NOTAE

162 1592 315 1636 Stropha]
338 1594 489 1626 Fallacia
503 1600 569 1635 est,
594 1595 695 1637 Epig.
713 1599 743 1627 7.
759 1596 817 1628 lib.
874 1597 1098 1637 intelligatur,
1124 1597 1181 1638 qui
1209 1596 1350 1627 libidine
1373 1595 1575 1636 plerumque

122 1652 178 1674 111.
228 1677 230 1679 ,
875 1649 1029 1680 levatur:
1045 1647 1159 1689 ὑστέρα
1169 1649 1282 1679 vulva.
1304 1647 1394 1678 vide
1409 1647 1576 1688 Epignm-

160 1698 178 1724 5
193 1695 371 1737 Penelopae]
389 1696 492 1738 Cujus
505 1696 669 1738 pudicitia
682 1707 699 1728 a
711 1697 822 1738 poetis
875 1699 973 1731 infra.

118 1744 290 1776 celebrata
307 1751 370 1778 est.
918 1753 958 1781 12
997 1750 1035 1781 In
1051 1749 1252 1789 Sinuessano]
1285 1748 1390 1789 Cujus
1417 1757 1514 1790 aquae
1543 1758 1576 1779 e-

157 1798 178 1825 6
202 1795 344 1836 Scabies]
365 1795 538 1836 Pruritus,
571 1802 606 1828 et
636 1802 734 1828 vetus
760 1805 818 1829 tua
872 1806 949 1832 rant
965 1801 1210 1832 saluberrimae.
1242 1800 1374 1831 Plinius
1390 1800 1447 1832 lib.
1463 1808 1575 1831 xxxi.

115 1843 235 1875 libido.
870 1861 945 1891 cap.
957 1854 989 1882 2.

160 1899 196 1926 ll
216 1896 419 1937 Hystericam
451 1898 648 1939 [Ictericam]
677 1898 810 1930 Gallice
915 1904 955 1931 14
981 1902 1058 1936 Quae
1084 1911 1190 1932 verum
1212 1900 1326 1940 maris]
1357 1901 1443 1934 Quae
1468 1901 1573 1931 mavis

112 1946 164 1986 qni
175 1959 192 1978 a
210 1948 398 1986 lajaum'sse.
411 1950 588 1981 Turnebus
601 1951 623 1981 l.
636 1959 720 1982 vm.
738 1960 814 1992 cap.
871 1951 970 1983 fateri
986 1952 1176 1992 libidinem,
1190 1961 1291 1994 quam
1304 1951 1421 1982 dolosa
1435 1960 1576 1982 excusa-

115 2001 146 2028 4.
165 1999 247 2040 legit
266 1999 466 2040 hystericam,
495 2005 532 2031 ut
551 2001 688 2032 morbus
705 2002 813 2034 vnlvae
871 2003 965 2034 tione
983 2003 1043 2034 uti.

775 2157 914 2199 VIII.

558 2248 620 2277 DE
657 2247 815 2278 misus
847 2248 928 2277 sm
963 2247 1130 2278 PUERt.

114 2313 273 2354 LASSA
295 2314 415 2367 quod
437 2315 603 2355 externi
625 2315 797 2368 spirant
819 2315 1108 2368 opobalsama
1128 2316 1290 2367 drauci,

170 2381 340 2424 Ultima
360 2383 481 2436 quod
504 2396 640 2424 curvo
663 2396 763 2437 quae
786 2383 907 2424 cadit
928 2397 1039 2425 aura
1057 2397 1203 2435 croco,

736 2471 953 2482 eeeeeeeeee

152 2512 260 2543 Addit
283 2512 335 2543 ed.
353 2514 456 2545 Barb.
480 2516 520 2546 ud
549 2514 774 2546 Sabinum—1
803 2515 952 2546 Hesterni
977 2515 1032 2547 ed.
1065 2515 1141 2547 ead.
1189 2516 1278 2548 Vide
1308 2516 1414 2548 Notas
1443 2518 1567 2559 Delpli.

770 2592 915 2624 NOTAE

155 2657 167 2684 1
211 2653 306 2684 Lassa
331 2655 422 2694 quod,
457 2654 528 2694 Sym]
565 2655 657 2686 Nihil
693 2660 806 2697 potest
860 2656 994 2687 suavius
1009 2656 1134 2688 liabent
1157 2657 1281 2689 odores
1300 2657 1333 2688 in
1357 2658 1468 2699 aliquo
1492 2657 1568 2689 Asi-

110 2704 216 2743 magis
251 2703 382 2735 fatuum
418 2704 483 2735 hac
521 2706 690 2746 scriptura
721 2707 806 2738 dari.
862 2707 1565 2750 atico,Graeco‚AEgyptio,quamItalico?

107 2755 116 2771 ‘
131 2753 307 2785 Draucus'
332 2763 396 2784 non
428 2759 481 2785 est
512 2764 596 2794 puer
623 2755 807 2796 delicatus,
863 2760 953 2799 Ergo
967 2758 1141 2791 sufficiunt
1155 2762 1164 2777 ‘
1177 2761 1351 2792 hesterni.’
1367 2761 1482 2792 Nihilo
1495 2771 1564 2792 me-

109 2804 165 2836 sed
180 2804 265 2836 bene
278 2808 312 2835 et
326 2804 462 2836 nimium
481 2805 538 2835 vir.
586 2806 675 2838 Quid
695 2811 807 2837 autem
864 2811 926 2842 lius
943 2821 950 2841 z
974 2817 1029 2844 aut
1047 2813 1135 2844 enim
1155 2813 1294 2844 evanuit
1311 2813 1365 2844 ille
1391 2813 1473 2845 odor
1506 2817 1564 2843 aut
