1893 3225
563 255 968 286 EPIGRAMMATUM
1006 255 1098 284 mis.
1123 256 1228 284 xiv.
1509 242 1620 284 1067

825 349 854 380 N
861 350 964 380 0¹1·AE

217 432 229 457 1
262 430 330 459 Nou
346 427 437 467 satis]
474 427 547 457 Non
571 425 648 456 satis
672 428 717 455 est
742 434 794 455 ars
809 424 870 454 sola
927 423 1001 453 Hoc
1019 428 1085 462 est,
1103 433 1170 454 non
1196 421 1317 454 sufficit
1333 427 1370 453 ut
1387 432 1486 453 cocus
1504 423 1547 453 sit
1570 433 1620 453 ar-

172 492 255 510 cocot
290 478 405 510 servire
431 479 535 518 palato
571 477 674 516 Atque
703 485 789 506 cocus
818 476 871 505 ‹10-
926 474 968 505 tis
986 484 1054 504 sua:
1073 475 1225 514 peritus;
1251 474 1309 504 sed
1327 473 1431 504 debet
1446 473 1532 503 scire
1550 473 1622 514 qui-

170 532 244 561 minz'
282 530 366 560 dehet
404 528 514 560 habere
548 528 666 568 gulam.
732 528 787 557 Sic
823 528 871 557 in·
925 525 986 555 bus
1003 525 1152 565 opsoniis
1173 524 1365 555 oblectetur
1387 523 1554 563 dominus,
1569 533 1624 554 cu-

171 582 347 622 tes-punxit
372 579 546 610 Turnebus
568 578 626 610 lib.
649 588 702 610 ix.
727 588 801 618 cap.
817 580 870 609 24.
919 575 977 616 jus
994 576 1107 616 palato
1120 575 1246 605 servire
1262 579 1408 615 oportet.

785 752 1015 795 CCXXI.

596 862 812 892 CRATICU
825 862 880 891 LA
917 861 1017 890 CUM
1054 859 1206 889 VERU.

174 942 349 982 PARx'A
366 942 447 982 tibi
470 953 606 982 curva
628 939 843 981 craticula
866 939 990 980 sudet
1014 938 1170 979 osella:

229 1010 450 1063 Spumeus
470 1009 515 1049 in
534 1009 667 1060 longa
687 1007 871 1060 cuspide
893 1007 1029 1047 fumet
1051 1018 1169 1060 aper.

217 1145 344 1183 Exigua
358 1144 447 1182 osella
463 1144 521 1175 tibi
537 1145 626 1176 sudet
641 1145 674 1175 in
697 1154 790 1174 curva
802 1144 975 1174 craticula:
1000 1152 1140 1182 spumeus
1165 1151 1245 1172 vero
1271 1151 1346 1181 aper
1366 1141 1469 1179 sumet
1485 1141 1518 1172 in
1533 1141 1621 1181 longo

174 1197 257 1217 ''eru-

782 1238 1017 1250 eeeeeeeeeeee

217 1306 383 1336 Cracamla
398 1304 525 1346 absque
541 1314 615 1335 veru
630 1303 779 1335 Turneb.
802 1303 858 1335 lib.
872 1312 922 1335 ix.
948 1313 1023 1344 cap.
1037 1305 1150 1334 24.—1
1180 1303 1266 1334 Rura
1284 1302 1358 1334 cod.
1386 1302 1524 1333 Beverl.
1540 1301 1627 1332 Vide

173 1348 275 1379 Ovid.
293 1358 326 1388 p.
339 1350 434 1379 3803.
451 1351 575 1378 nostrae
593 1347 646 1378 ed.

833 1411 863 1442 N
870 1411 972 1442 OTAE

216 1491 230 1517 l
260 1486 378 1526 Ofella]
417 1486 551 1518 Ofellas
575 1485 729 1526 intellige
753 1494 872 1516 carnes
927 1484 1051 1516 torreri
1063 1485 1183 1525 jubet:
1199 1489 1234 1515 at
1245 1485 1442 1525 grandiores
1458 1484 1547 1516 feras
1560 1485 1628 1516 vel-

173 1536 340 1577 conditas‚
353 1542 387 1568 et
406 1536 496 1577 globi
508 1535 618 1567 forma
633 1536 798 1574 concisas,
813 1534 874 1566 lib.
928 1538 978 1570 uti
994 1548 1094 1579 apros
1111 1548 1193 1569 veru
1206 1538 1366 1569 assandos
1378 1538 1489 1570 docet.

174 1597 208 1619 x.
236 1588 334 1628 Epig.
362 1590 416 1619 48.
442 1597 524 1628 quas
555 1596 656 1627 super
676 1586 875 1618 craticulam

771 1763 1027 1805 CCXXII.

631 1865 803 1895 PISTOR
841 1863 1168 1895 DULcleus.

175 1946 347 1987 MrLLE
368 1946 448 1988 tibi
470 1945 622 1986 dulces
644 1957 823 1999 operum
842 1956 998 1983 manus
1021 1943 1107 1984 ista
1126 1942 1288 1995 figuras

234 2014 457 2056 Exstruit:
488 2013 592 2053 huic
612 2012 687 2052 uni
707 2024 843 2064 parca
863 2010 1031 2051 laborat
1053 2010 1167 2063 apis.

214 2141 281 2171 Ista
297 2149 404 2171 manus
419 2138 479 2170 tibi
485 2139 607 2177 format
623 2137 705 2168 mille
720 2137 824 2167 dulces
829 2135 957 2178 figuras
971 2145 1112 2177 operum:
1135 2146 1230 2177 parca
1242 2136 1310 2177 apis
1324 2136 1441 2167 laborat
1453 2137 1523 2168 Ιιιιὶυ
1541 2138 1603 2169 nni.

788 2231 1021 2243 eeeeeeeeeeee

215 2305 229 2332 1
258 2301 352 2332 Melle
368 2300 402 2331 in
418 2308 524 2340 marg.
539 2298 593 2330 ed.
610 2298 807 2338 mugit—2
833 2298 970 2330 Extruec
984 2298 1017 2330 in
1035 2299 1170 2330 eodem.

832 2405 972 2437 NOTAE

219 2489 235 2516 1
261 2484 351 2515 Mille
374 2482 447 2523 tibi]
482 2482 612 2515 Quales
633 2481 754 2522 figurae
789 2491 878 2513 nunc
934 2482 1017 2513 adeo
1047 2482 1206 2514 laudatur
1232 2492 1253 2513 a
1274 2481 1397 2520 Poeta,
1422 2485 1460 2512 ut
1489 2485 1631 2522 propter

175 2537 262 2567 fiunt
278 2544 321 2565 ex
335 2533 450 2571 melle,
467 2541 618 2572 saccaro,
630 2537 666 2563 et
681 2531 804 2564 farina.
933 2533 1022 2564 hunc
1037 2543 1139 2565 unum
1157 2533 1198 2564 ab
1214 2532 1335 2574 apibus
1350 2532 1418 2564 mel
1444 2530 1563 2564 confici
1581 2531 1630 2562 di-

216 2589 237 2616 2
261 2584 346 2616 Huic
369 2582 439 2624 uui]
462 2581 528 2613 Ars
555 2582 693 2623 pistoris
722 2582 878 2614 dulciarii
933 2589 1000 2615 cat.
