1893 3225
243 256 329 295 894
721 262 767 290 M.
804 261 915 290 vAL.
952 258 1225 289 MArcrmms

845 422 1101 464 XXXIII.

808 516 869 545 DE
908 512 1135 542 LABlENo.

250 587 318 628 U'r
342 600 499 641 pueros
521 590 679 626 emeret
696 584 930 631 Labienus,
954 580 1149 622 vendidit
1170 579 1346 620 hortos:

303 656 379 697 Nil
402 656 486 695 nisi
503 655 680 695 ficetum
701 665 812 693 nune
837 651 1060 691 Labienus
1081 649 1226 690 habet.

900 760 1038 792 NOTAE

286 834 306 861 2
333 830 390 860 Nil
406 829 467 860 nisi
482 829 625 870 ficetum,
650 827 717 867 Sym]
741 826 827 856 Vide
846 825 942 865 Epig.
1000 823 1168 862 Intelligit
1185 832 1307 862 pueros
1330 832 1371 852 ex
1389 821 1538 862 nequitia
1564 821 1697 859 ficosos,

245 886 292 913 lo.
310 891 424 921 supra.
470 880 573 912 Jocus
591 883 644 909 est
671 878 703 908 iu
721 876 943 916 ambiguitate
1000 880 1035 904 ut
1053 873 1108 904 lib.
1126 882 1175 904 xv.
1193 873 1292 913 Epig.
1306 875 1357 903 52.
1386 877 1419 903 et
1434 872 1491 903 lib.
1517 881 1578 903 vu.
1599 872 1700 912 Epig.

242 933 408 974 wofificus:
425 942 499 962 euin
515 931 619 969 dicat,
638 929 785 960 Labieno
802 937 843 957 ex
867 927 943 956 hor-
997 928 1049 956 70.
1066 930 1100 956 et
1114 925 1170 956 lib.
1187 934 1211 956 1.
1227 924 1325 965 Epig.
1341 927 1394 955 06.

243 985 285 1015 tis
313 992 491 1024 superesse
517 981 588 1012 ficis
619 979 786 1011 consitum
813 988 942 1018 agrum.

819 1140 1068 1183 XXXIV.

645 1233 710 1262 AD
742 1231 932 1262 JULiUM
970 1229 1289 1259 MARTmLEM.

413 1303 665 1343 Tssmwm
690 1300 812 1349 mihi,
833 1302 1109 1352 quatuorque
1132 1310 1301 1338 messes

413 1371 595 1418 Tecum,
618 1370 655 1409 si
677 1368 871 1416 memini,
893 1366 1026 1415 fuere,
1050 1364 1169 1406 Juli:

419 1439 614 1489 Quarum
636 1436 786 1477 dulcia
802 1435 944 1475 mixta
965 1437 1064 1473 sunt
1086 1432 1272 1483 amaris3

415 1506 505 1547 Sed
521 1504 722 1559 jucunda
744 1508 887 1543 tamen
908 1500 1024 1540 fuere
1046 1500 1189 1553 plura.

418 1574 474 1615 Et
494 1575 531 1614 si
555 1572 756 1614 calculus
777 1569 919 1610 omnis
940 1568 1027 1608 huc
1050 1575 1092 1608 et
1114 1568 1221 1608 illuc
1673 1583 1701 1610 ς)

417 1643 632 1684 Diversus
653 1639 910 1691 bicolorque
933 1637 1173 1689 digeratur:

417 1710 575 1751 Vincet
596 1707 791 1750 eandida
813 1706 940 1746 turba
961 1705 1208 1757 nigriorem.

413 1779 462 1820 Si
482 1779 622 1818 vitare
643 1776 755 1817 velis
777 1774 938 1816 acerba
960 1773 1184 1826 quaedam,

416 1848 474 1889 Et
493 1848 638 1888 tristes
660 1845 794 1886 animi
817 1855 970 1884 cavere
990 1854 1180 1892 morsus,

416 1915 542 1956 Nulli
562 1919 604 1956 te
627 1914 767 1955 facias
788 1911 918 1952 nimis
940 1910 1148 1950 sodalem.
1644 1912 1700 1952 10

415 1982 649 2024 Gaudebis
671 1981 830 2027 minus,
853 1984 895 2019 et
919 1978 1062 2018 minus
1084 1977 1272 2017 dolebis.

290 2095 320 2125 Ο
338 2095 421 2133 «Ιιιὶἱ,
445 2094 472 2124 si
495 2094 631 2129 memini,
653 2092 722 2122 vixi
738 2095 838 2122 tecum
861 2089 996 2128 triginta
1012 2092 1042 2120 et
1058 2091 1190 2129 quatuor
1204 2090 1317 2125 annis,·
1334 2099 1458 2129 quorum
1481 2090 1619 2119 suavitas
1641 2100 1700 2120 non

239 2138 311 2176 fuit
326 2139 391 2168 sine
403 2137 563 2173 arnarz'tz'e,
579 2139 612 2166 at
628 2135 830 2165 nihilominus
852 2133 954 2172 plures
962 2131 1055 2170 fuere
1070 2133 1184 2163 dulces.
1230 2133 1273 2162 Ec
1290 2134 1317 2163 si
1336 2133 1468 2162 calculus
1488 2133 1585 2163 onmis
1598 2133 1699 2162 direr-

245 2192 308 2220 sus,
322 2184 351 2211 et
368 2181 482 2210 bicolor
496 2179 703 2210 distribuatur
718 2178 775 2207 huc
794 2180 825 2207 et
841 2176 922 2214 illuc,
934 2174 1026 2205 'albas
1041 2185 1183 2205 uumerus
1198 2175 1353 2214 superabit
1371 2175 1549 2213 nigriorem.
1596 2176 1635 2206 Si
1647 2186 1698 2205 cu-

242 2224 312 2263 pias
333 2224 487 2254 declinare
507 2223 655 2262 quasdam
678 2220 844 2258 molestius,
866 2222 895 2249 et
919 2219 1020 2248 'citare
1044 2218 1167 2248 acerbos
1182 2228 1298 2249 morsus
1313 2219 1420 2257 animi,
1433 2228 1500 2248 cum
1514 2219 1594 2248 nullo
1611 2220 1695 2248 ineas

244 2267 373 2297 nimium
389 2266 571 2297 amicitiam.
617 2263 794 2295 Laetaberis
810 2263 925 2300 minus,
941 2264 970 2292 et
986 2261 1126 2291 moerebis
1140 2261 1251 2291 minus.
1495 2264 1503 2267 ’

850 2334 1091 2346 ‘reema-stoec-

288 2393 470 2425 ,nartiacem
486 2392 648 2424 omittunt
666 2390 744 2422 edd.
757 2390 905 2420 vett.—l
932 2387 1056 2418 Menses
1072 2387 1147 2418 cod.
1170 2388 1372 2419 Beverl.—7
1399 2389 1617 2428 Nigrimntem
1633 2390 1677 2421 id.

906 2463 1045 2495 NOTAE

288 2533 341 2564 Ad
354 2533 390 2563 J.
405 2533 452 2563 M.
476 2532 541 2573 [Ad
553 2532 605 2572 J.]
629 2530 770 2561 Addunt
785 2529 841 2560 alii
858 2529 947 2559 Mar-
1045 2531 1062 2558 7
1094 2528 1203 2559 Vincet
1232 2528 1378 2568 candidu]
1404 2529 1522 2560 Plures
1548 2539 1702 2560 numera-

246 2584 361 2614 tiulem.
385 2583 472 2614 Vide
489 2583 548 2614 lib.
572 2591 626 2614 lx.
640 2582 740 2622 Epig.
753 2584 806 2612 99.
1002 2579 1127 2610 buntur
1144 2579 1216 2610 dies
1230 2579 1360 2618 felices,
1377 2590 1476 2620 quani
1492 2581 1615 2611 moesti.

295 2640 307 2667 1
334 2635 495 2675 Triginta]
521 2634 652 2668 Quibus
679 2637 851 2664 manserat
878 2632 946 2663 Ro·
1043 2633 1062 2661 9
1086 2630 1195 2661 Animi
1220 2629 1351 2670 morsus]
1385 2630 1460 2661 Hoc
1486 2635 1551 2669 est,
1579 2640 1700 2661 moero-

247 2697 309 2717 mae
326 2698 333 2717 ε
349 2686 407 2717 lib.
424 2694 459 2716 x.
478 2685 576 2725 Epig.
595 2688 667 2716 104.
1001 2692 1084 2720 rem,
1103 2691 1122 2712 a
1140 2692 1206 2722 quo
1228 2681 1409 2713 conficitur
1430 2681 1569 2712 animus.

290 2742 308 2767 5
335 2738 378 2767 Et
408 2737 437 2767 si
461 2735 609 2775 calculus]
644 2734 828 2775 Lapidibus
859 2733 944 2765 albis
1042 2736 1080 2764 ll
1100 2732 1259 2764 Gaudebis
1271 2731 1387 2772 minus]
1402 2731 1596 2763 Amicorum
1611 2731 1698 2761 enim

247 2786 350 2818 fausti
366 2787 449 2825 dies,
470 2786 574 2827 nigris
592 2795 672 2817 vero
694 2784 833 2817 infausti
849 2790 944 2817 nota·
999 2792 1165 2824 prospera
1178 2789 1279 2824 atque
1297 2783 1440 2813 adversa
1453 2781 1588 2813 fortuna
1604 2781 1701 2812 nimis

249 2839 393 2870 bantur:
411 2837 469 2869 lib.
486 2837 744 2877 v111.Epig.45.
1000 2844 1059 2865 nos
1076 2833 1190 2866 afficit.
