1893 3225
238 201 351 242 1016
714 214 760 243 M.
796 215 904 245 vm„

941 216 1213 245 MAR'I'IAIAS

843 385 1086 428 LXXXI.

870 476 893 504 Ρ
917 475 943 505 Ε
967 477 994 505 R
1012 477 1060 506 A.

241 543 316 583 NE
339 544 537 586 mendica
556 544 669 586 ferat
688 546 860 588 barbati
881 548 1064 602 prandia
1085 549 1204 598 nudi,

295 611 494 654 Dormiat
514 616 558 654 et
579 614 737 656 tetrico
760 628 858 656 cum
881 630 1004 666 cane,
1029 630 1131 670 pera
1151 622 1291 668 rogat.

278 735 362 766 Pera
377 739 457 775 orae,
478 746 513 767 ne
526 740 628 776 portet
645 740 753 777 rogata
767 739 902 778 prandia
917 738 1038 768 barbati
1054 739 1142 777 muli,
1166 748 1220 769 nec
1236 740 1369 770 dormiat
1385 742 1546 779 cumfoedo
1561 753 1645 774 cane.

852 819 987 831 emm

990 820 1065 830 eece

278 866 298 894 2
323 864 420 895 Tristi
435 865 488 895 ed.
508 865 611 896 Barb.
647 865 703 896 Sic
719 865 802 896 alios
819 867 933 906 legere
953 871 1051 896 notat
1068 866 1243 897 Schrevel.

896 947 1036 979 NOTAE

277 1012 292 1039 l
320 1009 370 1040 Ne
392 1010 546 1050 mendica]
569 1010 624 1041 Ad
651 1012 791 1052 opsonia
817 1023 933 1044 recon-

235 1058 345 1090 denda
361 1069 443 1100 pera
465 1060 650 1092 utebantur
673 1063 863 1103 philosophi
880 1073 935 1103 cy-

233 1110 312 1150 nici,
329 1120 412 1151 quos
427 1111 602 1153 barbatos,
613 1113 732 1154 nudos,
748 1119 783 1146 et
796 1114 937 1146 tetricos

990 1023 1090 1045 canes
1104 1019 1203 1045 vocat
1220 1014 1340 1046 Poeta.
1356 1015 1445 1047 Vide
1457 1016 1513 1048 lib.
1529 1026 1576 1050 ιν.
1589 1018 1689 1059 Epig.

991 1067 1044 1096 53.

830 1273 1101 1315 LXXXII.

845 1364 1075 1394 ScoPAE.

235 1427 292 1468 IN
317 1430 459 1482 pretio
480 1443 639 1484 scopas
662 1434 844 1472 testatur
862 1431 1014 1483 palma
1034 1431 1193 1472 fuisse:

286 1495 392 1537 Otia
414 1498 492 1538 sed
514 1500 664 1552 scopis
680 1512 796 1540 nunc
818 1500 1016 1540 analecta
1037 1500 1221 1541 dabunt.

275 1608 384 1639 Palma
406 1609 587 1647 manifestat
608 1620 714 1650 scopas
720 1610 823 1648 fuisse
838 1611 1030 1641 oestimatas:
1053 1615 1086 1641 at
1106 1621 1185 1642 nunc
1199 1620 1296 1652 scopa:
1316 1611 1551 1643 a-stimabuntur
1563 1617 1689 1654 propter

231 1652 381 1683 analecta.

835 1705 969 1716 ‘‘‘‘‘‘‘

270 1750 289 1777 2
313 1747 369 1779 Sic
397 1748 463 1779 Ms.
492 1749 631 1779 Beverl.
675 1749 736 1780 Sed
763 1751 896 1790 pretium
921 1750 999 1782 edd.
1026 1755 1110 1781 vett.
1137 1754 1172 1781 et
1202 1751 1345 1781 Farnab.

973 1706 1069 1717 eeeee

1393 1751 1478 1782 ‘Sed
1503 1762 1552 1792 pr.
1585 1752 1684 1783 codd.

226 1790 367 1830 antiqui.
403 1791 470 1822 Alii
484 1792 611 1822 habent
630 1793 725 1823 Otz'a:
757 1794 815 1824 sed
834 1794 993 1824 mendosa
1011 1793 1182 1833 scriptura
1205 1816 1303 1824 .....
1321 1793 1429 1825 Codd.
1448 1794 1556 1825 ferme
1571 1805 1686 1826 omnes

224 1832 285 1863 Sed
299 1843 349 1873 pr.
373 1834 514 1873 habent,
527 1845 591 1865 non
606 1836 703 1866 Otia:
727 1841 762 1865 et
778 1837 826 1867 ita
842 1842 893 1867 est
906 1835 1052 1877 legend)
1079 1837 1271 1875 Camerinus,
1288 1838 1342 1876 qui
1360 1836 1461 1867 codd.
1477 1839 1684 1878 scripturam

225 1875 519 1908 vehementissime
534 1877 699 1909 defendit.
724 1878 853 1911 Oculos
870 1880 1009 1910 adverte
1028 1879 1069 1910 ad
1088 1879 1169 1909 Not.
1187 1880 1266 1909 Var.

882 1959 1021 1990 NOTAE

270 2025 286 2052 1
313 2021 352 2053 In
374 2024 488 2064 pretio]
518 2025 546 2055 E
571 2025 680 2064 palma
705 2025 794 2055 enim
822 2024 926 2056 factae

224 2081 351 2113 scopae,
367 2074 484 2114 quibus
513 2076 743 2115 pavimentum
769 2075 925 2107 verreba-

225 2127 290 2161 tnr,
321 2132 409 2154 carae
430 2129 537 2155 erant.
600 2125 784 2156 Horatius:
826 2125 926 2156 ‘Ten’

223 2172 355 2212 lapides
380 2174 490 2206 varios
516 2176 685 2207 lutulenta
710 2176 828 2207 radere
855 2176 926 2217 pal-

223 2233 278 2255 ma
289 2223 312 2254 ?’

264 2277 284 2305 2
311 2275 404 2306 Nunc
423 2276 576 2317 analecta]
603 2277 680 2308 Hoc
696 2282 758 2317 est,
774 2278 927 2319 reliquiae

223 2334 347 2364 coenae3
371 2325 430 2358 lib.
449 2336 511 2357 vu.
540 2327 638 2367 Epig.
654 2330 708 2358 20.
733 2328 922 2368 ‘Colligere

221 2375 323 2415 longa
339 2380 438 2416 turpe
453 2386 515 2408 nec
528 2382 627 2418 putat
638 2378 761 2409 dextra
777 2377 921 2410 Analec-

220 2430 266 2464 ta,
297 2427 456 2468 quicquid
487 2432 522 2458 et
560 2438 660 2459 canes
688 2429 921 2470 reliquerunt!

220 2475 298 2507 Hoc
316 2481 388 2507 est:
413 2477 600 2518 Scoparum
617 2479 764 2519 pretium
781 2479 919 2519 augebi-

219 2531 286 2564 tur,
303 2531 423 2567 utpote
439 2527 559 2568 quibus
569 2528 773 2569 colligentur
788 2529 919 2560 analec-

219 2580 266 2608 ta.
311 2577 494 2608 Petronius
516 2578 549 2609 in
565 2579 728 2610 Convivio
742 2579 918 2610 Trimalci-

220 2627 311 2658 ouis:
337 2628 538 2660 ‘Insecutus
562 2634 616 2660 est
641 2630 850 2669 lecticarius,
865 2640 916 2661 ar-

219 2684 425 2723 gentumque
441 2682 531 2713 inter
547 2682 678 2724 reliqua
692 2686 917 2722 purgamenta

217 2732 329 2772 scopis
350 2732 457 2774 coepit
480 2732 641 2765 verrere.’
684 2733 823 2774 Legunt
838 2733 912 2764 alii:

221 2783 297 2814 Otia
316 2785 369 2815 sed
393 2785 492 2825 scopis
520 2794 601 2816 nunc
624 2785 763 2817 analecta
787 2784 913 2815 dabunt.

984 2023 1061 2055 Hoc
1085 2033 1207 2054 sensu:
1234 2023 1398 2054 Analecta
1421 2024 1550 2055 dabunt
1574 2027 1685 2067 scopis

983 2075 1063 2113 otia,
1089 2084 1164 2104 cum
1190 2083 1243 2112 ea,
1271 2075 1302 2104 iu
1328 2075 1519 2114 pavimento
1539 2085 1558 2106 e
1574 2078 1686 2116 parvis

985 2125 1118 2155 testulis
1135 2123 1262 2162 efficta,
1277 2124 1359 2155 talia
1381 2123 1504 2163 forent,
1518 2130 1557 2156 ut
1573 2127 1685 2166 scopis

981 2174 1093 2205 everri
1106 2174 1307 2205 nullomodo
1320 2174 1466 2212 valeant,
1477 2180 1513 2206 et
1528 2175 1605 2207 ideo
1618 2177 1687 2208 otia

981 2226 1093 2266 scopis
1110 2225 1192 2255 dare
1209 2234 1349 2255 necesse
1367 2225 1419 2255 sit.
1464 2224 1520 2256 Ita
1538 2225 1684 2257 Alexan-

983 2275 1044 2306 der
1060 2275 1101 2306 ab
1118 2274 1315 2305 Alexandro
1338 2274 1396 2305 lib.
1412 2284 1463 2305 tv.
1491 2275 1682 2309 Genialinm

981 2327 1122 2356 Dierum
1135 2335 1210 2365 cap.
1223 2328 1275 2356 21.
1293 2324 1368 2355 Hoc
1383 2325 1566 2364 pavimenti
1578 2337 1682 2367 genus

977 2386 996 2406 a
1011 2376 1142 2407 Graecis
1159 2375 1284 2406 dicitur
1311 2374 1480 2416 ἀσάρωτον,
1499 2378 1589 2418 quod
1607 2388 1682 2410 sco-

977 2427 1028 2467 pis
1047 2428 1135 2458 verri
1150 2436 1216 2457 non
1241 2426 1381 2467 debeat,
1407 2427 1448 2458 ab
1466 2440 1485 2458 α
1501 2429 1683 2471 privativo,

976 2482 1010 2508 et
1035 2477 1128 2518 σαίρω
1151 2487 1249 2508 verro.
1298 2478 1429 2509 Plinius
1451 2479 1511 2510 lib.
1542 2488 1678 2514 XXXVI.

975 2537 1048 2569 cap.
1065 2531 1119 2559 25.
1143 2528 1265 2559 ‘Sosus
1283 2534 1504 2569 purgamenta
1521 2540 1625 2563 coenae
1643 2534 1678 2564 in

974 2579 1183 2619 pavimento,
1196 2588 1340 2620 quaeque
1354 2580 1465 2611 everri
1476 2581 1601 2621 solent,
1611 2583 1679 2613 vel-

972 2629 1021 2660 uti
1045 2630 1167 2660 relicta
1192 2629 1325 2660 fecerat
1351 2631 1464 2671 parvis
1495 2641 1513 2662 e
1548 2635 1681 2665 testulis

972 2680 1155 2722 tinctisque
1173 2681 1207 2711 in
1235 2681 1347 2712 varios
1375 2681 1532 2714 colores.’
1579 2683 1680 2715 Hunc

971 2740 1103 2761 sensum
1120 2736 1155 2762 et
1169 2731 1256 2762 hanc
1282 2732 1462 2763 lectionem
1484 2733 1533 2764 sic
1551 2733 1682 2767 refutat

972 2783 1193 2816 Calderinus:
1228 2784 1262 2816 Si
1289 2793 1400 2825 scopae
1433 2785 1504 2824 Jam
1534 2792 1680 2829 cessant,
