1893 3225
253 240 339 281 794
733 249 783 279 M.
816 249 926 280 VAL.
960 250 1234 281 MAR'riAms

258 346 287 387 J
293 360 364 387 am
385 346 558 395 scrobe,
573 345 670 399 jam
690 345 822 396 lecto,
836 346 932 400 jam
953 346 1219 399 pollinctore
1239 351 1399 399 parato

315 413 553 455 Haeredem
576 414 758 467 scripsit
778 427 848 454 me
874 413 1049 454 Numa:
1083 414 1321 454 convaluit.

260 528 289 555 et
312 524 451 560 casiam;
466 523 537 561 jam
561 523 689 561 tumulo,
697 523 766 561 jam
789 524 879 563 lecto,
893 522 964 561 jam
982 522 1163 563 pollinctore
1186 522 1351 563 instructo,
1376 523 1482 555 Numa
1504 523 1643 556 instituit
1668 536 1715 557 me

262 568 413 598 haeredem
424 579 434 598 .-
457 567 554 597 erasit
569 575 608 596 ex
621 566 736 597 morbo.

864 618 1101 629 aeaeaeaeaeaeaeaeaeaeaeaeae

297 655 315 683 3
340 653 512 684 Pollectore
527 652 595 684 Ms.
611 651 747 683 Beverl.

923 694 1063 726 NOTAE

255 760 403 791 dicitur:
428 764 579 790 structus
602 760 693 790 enim
709 769 841 800 papyro
859 769 959 799 rogus
1014 760 1105 790 lavat
1128 764 1230 800 atque
1247 760 1356 800 ungit,
1377 760 1562 800 pollinctor
1577 759 1717 801 dicitur,

254 810 391 841 videtur
415 819 488 841 esse
506 810 613 848 levis3
639 810 692 840 vel
719 808 808 840 forte
835 811 959 840 melius
1014 809 1109 850 quasi
1148 809 1246 850 pellis
1283 814 1418 849 unctor,
1445 809 1623 841 Turnebus
1656 811 1714 843 lib.

251 860 695 892 inconstantemLibitinam
707 860 761 892 hic
775 861 961 902 intelligas,
1017 868 1150 890 xxvnr.
1163 869 1237 899 cap.
1255 861 1307 890 31.

254 922 327 954 quae
347 912 542 952 pepercerit
556 912 690 943 Numae.
1056 913 1075 941 4
1102 910 1282 952 Convaluit]
1305 910 1346 941 In
1362 911 1424 942 hac
1440 920 1524 943 voce
1536 911 1634 951 jocus
1650 918 1717 953 est,

296 967 315 994 2
342 964 430 994 Dum
454 962 627 1003 myrrham]
651 962 814 994 Aromata
830 963 958 1004 quippe
1014 960 1111 1001 quasi
1127 960 1220 991 dicat
1234 960 1310 991 ideo
1331 961 1542 992 convaluisse
1558 963 1717 1003 Numam,

254 1014 286 1045 in
305 1023 422 1055 rogum
435 1013 690 1054 injiciebantur.
1015 1016 1052 1042 ut
1084 1011 1156 1052 ipse
1177 1010 1296 1042 infelix
1313 1011 1386 1052 ejus
1398 1012 1637 1044 haereditatem
1651 1023 1715 1045 nou

282 1068 315 1096 -3
341 1064 544 1104 Pollinctore]
589 1065 656 1098 Qui
683 1074 807 1105 corpus
834 1065 958 1096 mortui
1015 1066 1296 1104 consequeretur.

859 1204 1094 1247 XCVIII.

820 1296 871 1326 IN
909 1296 1152 1326 PUBLIUM.

368 1364 551 1407 ADDAT
574 1378 673 1406 cum
694 1363 803 1404 mihi
826 1362 1074 1404 Caecubum
1102 1363 1316 1413 minister,

368 1433 494 1476 Idaeo
515 1432 754 1474 resolutior
775 1431 966 1481 cinaedo,

371 1501 475 1552 Quo
497 1515 578 1542 nec
599 1501 692 1542 filia
712 1501 889 1550 cultior,
911 1513 992 1541 nec
1014 1512 1141 1548 uxor,

367 1569 466 1610 Nec
488 1575 630 1611 mater
650 1574 740 1618 tua,
762 1581 844 1609 nec
874 1580 998 1608 soror
1018 1566 1261 1616 recumbit3

378 1635 463 1678 Vis
486 1642 679 1691 spectem
699 1637 848 1691 potius
861 1642 963 1678 tuas
984 1636 1202 1684 lacernas,
1690 1649 1718 1677 o

373 1706 431 1747 Et
452 1707 609 1747 citrum
630 1710 769 1755 vetus,
791 1705 1065 1758 Indicosque
1088 1703 1273 1744 dentes?

375 1774 623 1829 Suspectus
646 1774 729 1814 tibi
750 1786 803 1814 ne
825 1777 973 1814 tamen
992 1772 1259 1821 recumbam,

369 1843 544 1884 Praesta
565 1841 619 1882 de
639 1855 782 1895 grege,
805 1840 1072 1894 sordidaque
1096 1840 1202 1880 villa

368 1910 557 1959 Tonsos,
578 1909 844 1957 horridulos,
868 1907 1014 1957 rudes,
1036 1907 1224 1961 pusillos

368 1978 550 2020 Hircosi
573 1977 681 2018 mihi
702 1977 818 2018 filios
833 1976 1019 2018 subulci.
1661 1976 1716 2016 10

370 2046 540 2087 Perdet
561 2050 604 2087 te
628 2046 774 2099 pudor
796 2045 890 2087 hic:
922 2045 1100 2096 habere,
1122 2045 1270 2095 Publi,

372 2114 526 2155 Mores
548 2126 634 2155 non
656 2119 788 2167 potes
807 2114 902 2163 hos,
924 2116 967 2153 et
987 2113 1072 2154 hos
1093 2113 1324 2154 ministros.

305 2227 384 2256 Cum
406 2225 484 2255 mihi
503 2225 621 2263 fundat
639 2223 804 2254 Ca’cubum
830 2232 938 2254 sertus
953 2222 1073 2252 mollior
1089 2222 1174 2252 Irlaeo
1195 2221 1326 2259 cinaeda,
1342 2230 1400 2261 quo
1415 2230 1470 2252 nec
1485 2220 1717 2262 ornatiorfilia,

260 2279 314 2300 nec
342 2278 433 2307 uxor,
456 2278 508 2298 nec
521 2267 667 2307 genitrix
685 2271 752 2303 tua,
774 2276 829 2297 nec
844 2276 930 2296 soror
946 2265 1094 2295 recumbit
1109 2276 1120 2301 ;
1144 2265 1234 2295 sisne
1252 2267 1285 2294 ut
1300 2264 1447 2304 aspiciam
1466 2264 1571 2303 potius
1587 2266 1655 2294 tuas
1671 2266 1715 2294 Ια-

258 2321 377 2349 cernas,
393 2315 422 2341 et
446 2311 559 2341 citrum
584 2310 758 2350 antiquum,
781 2313 810 2340 et
832 2309 938 2339 dentes
954 2307 1105 2340 Indicos?
1129 2307 1343 2337 Nihilominus
1358 2316 1395 2337 ue
1410 2305 1583 2337 recumbam
1597 2316 1716 2347 suspec-

258 2358 306 2386 tus
322 2354 391 2392 tibi,
410 2354 514 2394 proebe
539 2353 616 2383 mihi
637 2354 674 2383 de
697 2361 807 2391 grege,
834 2355 865 2382 et
887 2351 1012 2381 sordida
1036 2350 1111 2380 villa
1124 2349 1214 2391 filios
1238 2350 1316 2380 male
1339 2350 1449 2380 olentis
1471 2348 1588 2380 subulci
1600 2353 1715 2387 tonsos,

259 2397 445 2432 horridum,
462 2397 564 2433 rudes,
577 2396 715 2436 pusillos.
740 2395 806 2426 Hic
819 2395 919 2434 pudor
933 2395 1042 2434 perdet
1059 2396 1100 2424 Ie.
1132 2392 1162 2423 O
1182 2392 1289 2431 Publi,
1304 2393 1411 2433 nequis
1425 2391 1535 2423 habere
1550 2392 1604 2423 lios
1620 2402 1716 2424 mores

257 2444 286 2471 et
303 2440 356 2471 hos
370 2449 482 2470 servos.

861 2485 1105 2499 Mean-‘00⁴

299 2538 336 2567 11
361 2535 370 2552 ‘
384 2533 452 2566 Alii
468 2534 565 2573 dolor,
583 2535 701 2564 recte!
725 2532 880 2564 Sotira-el.
924 2533 980 2564 Sic
997 2533 1081 2573 legit
1097 2531 1258 2563 Barbouii
1276 2531 1328 2563 ed.

913 2607 1057 2639 NOTAE

296 2679 315 2707 2
337 2676 418 2706 Idaeo
428 2672 558 2712 cinoedo]
571 2670 649 2702 Hoc
662 2675 728 2709 est,
742 2670 955 2711 Ganymede.
1054 2673 1072 2701 7
1098 2671 1264 2711 Suspectus
1279 2670 1351 2711 tibi]
1373 2671 1472 2712 Epig.
1487 2674 1538 2702 26.
1550 2671 1609 2703 lib.
1627 2680 1678 2702 ix.

296 2730 316 2757 6
343 2726 385 2756 Et
401 2725 516 2754 citrum
528 2720 631 2760 vetus]
646 2721 799 2752 Mensam
813 2722 956 2752 citream
1056 2724 1095 2752 10
1119 2721 1260 2764 Subulcz']
1284 2722 1429 2761 Gallice,
1443 2723 1582 2762 porcher.

255 2776 369 2819 operis
394 2773 539 2814 antiqui,
567 2776 602 2802 et
630 2771 751 2802 dentes
789 2772 955 2803 eburneos
1055 2776 1093 2803 11
1123 2774 1236 2804 Perdet
1266 2777 1297 2804 te
1323 2773 1438 2814 pudor]
1462 2776 1538 2806 Quo
1568 2772 1713 2804 afficeris

256 2827 378 2871 quibus
394 2825 544 2864 fulcitur,
561 2823 657 2864 Epig.
672 2824 723 2853 43.
737 2821 793 2854 lib.
811 2831 849 2853 ιι.
1012 2825 1090 2856 dum
1104 2829 1304 2865 spectantur
1321 2824 1369 2855 tui
1386 2823 1546 2855 ministri:
1572 2824 1634 2855 hoc
1648 2828 1711 2861 est,
