1893 3225
578 235 984 266 anRAMMA'rUM
1024 235 1122 264 mn.
1158 235 1206 264 x.
1527 223 1609 265 761

156 327 215 370 Et
234 342 321 370 non
343 330 474 370 unius
496 333 722 383 spectator
742 329 934 370 lectulus
955 329 1103 378 undae,

213 396 304 447 Qui
326 397 449 438 videt
467 397 567 437 hinc
589 409 761 450 puppes
783 395 992 445 fluminis,
1012 395 1111 436 inde
1132 396 1290 436 maris!

156 463 247 503 Sed
268 477 349 505 nec
372 465 586 513 Marcelli,
610 463 1033 516 Pompeianumque‚
1055 476 1135 503 nec
1155 463 1248 502 illic

211 531 328 571 Sunt
348 532 546 585 triplices
568 529 768 579 thermae,
789 542 869 570 nec
891 529 986 569 fora
999 528 1159 581 juncta
1179 532 1364 582 quater:

156 596 254 637 Nec
276 597 516 652 Capitolini
538 610 753 638 summum
777 596 1006 649 penetrale
1024 596 1259 646 Tonantis,

215 663 418 719 Quaeque
437 665 575 706 nitent
595 665 711 705 coelo
728 664 933 718 proxima
954 664 1117 717 templa
1138 677 1231 704 suo.

157 729 316 772 Dicere
338 736 380 773 te
399 733 566 773 lassum
587 732 762 785 quoties
784 744 865 785 ego
888 730 1023 772 credo
1046 731 1232 781 Quirino
1251 744 1260 770 ε

215 796 331 846 Quae
352 802 428 839 tua
448 802 562 848 sunt,
582 799 662 840 tibi
682 799 793 839 habe
811 812 821 840 :
854 812 954 852 quae
976 812 1091 849 mea,
1114 798 1245 839 redde
1265 797 1388 837 mihi.

1557 394 1613 434 10

1556 730 1617 770 15

155 915 219 946 reis
233 916 335 955 undis,
351 919 380 947 et
391 917 519 948 lectulus
530 921 685 958 spectator
701 927 760 948 non
781 917 872 948 unius
892 927 992 958 aqnae,
1008 918 1060 958 qui
1070 918 1223 958 prospicit
1237 918 1309 948 hinc
1330 925 1445 957 puppes
1454 915 1564 957 flavii,
1583 916 1622 947 il-

155 959 217 989 linc
232 958 351 989 maris!
367 963 399 989 at
412 969 466 990 nec
483 960 654 992 theatrum
672 961 834 1000 Marcelli,
847 971 902 991 nec
919 961 1072 1001 Pompeii,
1087 971 1140 992 nec
1156 961 1222 991 illic
1231 963 1303 991 sant
1321 960 1460 999 triplices
1476 959 1618 997 thermoe,

157 1010 211 1032 nec
227 1004 362 1040 quatuor
369 1001 458 1040 fora,
471 1012 526 1033 nec
539 1004 665 1034 excelsae
687 1005 769 1034 oedes
783 1004 875 1034 ,Iovis
889 1003 1077 1043 Capitolini,
1091 1008 1119 1034 et
1133 1004 1246 1043 templa
1262 1013 1328 1043 (μα’
1343 1002 1501 1040 refulgent
1517 1002 1620 1031 ric-lna

155 1053 209 1074 suo
225 1044 308 1074 coelo.
336 1044 477 1083 Quoties,
488 1045 638 1085 arbitror,
654 1048 684 1076 te
697 1046 1019 1089 defatigatumflicere
1033 1047 1179 1086 Quirino,
1196 1045 1268 1077 Tibi
1282 1055 1371 1076 serva
1381 1054 1450 1086 qum
1465 1047 1519 1074 tua
1532 1048 1603 1074 sum
1612 1053 1624 1079 ,·

157 1086 289 1117 restitue
305 1086 383 1118 mihi
394 1097 462 1128 quoe
476 1097 544 1119 mea
554 1092 637 1120 sunt.

769 1148 1008 1161 eeeeeeeeeeee

159 1201 229 1243 gini
253 1202 306 1234 ed.
321 1203 433 1235 Paris.
462 1206 557 1236 1617.
575 1206 705 1236 erranti
719 1204 763 1236 sit
790 1204 1020 1236 tribuendum.
1043 1204 1216 1236 Vid.Var.
1240 1204 1415 1236 Not.—10
1439 1202 1539 1233 Rates
1559 1210 1621 1243 pre

155 1245 252 1277 maris
267 1246 351 1278 Mss.
365 1246 545 1280 Pulmann.
559 1253 594 1279 et
608 1247 834 1279 Beverl.—l2
863 1247 954 1279 Victa
967 1246 1150 1288 projuncta
1166 1247 1240 1279 cod.
1254 1246 1434 1288 posterior.

819 1333 960 1365 NOTAE

198 1409 219 1438 9
245 1407 289 1437 Et
303 1407 478 1447 nonunz'us]
502 1408 627 1439 Sensus
643 1412 717 1438 est:
744 1407 859 1447 Exip-
914 1406 947 1437 in
965 1406 1116 1447 thermis,
1141 1405 1355 1446 frigidariam
1373 1414 1510 1445 nempe,
1537 1404 1628 1444 tepi-

158 1456 355 1495 solemnio,
383 1458 437 1487 vel
463 1457 664 1496 cubiculari,
688 1457 861 1488 veltricii-

160 1505 234 1536 nari
250 1506 331 1536 lieet
346 1506 543 1546 prospicere
554 1505 632 1536 hinc
644 1516 749 1547 mare,
764 1506 860 1537 illinc

158 1555 297 1588 flumen.

203 1609 242 1637 11
269 1606 334 1637 Sed
351 1616 406 1638 nec
430 1605 592 1646 Marcelli]
614 1607 801 1638 Theatrum
819 1606 861 1638 ab

159 1656 315 1698 Augusto
331 1657 520 1689 excitatum
536 1657 693 1688 Marcelli
706 1658 863 1689 Octaviae

160 1718 229 1739 suae
255 1708 380 1738 sororis
405 1707 466 1738 filii
483 1708 603 1747 gratia.
649 1707 743 1748 Lege
772 1708 865 1738 Mar-

160 1757 285 1788 lianum
306 1758 364 1788 lib.
395 1767 447 1789 vr.
473 1767 549 1798 cap.
577 1760 608 1790 2.
654 1759 709 1788 De
734 1758 865 1788 theatro

164 1808 403 1848 Pompeiijam
421 1808 548 1839 dictum
570 1808 671 1849 Epig.
689 1811 719 1840 9.
743 1808 801 1839 lib.
819 1818 865 1840 Vl.

206 1862 246 1889 12
270 1859 353 1890 Sunt
378 1859 517 1899 triplices
538 1860 683 1900 thermoe]
711 1860 786 1890 Hoc
803 1864 868 1899 est,

161 1909 303 1940 thermae
334 1909 550 1950 Agrippinae,
585 1910 805 1948 Neronianae,
831 1914 867 1940 et

162 1960 316 1992 Titianae.
363 1959 430 1990 Alii
460 1960 657 2001 intelligunt
677 1965 749 1991 tres
765 1961 868 1991 cellas

915 1456 1056 1497 dariam,
1096 1461 1132 1487 et
1176 1456 1379 1493 caldariam3
1419 1455 1462 1485 de
1499 1454 1624 1495 quibus

916 1506 1050 1538 Plinius
1067 1507 1179 1547 Epist.
1196 1509 1227 1536 6.
1244 1506 1305 1536 lib.
1322 1514 1356 1535 v.

959 1560 999 1588 12
1024 1558 1093 1588 Nec
1127 1556 1203 1594 fora
1225 1554 1353 1594 juncta]
1391 1555 1443 1584 De
1481 1559 1625 1595 quatuor

918 1607 1000 1639 foris
1017 1607 1091 1638 fuse
1115 1608 1187 1647 agit
1204 1606 1340 1646 Lipsius
1357 1605 1390 1635 in
1407 1603 1626 1635 Admirandis

919 1658 975 1689 lib.
991 1667 1049 1688 111.
1064 1667 1140 1697 cap.
1152 1660 1183 1688 7.

964 1711 1004 1739 14
1031 1709 1167 1748 Quaque
1183 1705 1300 1746 nitent]
1325 1705 1401 1736 Hoc
1417 1708 1482 1745 est,
1496 1705 1625 1745 templa

921 1759 1046 1790 Flaviae
1065 1758 1203 1798 gentis:
1234 1757 1335 1796 Epig.
1350 1759 1381 1787 2.
1398 1760 1433 1787 et
1448 1759 1480 1787 4.
1498 1756 1557 1787 lib.
1574 1764 1628 1787 lx.

965 1812 1003 1839 15
1031 1807 1178 1846 Quirino]
1201 1806 1420 1837 Conditorem
1443 1805 1535 1836 urbis
1562 1815 1625 1845 pro

922 1858 997 1899 ipsa
1027 1857 1112 1888 urbe
1141 1856 1257 1896 ponit:
1283 1857 1345 1887 hoc
1375 1856 1486 1895 est‚O
1505 1856 1626 1895 Roma,

922 1919 1020 1941 serva
1035 1908 1098 1939 tibi
1128 1910 1203 1939 tuo's
1230 1908 1388 1948 honores,
1411 1912 1445 1939 et
1462 1907 1626 1948 permitte

923 1965 960 1991 ut
977 1958 1072 1990 fruar
1088 1959 1170 1989 meis
1190 1958 1290 1989 villis.

837 2115 943 2156 LII.

723 2206 785 2235 DE
819 2204 1059 2234 SPADONE.

279 2272 354 2313 ΤΗ
364 2283 479 2313 ELJN
505 2272 678 2314 viderat
698 2272 741 2313 in
764 2277 868 2325 toga
889 2272 1153 2325 spadonem,

287 2340 551 2380 Damnatam
573 2339 724 2381 Numa
747 2339 861 2381 dixit
881 2352 977 2380 esse
997 2339 1232 2381 moecham.

211 2456 318 2487 Numa
334 2459 526 2496 spectaverat
545 2457 653 2488 Thetin
665 2458 828 2498 spadonem
840 2457 874 2488 in
890 2461 975 2498 toga,
989 2457 1072 2488 dixit
1087 2467 1151 2488 esce
1164 2458 1337 2489 adulteram
1349 2459 1540 2490 damnatam.

776 2540 894 2552 eeeeee

898 2540 1015 2552 oooooo

215 2586 232 2614 1
261 2583 405 2615 Thelinus
426 2585 532 2615 deerat
543 2585 577 2616 in
599 2586 662 2617 loco
677 2595 723 2627 sp.
738 2585 812 2618 cod.
829 2586 966 2617 Beverl.

828 2671 972 2704 NOTAE

209 2725 229 2754 2
246 2721 453 2763 Damnatam]
470 2722 642 2756 Matronae
669 2724 760 2756 enim
775 2725 868 2757 adul-

169 2773 247 2806 terii
263 2773 433 2807 damnatae
450 2783 517 2807 nou
533 2774 717 2817 prodibant
733 2776 767 2808 in
783 2775 868 2817 pub·

921 2725 1025 2757 licum
1048 2725 1113 2757 nisi
1143 2728 1283 2766 togatae,
1299 2724 1400 2766 Epig.
1430 2727 1485 2756 39.
1503 2724 1561 2756 lib.
1583 2732 1629 2756 11.

923 2779 961 2810 ut
975 2775 1260 2817 dignoscerentur
1278 2785 1296 2808 a
1312 2774 1457 2807 stolatis.
