1893 3225
234 187 345 227 1066

707 201 755 229 M.
793 202 902 231 VAL.
936 204 1215 234 MAR'riAMS

897 297 1036 328 NOTAE

273 373 292 398 2
317 369 388 399 Pal.
405 368 562 409 [Callida]
575 371 647 400 dum
658 370 771 411 tacita]
796 370 935 413 Auceps

231 420 293 448 sub
324 419 444 450 arbore
472 420 610 451 latitans
641 422 810 453 invitabat
833 427 934 454 cantu

231 480 321 509 aves,
336 470 455 510 quibus
475 471 548 511 jam
568 471 679 502 arbori
697 472 934 512 insidentibus,

230 520 318 553 infra
335 523 498 562 paulatim
515 533 695 564 assurgens
712 525 856 556 viscatas
871 527 934 557 vir-

231 583 287 609 gas
310 573 529 614 subjiciebat,
546 575 795 616 capiebatque:
821 582 856 608 et
874 577 934 608 hoc

230 630 293 663 est,
308 624 395 665 quod
415 624 526 656 Poeta
551 626 636 657 dicit
657 636 809 657 crescere
839 638 935 659 arun-

990 373 1101 405 diuem
1119 386 1177 406 seu
1206 377 1344 416 virgam,
1367 377 1446 408 dum
1472 379 1633 418 paulatim
1651 383 1691 414 ab

990 434 1121 465 aucupe
1155 427 1188 456 in
1220 426 1345 467 digitos
1377 428 1499 468 pedum
1530 436 1690 471 surgente

989 476 1131 513 tollitur,
1147 478 1327 518 aviumque
1344 479 1487 518 pedibus
1504 480 1694 521 subjicitur,

990 531 1026 556 ut
1051 536 1207 558 crescere
1233 529 1356 559 sensim
1377 529 1544 562 videatur.
1590 533 1692 564 Rade-

992 586 1054 606 rus.
1102 578 1309 619 Anipallida,
1326 580 1416 610 visco
1430 579 1531 612 forte.
1566 582 1692 614 Videat

992 628 1113 660 lector.
1151 629 1240 659 Vide
1257 630 1313 660 lib.
1332 639 1382 660 lx.
1402 631 1501 671 Epig.
1519 636 1570 663 55.

846 817 1078 859 CCXIX.

771 920 862 948 COR
898 920 1156 951 BUBULUM.

230 1004 440 1046 PAUPER
464 1007 719 1049 causidicus
742 1009 888 1050 nullos
910 1010 1143 1052 referentia
1163 1025 1367 1053 nummos

288 1072 492 1115 Carmina
515 1088 613 1116 cum
638 1077 808 1118 scribas
827 1091 837 1130 3
871 1079 1026 1132 accipe
1049 1093 1139 1129 cor,
1161 1081 1277 1133 quod
1301 1082 1450 1122 habes,

269 1207 317 1237 Tu
340 1208 512 1238 causidicus
536 1209 624 1249 inops
641 1220 709 1241 cum
729 1209 835 1248 facias
851 1221 955 1242 versus
972 1222 1013 1242 ex
1035 1212 1157 1253 quibus
1183 1214 1297 1244 nullam
1320 1215 1434 1254 accipis
1448 1215 1619 1254 pecuniam,
1643 1225 1691 1244 sn-

233 1260 278 1280 ›ue
294 1260 344 1280 cm·
360 1252 438 1290 quod
455 1251 555 1282 habes.

841 1306 956 1317 ιιιιιι

960 1307 1076 1318 ‘‘‘‘‘‘

271 1378 278 1387 ²
295 1372 372 1403 Ald.
388 1373 442 1404 ed.
462 1377 555 1404 1517.
582 1375 643 1404 Cor
658 1376 799 1406 bubulum
812 1377 927 1415 habet,
944 1378 1034 1418 quod
1051 1378 1153 1409 etiam
1170 1379 1322 1409 Turneb.
1340 1388 1392 1410 lx.
1406 1383 1458 1410 14.
1474 1390 1508 1409 se
1524 1380 1691 1418 reperisse

228 1415 361 1447 scribit.
398 1416 532 1456 Lipsius
549 1426 629 1447 vero
644 1427 670 1449 1.
688 1419 796 1458 Epist.
810 1423 841 1450 5.
859 1420 942 1459 legit
959 1421 1136 1460 Cor—calma,
1152 1426 1187 1452 et
1205 1432 1256 1452 cor
1278 1424 1357 1461 quod
1375 1422 1482 1452 abest!
1506 1422 1618 1461 Marg.
1638 1422 1691 1452 ed.

232 1459 309 1489 Par.
341 1461 434 1490 1617.

228 1502 393 1532 cor-bulum
417 1501 492 1533 cod.
524 1503 744 1543 Beverkmdi,
765 1505 821 1545 qui
838 1506 912 1537 vult
927 1507 1018 1547 quod
1036 1517 1097 1537 nos
1119 1507 1273 1547 legimus.

483 1461 649 1490 Corculum
676 1461 755 1492 edd.
784 1467 870 1493 vett.
899 1467 935 1494 et
961 1464 1086 1504 Delph.

1140 1464 1346 1495 Cot-bubulum
1367 1465 1482 1504 jungit
1507 1465 1558 1494 ed.
1586 1465 1690 1494 Bai-b.

1321 1510 1328 1524 ‘
1344 1508 1491 1547 Legend.
1516 1508 1629 1547 plane,
1655 1512 1692 1538 ut

226 1554 387 1575 excusum
413 1545 537 1585 ubique
555 1552 619 1585 est,
635 1558 686 1577 cor
709 1550 787 1587 quod
798 1549 899 1589 habes,
915 1559 989 1580 cum
1008 1550 1108 1581 titulo
1126 1551 1235 1582 veteri
1251 1561 1302 1581 cor
1315 1550 1428 1582 bubul.’
1462 1551 1690 1582 [flosculus.—

225 1590 245 1616 2
270 1587 349 1618 vid.
366 1587 446 1619 Not.
464 1590 543 1619 Var.

891 1657 921 1688 N
928 1657 1030 1689 OTAE

268 1733 287 1758 :3
311 1729 427 1769 Accipe
453 1731 519 1772 cor]
556 1731 632 1763 Hoc
664 1737 728 1772 est,
755 1733 848 1764 bovis
875 1743 934 1764 cor

225 1780 400 1820 stupidum
425 1786 461 1812 et
476 1782 649 1821 stolidum,
674 1784 776 1824 quale
803 1788 839 1814 tu
861 1784 932 1824 ipse

225 1830 329 1861 habes
346 1841 423 1862 cum
450 1842 566 1863 versus
591 1833 734 1874 scribas,
752 1844 794 1865 ex
811 1835 932 1876 quibus

225 1881 350 1912 nullam
386 1891 524 1922 prorsus
557 1884 738 1916 utilitatem
770 1886 930 1927 percipis.

227 1931 317 1962 Vide
343 1932 399 1964 lib.
417 1942 440 1963 ι.
468 1934 571 1974 Epig.
598 1937 651 1966 77.
698 1935 843 1968 Retinet
871 1946 932 1977 pro

226 1984 386 2016 lemmate
411 1984 545 2026 Lipsius
563 1987 750 2024 Corculzmu
782 1989 867 2019 etin
885 1990 932 2019 ul-

228 2035 311 2066 timo
346 2044 456 2076 versu,
489 2037 605 2078 Accipe
629 2049 681 2069 cor
716 2041 796 2080 quod
833 2040 929 2072 abest.

987 1734 1139 1765 Demens
1160 1734 1248 1765 enim
1266 1744 1325 1765 seu
1342 1743 1407 1765 uon
1421 1734 1582 1765 cordatus
1598 1732 1690 1763 vide-

986 1785 1089 1816 batur
1102 1785 1157 1816 ille
1173 1785 1373 1825 causidicus,
1396 1784 1452 1825 qui
1469 1784 1591 1814 relicto
1615 1782 1689 1814 foro

987 1835 1140 1866 carmina
1163 1835 1331 1866 scriberet
1347 1835 1455 1865 nullos
1472 1843 1624 1864 nummos
1641 1843 1691 1864 re-

986 1885 1145 1916 ferentia.
1192 1885 1316 1916 Videat
1346 1886 1464 1916 lector.
1510 1884 1579 1915 Pro
1610 1885 1691 1914 lem-

985 1940 1077 1967 mate
1105 1944 1179 1966 cum
1206 1936 1370 1966 Tui-nebo
1399 1940 1434 1966 et
1471 1935 1543 1965 aliis
1570 1936 1689 1966 melius

986 1985 1076 2019 forte
1086 1987 1178 2028 legas
1195 1987 1258 2018 Cor
1273 1987 1426 2018 bubulum.

866 2229 1067 2272 CCXX.

857 2331 1075 2361 COCUS.

231 2402 342 2444 Nou
366 2402 477 2444 satis
499 2407 566 2445 est
589 2417 659 2446 ars
681 2405 781 2447 sola
802 2420 938 2449 coco:
972 2408 1134 2449 servire
1152 2408 1352 2462 palatum

286 2469 409 2512 Nolo
427 2484 438 2512 ε
470 2485 605 2514 cocus
627 2472 795 2515 domini
817 2474 946 2517 debet
967 2475 1126 2518 habere
1148 2477 1306 2530 gulam.

272 2599 345 2630 Sola
366 2609 421 2631 ars
449 2601 650 2643 coquinaria
662 2612 721 2634 non
737 2604 850 2646 sufficie
866 2614 959 2637 coco.-
980 2615 1069 2637 cocus
1093 2605 1183 2638 debet
1206 2607 1328 2638 studere
1340 2606 1450 2647 palato
1463 2606 1544 2646 heri,
1559 2609 1589 2638 et
1604 2607 1683 2638 scire

228 2642 292 2679 ejus
303 2643 424 2682 gulam.

838 2699 1073 2714 OOOOONJNN

275 2770 286 2797 ι
314 2767 425 2800 Ραῑαιο
440 2778 556 2801 omnes
568 2770 648 2803 edd.
662 2780 767 2813 penes
782 2781 854 2805 nos.
870 2772 949 2805 Vid.
965 2773 1049 2806 Not.
1063 2774 1210 2807 Van—2
1234 2775 1376 2816 Namque
1388 2774 1467 2807 edd.
1482 2779 1569 2807 vett.
