1893 3225
548 255 954 287 EPIGRAMMATUM
990 256 1086 288 LlB.
1121 258 1223 289 vlu.

722 356 1023 399 XXXVIII.

682 447 750 477 AD

1520 251 1606 292 597

785 448 1068 479 MEMOREM.

377 514 475 565 QU1
499 517 681 568 praestat
700 515 864 568 pietate
886 516 1102 568 pertinaci

378 584 569 623 Sensuro
584 583 700 623 bona
718 582 1018 633 liberalitatis,

378 650 538 704 Captet
558 651 754 701 forsitan,
787 656 863 692 aut
885 652 1029 692 vicem
1050 656 1268 706 reposcat.

375 719 438 761 At
457 719 495 759 si
514 720 610 773 quis
633 719 737 760 dare
760 720 922 760 nomini
941 721 1093 762 relicto

376 787 490 829 Post
512 788 670 829 Manes
691 789 997 842 tumulumque
1021 793 1290 843 perseverat,
1580 805 1609 833 o

380 854 553 905 Quaerit
574 856 698 909 quid,
720 857 801 896 nisi
824 858 1002 910 parcius
1024 857 1207 898 dolere?

375 923 531 965 Refert
551 925 612 965 sis
631 925 788 974 bonus,
808 938 861 964 an
883 925 992 965 velis
1015 925 1165 965 videri.

373 991 573 1033 Praestas
594 992 694 1042 hoc,
719 992 897 1042 Melior,
920 993 1081 1033 sciente
1099 993 1245 1035 sama:

375 1058 467 1109 Qui
491 1061 743 1102 solennibus
765 1061 924 1101 anxius
947 1062 1106 1114 sepulti

375 1127 552 1168 Nomen
574 1142 658 1168 non
682 1129 791 1169 sinis
812 1129 988 1169 interire
1009 1130 1174 1182 Blaesi3

373 1195 431 1236 Et
451 1195 505 1236 de
524 1195 736 1236 munifica
758 1196 964 1249 profusus
987 1210 1091 1238 arca

4 1281 9 1306 ‘r
372 1262 446 1304 Ad
466 1264 723 1305 natalitium
746 1264 862 1304 diem
883 1265 1111 1306 colendum

373 1332 624 1373 Scribarum
639 1331 822 1372 memori
844 1333 1022 1385 piaeque
1044 1334 1186 1375 turbae

376 1398 510 1449 Quod
531 1400 690 1450 donas,
712 1399 824 1440 facis
846 1400 944 1454 ipse
969 1401 1258 1443 Blaesianum.

2 1471 7 1520 l
373 1467 480 1509 Hoc
501 1469 677 1521 longum
700 1469 799 1517 tibi,
823 1469 915 1509 vita
935 1468 1037 1509 dum
1058 1470 1273 1520 manebit,

2 1537 3 1568 l
375 1534 480 1576 Hoc
505 1540 549 1577 et
567 1540 668 1590 post
689 1536 856 1577 cineres
878 1536 958 1576 erit
978 1537 1205 1578 tributum.

0 1592 3 1635 l

1555 1129 1611 1171 10

1553 1469 1611 1512 15

191 1633 254 1669 Qui
269 1635 424 1666 constanti
441 1636 556 1675 pietate
574 1637 668 1667 donat
686 1636 786 1667 alicui
802 1639 969 1676 expertura
986 1636 1061 1667 bona
1080 1635 1411 1677 manificentioe‚sorte
1426 1639 1611 1676 aucupetur,

145 1680 201 1707 aut
215 1681 336 1717 repetat
360 1688 467 1718 parem
490 1680 642 1717 gratiam.
688 1679 749 1709 Sed
771 1679 799 1709 si
814 1680 880 1718 quis
894 1683 961 1718 post
984 1689 1087 1710 manes
1103 1682 1133 1709 et
1150 1680 1320 1718 sepulcrum
1329 1679 1479 1719 persistat
1495 1680 1611 1710 donare

144 1720 261 1750 nomini
272 1721 444 1760 superstiti,
454 1722 527 1761 quid
542 1726 646 1761 sperat
659 1722 721 1753 nisi
733 1722 830 1752 lenire
847 1731 1002 1752 moerorem
1019 1721 1034 1752 ’.Τ
1081 1722 1216 1752 Interest
1240 1732 1281 1752 an
1297 1722 1340 1752 sis
1360 1721 1487 1762 probus,
1502 1732 1542 1753 an
1560 1732 1614 1753 cu-

140 1763 212 1802 pias
226 1762 338 1794 videri.
383 1764 414 1794 O
438 1764 567 1802 Melior,
583 1765 637 1794 hoc
651 1764 851 1802 faciS,fa7na
864 1764 1088 1794 renunciante:
1113 1765 1164 1804 qai
1179 1765 1318 1795 solicitus
1332 1774 1391 1794 non
1403 1765 1562 1804 permittis
1576 1767 1613 1795 ut

144 1804 266 1835 diebus
282 1806 454 1836 solennibus
467 1811 574 1846 pereat
591 1809 736 1838 memoria
756 1807 859 1837 Bloesi
873 1808 1000 1846 sepulti,
1021 1811 1051 1837 et
1073 1809 1151 1846 quod
1167 1817 1206 1837 ea:
1221 1817 1294 1837 arca
1308 1806 1429 1837 liberali
1444 1806 1613 1848 munificus

0 1843 5 1906 ll
142 1847 275 1886 largiris
282 1851 386 1887 gratoe
401 1853 431 1879 et
444 1849 506 1889 piae
521 1849 621 1880 turboe
637 1850 809 1880 scribarum
820 1850 858 1878 aa
868 1850 1084 1879 celebrandum
1100 1851 1181 1879 diem
1197 1850 1392 1889 natalitium,
1408 1850 1473 1889 ipse
1496 1850 1611 1880 tribuis

143 1890 198 1920 hoc
212 1890 325 1922 Bloeso.
369 1891 442 1923 Hoc
467 1892 650 1924 diuturnum.
670 1896 836 1934 reponetur
854 1892 924 1933 tibi,
941 1892 1086 1932 quamdiu
1111 1893 1208 1933 vives,
1224 1893 1280 1924 hoc
1295 1895 1325 1923 et
1341 1896 1528 1934 reponetur
1542 1896 1612 1933 post

145 1936 286 1966 mortem.

755 1987 992 2002 '‘v-esemo-

189 2033 207 2061 1
229 2030 315 2065 Quid
326 2034 460 2071 proestat
483 2032 686 2063 Beverlandi
703 2033 837 2064 Ms.—4
862 2033 926 2063 Aut
945 2034 971 2062 si
987 2032 1056 2072 quis
1071 2031 1104 2062 in
1128 2031 1328 2063 eodem—5
1355 2031 1396 2063 In
1422 2031 1502 2063 edd.
1524 2035 1610 2063 vett.

145 2074 356 2148 ἰέἕΐιέξιίεὲιᾶῖ
366 2079 636 2148 ῙῇιὶἒερτενείΓ-Ιὸ
661 2077 734 2107 Hoc
746 2077 886 2116 longum,
908 2075 967 2106 tibi
983 2075 1063 2115 vita,
1077 2076 1132 2115 ᾃε.
1156 2075 1191 2106 in
1207 2074 1342 2106 iisdem.
1365 2075 1433 2106 vita
1447 2074 1609 2106 redonabit

805 2160 946 2194 NOTAE

189 2226 208 2254 3
234 2224 347 2264 Captet
363 2224 491 2265 forsan]
514 2225 640 2257 Melior
662 2226 745 2257 duos
770 2235 851 2267 pue-
899 2223 904 2228 ’

144 2283 200 2305 ros
222 2274 352 2315 habuit,
376 2275 553 2307 Glauciam
579 2282 615 2308 et
631 2277 792 2316 Blaesum,
815 2281 851 2308 et

147 2329 329 2366 utrumque
363 2331 533 2358 mortuum
560 2328 657 2360 luxit.
701 2329 775 2360 Lib.
802 2338 849 2360 Vl.

147 2375 245 2415 Epig.
261 2379 314 2407 28.
332 2380 369 2407 et
383 2380 436 2408 29.
479 2377 527 2409 At
544 2388 637 2418 vero,
654 2379 765 2420 inquit
779 2380 848 2411 Po-

148 2425 217 2466 eta,
231 2426 288 2468 qui
310 2437 450 2459 munera
466 2428 602 2460 confert
617 2430 650 2460 in
667 2431 774 2470 vivos,
790 2434 850 2462 aut

149 2475 190 2506 ab
207 2476 247 2507 iis
262 2478 393 2518 majora
416 2484 544 2521 sperat,
568 2484 626 2511 aut
650 2489 767 2511 eorum
782 2481 849 2512 hae-

147 2526 329 2559 reditatem
345 2533 473 2570 captat.

191 2580 212 2608 4
231 2577 359 2610 Nominz’
384 2579 508 2622 relicto]
539 2580 617 2612 Hoc
634 2585 701 2621 est,
716 2585 848 2612 mortuo

149 2627 257 2658 amico
273 2629 299 2659 si
312 2630 385 2670 quis
401 2629 511 2662 officia
536 2632 676 2672 pietatis
693 2637 848 2673 praestat‚

150 2678 234 2708 nihil
265 2678 355 2709 aliud
380 2680 444 2711 nisi
473 2691 533 2713 suo
560 2681 669 2713 dolori
701 2682 847 2713 lenimen

149 2728 285 2769 quaerit.
323 2729 410 2761 Vide
424 2731 513 2763 Plin.
526 2731 606 2764 Jun.
621 2733 678 2764 lib.
695 2743 721 2764 1.
739 2734 846 2774 Epist.

152 2781 206 2809 17.
236 2779 278 2810 de
305 2779 355 2810 his
381 2780 440 2821 qui
464 2780 700 2815 defunctorum
725 2785 846 2816 amico-

150 2839 223 2861 rum
239 2831 435 2864 memoriam
452 2832 579 2864 colunt.

952 2228 971 2256 8
996 2226 1136 2256 Praestas
1150 2224 1219 2265 hoc]
1251 2224 1292 2255 Id
1309 2227 1372 2266 est,
1384 2228 1419 2255 te
1431 2223 1538 2265 probe
1556 2234 1613 2266 ge-

908 2276 966 2315 ris,
982 2285 1048 2306 non
1073 2281 1111 2306 ut
1136 2275 1263 2316 probus
1286 2275 1446 2316 videaris,
1460 2275 1519 2307 sed
1534 2275 1612 2317 quia

906 2326 955 2358 sic
971 2326 1163 2357 faciendum
1177 2326 1362 2357 existimas.

945 2379 966 2407 9
984 2377 1048 2412 Qui
1062 2375 1249 2416 solennibus]
1268 2376 1345 2407 Hoc
1361 2380 1428 2416 est,
1441 2376 1499 2419 qui
1515 2378 1611 2407 nata·

902 2427 1012 2458 litium
1030 2427 1120 2458 diem
1136 2427 1240 2458 Blaesi
1257 2427 1427 2465 celebras.

947 2481 986 2510 13
1010 2477 1189 2509 Scribarum
1202 2477 1345 2518 memori]
1369 2477 1459 2510 Quia
1474 2481 1511 2509 et
1523 2477 1611 2509 131ae-

903 2539 960 2561 sus
976 2528 1090 2560 fuerat
1105 2529 1228 2560 scriba.

946 2582 986 2611 14
1011 2579 1104 2611 Facis
1123 2579 1189 2619 ipse
1203 2578 1412 2620 Blaesianum]
1450 2577 1528 2609 Hoc
1545 2580 1610 2617 est,

903 2631 1030 2661 nullam
1049 2629 1193 2670 gratiam
1209 2632 1400 2669 expectas3
1433 2627 1495 2658 sed
1519 2627 1610 2668 quod

904 2681 1024 2720 donas,
1039 2680 1073 2711 id
1092 2689 1190 2710 omne
1202 2679 1315 2710 Blaeso
1332 2678 1466 2710 tribuis.

946 2736 985 2764 15
1011 2731 1082 2762 Hoc
1112 2730 1254 2771 longum]
1302 2728 1474 2762 Quamdiu
1501 2728 1609 2767 vives,

901 2784 1003 2815 immo
1033 2785 1069 2813 et
1098 2785 1265 2819 mortuns,
1282 2789 1324 2810 ex
1351 2783 1447 2810 tanta
1475 2778 1607 2817 pietate

903 2833 1044 2874 gloriam
1060 2836 1094 2863 et
1110 2830 1233 2862 famam
1248 2828 1478 2870 consequeris.
