1893 3225
239 203 325 248 ’768
712 215 764 247 M.
796 214 908 247 vnn.
942 212 1222 245 MAerms

352 309 457 361 Qua
476 308 709 363 vapulavit
731 310 937 366 Marsyas
957 309 1205 360 Celenaeus,

353 377 614 431 Ferulaeque
636 379 797 429 tristes,
818 384 995 433 sceptra
1014 378 1376 433 paedagogorum,
1635 378 1692 420 10

356 444 557 494 Cessent,
577 448 621 486 et
641 445 750 487 Idus
773 446 997 487 dormiant
1015 446 1059 486 in
1083 445 1303 486 Octobres
1323 458 1333 486 :

354 512 530 553 AEstate
551 512 675 565 pueri
697 514 735 553 si
756 513 915 563 valent,
936 513 1046 554 satis
1072 511 1264 552 discunt.

240 601 409 638 celemus,
423 603 453 630 et
462 610 573 638 graves
575 599 703 638 feruloe,
717 604 838 640 sceptra
847 602 1099 641 poedagogorum‚
1115 602 1242 638 cessent,
1258 602 1288 629 et
1300 599 1456 631 dormiant
1467 600 1501 631 in
1513 600 1588 631 Idus
1604 601 1697 631 Octo·

238 643 321 674 bris:
344 643 472 683 sipueri
486 644 587 674 valent
602 647 724 683 oestute,
735 644 813 674 sacis
831 644 966 674 discunt.

906 708 939 738 N
946 707 1048 738 OTAE

240 765 355 791 autem
386 760 429 791 ad
458 761 612 792 Celaenas
639 760 807 801 oppidum
836 761 942 800 Phry-

240 811 304 849 giae
322 820 447 841 canens
465 811 548 841 tibia
564 811 672 841 victus
698 815 751 841 est
773 811 815 841 ab
839 810 943 851 Apol-

238 860 322 899 line,
347 865 384 891 et
410 861 610 900 castigatus.
657 860 801 891 Ovidius
821 861 877 892 lib.
891 870 942 891 vl.

999 760 1108 791 tanti:
1126 759 1295 790 Clamanti
1311 758 1400 790 cutis
1417 762 1470 789 est
1483 768 1629 789 summos
1648 759 1697 790 di-

999 815 1100 850 repta
1116 819 1178 849 per
1190 809 1305 840 artus?

1041 862 1079 890 11
1109 861 1151 890 Et
1178 860 1268 900 Idus]
1293 859 1424 892 Quibus
1450 859 1607 891 remissus
1634 860 1698 891 erit

238 910 384 942 Metam.
408 909 451 941 de
482 911 626 950 Marsya
652 911 700 940 sic
724 911 836 942 canit:
868 909 944 941 ‘Ah
999 909 1101 941 calor.

241 961 351 1001 piget,
380 961 423 991 ah
454 970 520 991 non
547 965 612 999 est,
642 959 828 997 clamabat,
859 960 944 991 tibia

555 1134 867 1165 EPITAPHIUM
902 1135 1103 1164 NOBILIS
1139 1135 1405 1165 MATRONAE.

244 1202 509 1244 MARMORA
532 1215 670 1256 parva
688 1203 882 1256 quidem,
905 1203 983 1244 sed
1005 1216 1092 1243 non
1115 1216 1308 1252 cessura,
1329 1201 1488 1251 viator,

303 1269 502 1311 Mausoli
524 1270 650 1310 saxis
675 1270 1056 1324 Pyramidumque
1077 1270 1203 1323 legis.

245 1336 326 1378 Bis
348 1350 446 1377 mea
466 1337 676 1378 Romano
700 1341 901 1390 spectata
920 1341 987 1378 est
1003 1338 1094 1379 vita
1113 1337 1321 1384 Terento,

303 1403 362 1443 Et
378 1403 484 1444 nihil
506 1408 727 1444 extremos
750 1403 942 1457 perdidit
964 1408 1064 1444 ante
1084 1416 1234 1455 rogos,

248 1469 455 1522 Quinque
476 1469 600 1510 dedit
620 1482 798 1523 pueros,
820 1470 1006 1511 totidem
1026 1469 1135 1511 mihi
1155 1469 1185 1510 J
1190 1483 1276 1510 uno
1295 1469 1466 1524 puellas
1484 1482 1494 1510 ε
1680 1470 1710 1510 5

305 1536 570 1577 Clauserunt
591 1549 743 1577 omnes
760 1537 926 1578 lumina
946 1540 1100 1578 nostra.
1119 1549 1288 1577 manus.

292 1623 323 1654 Ο
339 1623 456 1663 viator,
471 1633 627 1655 marmora
644 1624 769 1663 quidem
782 1634 882 1664 parra
900 1627 991 1662 sunt,
1015 1625 1068 1655 sed
1088 1624 1170 1663 leges
1190 1633 1251 1654 non
1266 1632 1388 1653 cessura
1408 1622 1496 1653 saxis
1511 1621 1653 1653 Mausoli
1677 1623 1708 1652 et

248 1667 467 1707 Pyramidum.
514 1667 589 1697 Mea
601 1667 668 1697 vita
680 1667 805 1697 bisvisa
820 1671 866 1698 est
881 1668 1012 1698 Torento
1030 1667 1179 1703 Romano,
1197 1670 1226 1697 et
1243 1666 1320 1696 nihil
1333 1665 1439 1696 amisit
1465 1668 1537 1696 ante
1553 1668 1709 1695 extremos

247 1719 352 1749 rogos.
398 1710 482 1740 Juno
500 1709 579 1740 mihi
591 1711 738 1741 concessit
751 1711 884 1751 quinque
893 1719 1016 1750 pueros,
1027 1712 1057 1740 et
1073 1709 1203 1740 totidem
1221 1710 1359 1750 puellas:
1381 1717 1482 1739 omnes
1498 1708 1633 1738 illorum
1645 1716 1711 1738 ma-

867 1783 983 1794 eeeeee

987 1782 1104 1794 oooooo

290 1828 310 1857 2
335 1825 508 1856 Dorleans
538 1825 675 1865 legend.
706 1829 846 1857 censet:
874 1826 1139 1867 Pyramidumque
1156 1823 1259 1863 jugis.
1303 1823 1371 1854 Alii
1398 1824 1555 1863 leges—3
1579 1822 1714 1864 Lipsius

246 1868 332 1907 legit
359 1869 450 1907 vitta,
477 1873 514 1899 et
538 1868 648 1900 refert
673 1868 716 1899 ad
745 1869 954 1910 conjugium,
975 1869 1037 1900 hoc
1067 1873 1134 1908 est,
1161 1868 1256 1898 binos
1280 1866 1476 1906 saeculares,
1500 1866 1622 1908 inquit,
1640 1865 1712 1897 vidi

250 1915 370 1951 nupta.

910 1952 1055 1983 NOTAE

290 2008 308 2036 1
334 2004 512 2045 Marmora]
546 2004 673 2035 Sensus
698 2009 773 2035 est:
806 2004 954 2036 Parvum

246 2055 385 2096 quidem
398 2055 571 2095 spectabis
595 2064 822 2086 marmoreum
843 2060 954 2086 tumu-

247 2105 329 2145 lum,
359 2104 421 2136 sed
449 2103 545 2135 facta
584 2105 679 2145 leges
721 2109 860 2136 aeternae
883 2115 955 2137 me-

248 2154 366 2185 moriae
380 2158 597 2186 consecrata.

290 2206 310 2235 2
335 2203 474 2234 IlIausoli
498 2201 601 2243 saxis]
625 2202 715 2235 Vide
730 2203 833 2245 Epig.
851 2204 953 2236 1.lib.

246 2253 367 2295 spect.

291 2307 310 2335 3
334 2305 397 2335 Bis
427 2314 495 2335 meu
524 2305 682 2346 Romano]
712 2304 791 2336 Hoc
819 2310 886 2344 est,
917 2309 956 2337 ut

249 2355 503 2395 interpretatur
531 2355 688 2386 Raderus
712 2365 754 2386 ex
770 2355 956 2395 Politiano,

250 2405 309 2435 Bis
323 2404 410 2435 ludis
425 2405 645 2436 saecularibus
660 2404 812 2444 interfui,
825 2405 958 2437 Claudii

249 2454 487 2494 Imperatoris,
521 2454 579 2495 qui
613 2459 692 2486 sunt
721 2455 886 2486 celebrati
916 2456 958 2486 ab

248 2505 335 2536 urbe
361 2505 498 2537 condita
528 2509 604 2537 800.
634 2507 743 2546 annis,
769 2511 805 2537 et
843 2507 960 2537 Domi-

250 2554 347 2594 tiani,
362 2555 405 2586 ab
421 2556 505 2587 urbe
519 2556 660 2588 condita
675 2559 750 2588 841.
775 2556 957 2588 Suetonius

250 2604 285 2635 in
303 2605 444 2636 Claudio
470 2616 546 2647 cap.
563 2609 618 2638 21.
649 2609 657 2624 ‘
678 2607 778 2638 Fecit
801 2612 837 2638 et
852 2617 957 2638 saecu-

251 2654 352 2694 lares,
368 2655 464 2696 quasi
486 2656 693 2696 anticipatos
718 2657 762 2687 ab
786 2656 958 2698 Augusto,

252 2714 315 2737 nec
329 2706 482 2746 legitimo
499 2707 645 2747 tempori
661 2708 874 2748 reservato-*J
892 2710 958 2740 διο.

253 2755 294 2786 In
307 2756 506 2788 Domitiano
520 2767 601 2788 vero
624 2766 703 2798 cap.
718 2760 750 2789 4.
785 2758 795 2776 ‘
809 2758 907 2790 Fecit
924 2763 959 2789 et

1011 2004 1109 2036 ludos
1140 2004 1334 2044 saeculares,
1351 2007 1551 2044 computata
1581 2002 1712 2035 ratione

1012 2059 1215 2094 temporum,
1240 2053 1281 2084 ab
1309 2063 1410 2092 anno,
1438 2062 1507 2083 non
1523 2063 1588 2094 quo
1611 2053 1713 2084 Clau-

1009 2103 1086 2134 dius
1102 2102 1269 2143 proxime,
1283 2103 1344 2134 sed
1361 2113 1428 2144 quo
1443 2103 1522 2134 olim
1538 2102 1714 2144 Augustus

1009 2152 1192 2186 ediderat!
1221 2154 1230 2170 ‘
1247 2153 1432 2185 Terentus'
1448 2158 1574 2194 autem,
1589 2153 1632 2185 de
1648 2163 1715 2195 quo

1010 2204 1110 2244 Epig.
1125 2206 1178 2234 70.
1194 2203 1252 2235 lib.
1281 2213 1306 2236 1.
1331 2204 1424 2234 locus
1441 2208 1516 2235 erat
1536 2204 1571 2234 in
1593 2213 1715 2244 campo

1010 2254 1139 2284 Martio
1153 2253 1293 2294 insignis
1306 2254 1433 2293 templo
1446 2253 1550 2293 Ditis,
1562 2253 1603 2284 ad
1616 2254 1715 2294 cujus

1011 2314 1104 2335 aram
1116 2303 1204 2334 ludis
1217 2303 1436 2334 saecularibus
1451 2303 1716 2335 immolabantur

1013 2353 1174 2384 victimae.
1221 2352 1454 2383 Perobscnrus
1469 2352 1550 2383 mihi
1577 2352 1714 2385 videtur

1013 2403 1066 2435 hic
1082 2404 1188 2434 locus.

1056 2455 1076 2483 4
1101 2453 1145 2483 Et
1171 2451 1254 2483 nihil
1274 2453 1445 2493 extremos]
1469 2452 1547 2485 Hoc
1576 2457 1641 2494 est,
1659 2452 1715 2484 Ad

1012 2506 1156 2534 mortem
1173 2512 1280 2543 usque
1295 2502 1377 2534 felix
1394 2503 1456 2535 fui.

1054 2557 1072 2584 5
1096 2552 1196 2592 szo]
1219 2553 1304 2585 Quae
1325 2554 1487 2594 praesidet
1513 2553 1716 2595 puerperiis.

1055 2605 1075 2633 6
1104 2603 1306 2643 Clauserunt]
1330 2603 1408 2634 Hoc
1429 2608 1501 2635 est:
1528 2604 1655 2636 Omnes
1679 2604 1718 2635 li-

1010 2651 1086 2683 beri
1104 2653 1306 2693 superstites
1331 2654 1407 2684 mihi
1431 2654 1624 2685 clauserunt
1638 2664 1718 2686 ocu·

1013 2702 1076 2741 los,
1093 2703 1184 2744 quod
1198 2702 1263 2734 fuit
1274 2704 1538 2746 propinquorum
1553 2702 1715 2735 officium.
