1893 3225
575 223 974 253 122v1‹:nAx1³1A'1*uu
1015 224 1105 253 ι,ιι;.
1144 224 1209 254 xi.
1548 212 1632 255 863

795 415 986 458 XCIX.

713 508 762 537 ιΝ
817 506 1050 537 LESBIAM.

171 579 244 618 1)ι·;
263 578 472 619 cathedra
493 577 671 631 quoties
695 576 850 630 surgis,
859 575 954 630 jam
978 587 1102 628 saepe
1121 575 1286 624 notavi,

241 645 468 687 Paedicant
487 645 708 694 miseram,
728 643 908 693 Lesbia,
930 649 975 684 te
997 643 1176 684 tunicae.

183 714 311 764 Quas
333 727 431 754 cum
450 718 606 754 conata
628 727 677 754 es
698 712 867 762 dextra,
889 717 1050 753 conata
1071 711 1251 752 sinistra

242 781 432 831 Vellere,
456 795 554 822 cum
575 781 780 836 lacrymis
800 781 976 831 eximis,
1000 786 1046 821 et
1067 779 1246 833 gemitu.

182 850 258 891 Sic
280 850 628 902 constringuntur
648 849 820 902 gemina
839 848 1131 904 Symplegade
1152 847 1259 899 culi,

229 918 286 958 Et
309 916 486 971 Minyas
508 917 686 966 intrant,
708 916 1002 971 Cyaneasque
1020 922 1161 958 nates.

173 984 414 1025 Emendare
436 985 565 1038 cupis
585 984 739 1025 vitium
760 984 989 1026 deforme?
1021 985 1220 1026 docebo:

229 1053 406 1103 Lesbia,
428 1066 510 1093 nec
531 1066 689 1105 surgas
710 1066 887 1103 censeo,
910 1066 989 1094 nec
1011 1053 1187 1095 sedeas.

1607 854 1633 894 Cn

781 1148 959 1161 ‘‘‘‘‘‘‘
961 1148 1018 1160 m

215 1200 232 1226 5
257 1195 312 1225 Sic
329 1194 404 1226 cod.
420 1195 454 1224 in
471 1204 577 1234 marg.
595 1194 650 1225 ed.
678 1195 760 1226 Par.
790 1197 885 1226 1617.
931 1194 967 1225 Si
983 1195 1238 1235 constringantur
1254 1196 1332 1227 edd.
1350 1202 1435 1228 vett.
1460 1203 1496 1230 et
1511 1199 1635 1241 Delph.

173 1239 207 1268 si
223 1238 478 1277 constringuntur
493 1237 547 1268 ed.
566 1237 666 1268 Barb.

836 1279 974 1311 NOTAE

214 1349 233 1375 2
250 1344 429 1384 Paedicant]
447 1344 633 1376 Adnaerent
648 1345 713 1376 tuis
728 1344 878 1376 natibus.
935 1345 1092 1377 Valerius
1110 1347 1252 1378 Flaccus
1266 1347 1324 1379 lib.
1343 1358 1376 1380 v.
1398 1348 1526 1387 Argon.
1553 1350 1562 1367 ‘
1580 1351 1636 1382 AE-

216 1400 234 1427 5
262 1396 394 1426 Gemina
425 1395 645 1436 Symplegade]
678 1396 878 1436 Symplega-
933 1405 1038 1435 quore
1069 1397 1223 1438 Cyaneas
1250 1398 1378 1440 Minyae
1415 1400 1560 1432 timuere
1584 1411 1635 1433 re-

175 1447 233 1477 des
255 1446 383 1486 scopuli
408 1451 498 1483 sum,
524 1445 567 1476 de
593 1446 716 1487 quibus
735 1446 790 1478 lib.
808 1455 874 1476 vn.
931 1447 1053 1478 lictas.’

176 1496 276 1536 Epig.
296 1498 346 1526 15.
382 1495 551 1526 Dicuntur
569 1496 730 1537 Cyaneae,
758 1501 793 1526 et
810 1496 874 1526 Mi·
974 1500 993 1527 8
1018 1498 1088 1529 Nec
1101 1499 1221 1540 sedeas]
1266 1499 1332 1531 Sed
1358 1501 1476 1541 jaceas
1502 1503 1638 1535 natibus

174 1556 250 1587 nyae
267 1545 311 1576 ob
326 1555 459 1576 cursum
475 1555 573 1586 quein
591 1546 668 1577 illac
682 1546 827 1588 Minyae,
843 1545 877 1577 id
931 1548 1070 1589 supinis,

176 1603 240 1638 est,
255 1597 474 1638 Argamum,
486 1603 682 1630 tenuerunt.
699 1599 879 1631 Domitius.

729 1820 795 1849 AD
830 1819 1078 1849 FLACCUM.

291 1886 335 1926 H
344 1897 505 1927 ABERE
527 1887 714 1928 amicam
736 1886 858 1937 nolo,
880 1886 1061 1937 Flacce,
1092 1889 1320 1940 subtilem,

291 1954 434 2008 Cujus
455 1955 647 1996 lacertos
669 1954 816 1996 annuli
838 1955 924 1996 mei
946 1955 1139 2008 cingant,

290 2021 406 2072 Quae
426 2022 556 2064 clune
577 2022 697 2064 nudo
719 2022 859 2073 radat,
882 2027 925 2064 et
945 2036 1061 2076 genu
1082 2027 1273 2078 pungat:

289 2089 375 2131 Cui
396 2104 517 2146 serra
534 2090 712 2140 lumbis,
734 2091 887 2145 cuspis
908 2091 1074 2133 eminet
1095 2092 1213 2134 culo.

289 2158 379 2199 Sed
399 2157 517 2199 idem
539 2159 730 2200 amicam
751 2160 850 2200 nolo
872 2159 991 2200 mille
1011 2159 1237 2201 librarum.
1608 2166 1637 2206 5

290 2225 532 2267 Carnarius
556 2240 668 2276 sum,
690 2227 966 2280 pinguiarius
984 2241 1070 2269 non
1087 2241 1200 2270 sum.

789 2325 1025 2337 eeeeeeeeeeee

219 2378 270 2409 Aa
287 2378 324 2409 F.
339 2380 457 2419 qualem
471 2380 546 2411 velit
560 2379 690 2411 amicam
706 2379 760 2411 ed.
776 2380 880 2412 Barb.

837 2461 977 2494 NOTA:

224 2535 240 2563 1
266 2532 436 2574 subtilem]
457 2534 640 2574 (hamilem,
656 2536 789 2575 exilem,
798 2538 878 2578 jun-
933 2543 985 2572 net
999 2540 1083 2581 culo]
1106 2540 1321 2582 Uropygium
1334 2540 1392 2575 lib.
1405 2551 1461 2575 111.
1472 2541 1573 2584 Epig.
1582 2545 1640 2576 93.

180 2592 286 2615 ceam.
974 2594 994 2622 6
1007 2592 1180 2623 Carnarius
1189 2602 1267 2633 sum,
1274 2593 1476 2634 pinguiarius
1487 2603 1545 2625 non
1553 2595 1641 2635 sum}

223 2636 242 2665 3
269 2635 347 2670 Quoe
361 2635 462 2675 clune]
487 2636 572 2669 Quae
597 2636 752 2679 depygis,
776 2639 877 2670 maci·
933 2641 1090 2672 Puellam
1113 2643 1188 2673 volo
1217 2644 1371 2684 corporis
1393 2643 1488 2675 solidi
1515 2649 1550 2675 et
1566 2653 1639 2676 car-

180 2685 286 2723 leuta,
301 2690 337 2716 et
350 2686 444 2726 quasi
455 2686 552 2717 nudis
569 2687 709 2719 ossibus.
933 2701 1063 2731 nesam,
1078 2702 1143 2723 uon
1158 2693 1363 2734 pinguedine
1382 2694 1543 2726 tumidam
1560 2704 1635 2735 gra-

225 2739 244 2767 4
270 2737 565 2777 Cuiserralumbis]
589 2739 694 2778 Cujus
706 2740 797 2772 dorsi
812 2742 879 2781 spi·
935 2753 1090 2785 venique.

183 2796 225 2817 na
238 2796 363 2819 serram
381 2798 451 2828 prae
475 2800 509 2820 se
535 2788 635 2821 forat.
680 2792 791 2832 Cuspis
805 2793 878 2823 emi-
