1893 3225
532 245 893 278 EPlGRAMMA'rU
906 245 934 273 M
974 243 1067 273 Llss.
1101 244 1149 273 Χ.

225 342 348 382 [dem
367 344 469 394 post
491 354 622 394 opus,
643 343 685 381 et
706 351 810 380 suas
831 338 1082 391 palaestras,

224 409 338 448 Loro
359 421 457 448 cum
478 408 634 448 similis
651 407 775 461 jacet
796 405 998 452 remisso,
1545 400 1573 438 ὃ

230 475 413 526 Quanto
436 475 496 515 sit
518 475 656 516 lcvior
677 472 872 515 Marulla
888 471 1008 511 dicit.

226 542 269 581 N
274 555 330 582 011
353 555 456 595 ergo
481 547 552 583 est
571 553 729 582 manus
751 541 851 590 ista,
873 538 955 580 sed
977 540 1158 580 statera.

785 721 911 764 LVI.

687 813 735 842 IN
773 811 998 841 GALLUM.

107 878 273 927 To'rls,
295 877 442 928 Galle,
458 879 592 932 jubes
614 880 695 920 tibi
717 892 787 920 me
813 879 974 920 servire
997 877 1171 927 diebus,

168 945 223 985 Et
242 959 320 998 per
345 945 611 987 Aventinum
632 950 693 987 ter
714 951 870 1000 quater
890 945 952 986 ire
974 948 1114 985 tuum.

109 1009 291 1060 Eximit,
314 1016 393 1051 aut
409 1012 553 1053 reficit
578 1012 750 1054 dentem
773 1012 1017 1053 Cascellius
1038 1022 1227 1064 aegrum:

169 1077 365 1119 Infestos
395 1079 537 1120 oculis
561 1080 667 1129 uris,
690 1079 874 1133 Higine,
895 1079 1030 1132 pilos-

114 1143 220 1184 Non
242 1149 376 1196 secat,
399 1150 443 1186 et
462 1146 574 1186 tollit
594 1147 827 1187 stillantem
847 1145 1045 1186 Fannius
1067 1155 1224 1185 uvam:
1544 1140 1571 1180 5

165 1211 333 1252 Tristia
354 1225 579 1253 servorum
602 1213 811 1264 stigmata
832 1212 950 1252 delet
972 1211 1098 1251 Eros.

112 1278 475 1319 Enterocelarum
495 1279 634 1320 fertur
655 1279 910 1320 Podalirius
933 1278 1153 1319 Hermes:

166 1344 256 1395 Qui
271 1351 395 1386 sanet
416 1351 585 1399 ruptos,
610 1346 682 1387 dic
703 1347 822 1397 mihi,
841 1346 990 1395 Galle,
1013 1345 1115 1399 quis
1138 1344 1240 1384 est?

152 1454 183 1485 O
199 1454 303 1493 Galle,
321 1456 455 1495 imperas
478 1465 524 1486 me
540 1455 599 1486 tibi
609 1455 764 1493 famulari
778 1454 854 1486 totis
868 1454 989 1493 diebus,
1005 1457 1099 1494 utque
1113 1453 1159 1483 ire
1174 1455 1224 1483 ter
1244 1454 1273 1482 et
1288 1452 1397 1491 quater
1411 1459 1467 1490 per
1489 1452 1577 1479 tuum

109 1496 309 1527 Aventinum.
357 1498 526 1528 Cassellz'us
550 1499 666 1536 evellit,
688 1502 743 1529 aut
765 1501 854 1528 curat
877 1499 1000 1528 dentem
1022 1505 1154 1535 oegrum.

1201 1494 1232 1525 O
1251 1493 1386 1532 Higz'ne‚
1412 1492 1479 1522 uris
1497 1492 1579 1531 pilos

108 1539 218 1570 noxios
229 1541 334 1570 oculis.
380 1540 522 1571 Fannius
535 1550 594 1570 non
610 1541 737 1578 scindit,
753 1544 783 1571 et
802 1546 913 1570 tamen
934 1539 1037 1575 aufert
1053 1548 1145 1569 uvam
1161 1537 1354 1567 stillantem.-
1378 1535 1485 1566 Heras
1496 1534 1578 1564 delet

109 1582 216 1612 tristia
233 1582 385 1620 stigmata
409 1592 576 1614 servorum.
624 1583 760 1614 Hermes
774 1582 892 1613 dicitur
906 1581 1091 1613 Podalirius
1113 1580 1302 1611 hermarum.
1348 1578 1379 1609 O
1400 1577 1504 1616 Galle,
1528 1576 1578 1606 dic

111 1624 202 1664 mzhi,
217 1625 285 1664 quis
296 1628 383 1655 curet
399 1623 531 1665 ruptos?

721 1675 964 1688 mmo-‘sle

153 1732 173 1760 2
196 1730 205 1746 ⁶
224 1729 280 1760 Ita
295 1730 472 1770 scripsisse
490 1731 686 1762 Martialem
713 1731 849 1770 credat,
875 1730 1083 1771 quicumque
1110 1729 1226 1766 volet3
1250 1737 1318 1758 non
1336 1735 1418 1767 ego:
1444 1723 1504 1755 sed
1536 1723 1578 1754 ab

109 1771 184 1811 ejus
200 1782 301 1802 manu
315 1772 420 1803 fuisse
438 1774 495 1803 vix
511 1774 630 1805 dubito
645 1774 691 1805 ire
705 1773 827 1806 lutum.’

872 1775 928 1804 De
947 1773 1125 1812 Rooy.--4
1144 1771 1220 1801 Oris
1250 1771 1334 1801 Yene
1349 1767 1425 1800 eod.
1441 1766 1579 1798 Beverl.

111 1814 238 1853 Hegine
254 1814 333 1845 edd.
365 1816 480 1847 Maitt.
494 1817 665 1848 Barb.—6
687 1817 844 1848 Saxorum
861 1820 897 1846 et
914 1815 1020 1846 Heras
1033 1814 1113 1845 edd.
1131 1818 1217 1844 vett.
1261 1813 1422 1843 Saxonum
1439 1814 1475 1841 et
1490 1810 1578 1840 Hero

113 1857 191 1889 cod.
209 1857 348 1889 Beverl.

769 1901 801 1932 N
809 1900 912 1932 OTAE

153 1965 174 1993 2
219 1963 264 1992 Et
304 1973 362 2003 per
397 1963 603 2003 Aventinum]
655 1964 814 1995 Montem

110 2021 234 2052 nempe
252 2012 285 2042 in
302 2022 367 2053 quo
384 2013 561 2044 habitabat
577 2013 710 2045 Gallus.

155 2065 173 2092 3
200 2063 387 2102 Cascellius]
412 2063 611 2103 Chirurgus·

153 2114 174 2142 4
213 2112 350 2152 Higz'ne]
385 2113 454 2145 Qui
490 2113 665 2144 oculorum
701 2112 818 2143 morbo

112 2162 326 2193 medebatur.
369 2163 531 2194 Scribant
568 2164 638 2204 alii,
678 2163 820 2203 Higyne‚

113 2213 183 2252 alii,
200 2212 341 2252 Hegine.

156 2265 174 2292 5
223 2261 402 2293 stillantem
445 2261 549 2301 uvam]
593 2261 821 2292 Tuberculum

115 2320 238 2351 nempe
255 2311 289 2341 in
305 2311 460 2343 faucibus
475 2322 492 2342 a
506 2311 727 2342 similitudine
745 2322 820 2342 uvae

115 2361 164 2392 sic
177 2361 318 2392 dictum.
364 2362 481 2392 Celsus
499 2362 557 2392 lib.
577 2371 610 2392 v.
627 2372 702 2402 cap.
717 2365 768 2392 14.

159 2414 179 2441 6
203 2410 366 2441 Servorum
395 2411 563 2450 stigmata]
593 2411 680 2442 Vide
719 2411 822 2452 Epig.

116 2464 169 2492 (31.
186 2461 243 2492 lib.
264 2470 312 2491 V1.
360 2462 369 2479 ‘
385 2462 553 2502 Stigmata
569 2471 633 2493 nec
650 2461 748 2493 vafra
765 2463 821 2494 de-

117 2513 201 2544 lebit
215 2512 400 2543 Cinnamus
412 2513 507 2543 arte-⁷

161 2565 178 2592 7
206 2563 473 2603 Enterocelarum]
499 2563 574 2595 Hoc
603 2568 668 2605 est,
687 2564 818 2596 hernia-

870 1972 958 2002 rum,
986 1971 1062 1993 cum
1089 1960 1252 1993 intestina
1280 1960 1312 1991 in
1339 1962 1491 1991 scrotum
1523 1957 1580 1989 de-

870 2013 1045 2045 labuntur.

915 2062 1114 2102 Podalirius]
1138 2062 1262 2093 Frater
1292 2059 1506 2098 Machaoniis,
1544 2061 1580 2088 et

872 2112 1060 2153 AEsculapii
1075 2111 1178 2151 filius,
1192 2111 1247 2142 hic
1260 2111 1404 2141 sumitur
1426 2118 1488 2150 pro
1510 2116 1581 2138 me-

876 2162 972 2194 dico:
997 2162 1061 2192 hoc
1078 2166 1146 2202 est,
1164 2161 1311 2192 Hermes
1324 2164 1422 2192 curat
1435 2158 1581 2190 hernias.

918 2216 937 2243 8
964 2213 1027 2248 Qui
1050 2215 1137 2243 sanet
1161 2211 1282 2252 ruptos]
1307 2212 1386 2242 Non
1410 2210 1581 2241 herniosos

876 2264 1050 2303 intelligit,
1073 2263 1134 2294 sed
1151 2261 1272 2293 officiis
1288 2265 1507 2302 patronorum
1524 2259 1582 2289 de-

876 2313 1050 2354 fatigatos,
1066 2317 1101 2344 et
1117 2322 1261 2353 quorum
1287 2315 1401 2342 vestes
1426 2313 1503 2340 sunt
1531 2314 1581 2340 at-

877 2363 965 2394 tritae
983 2368 1018 2394 et
1033 2364 1176 2395 lacerae:
1201 2362 1296 2403 quasi
1314 2362 1460 2398 diceret,
1476 2361 1581 2391 Omni

876 2414 1067 2445 morborum
1095 2413 1212 2454 generi
1239 2412 1426 2443 remedium
1443 2411 1582 2452 quidem

876 2464 1069 2502 invenitur3
1104 2467 1140 2494 at
1169 2462 1352 2493 clientibus
1383 2459 1582 2501 defatigatis

876 2521 911 2548 et
934 2515 1058 2546 laceris
1075 2514 1185 2545 nullus
1202 2517 1367 2554 patronus
1382 2510 1450 2542 fert
1467 2520 1579 2552 opem.
