<?xml version="1.0" encoding="UTF-8"?>
<!DOCTYPE html PUBLIC "-//W3C//DTD XHTML 1.0 Transitional//EN"
    "http://www.w3.org/TR/xhtml1/DTD/xhtml1-transitional.dtd">
<html xmlns="http://www.w3.org/1999/xhtml" xml:lang="en" lang="en">
 <head>
  <title>
</title>
<meta http-equiv="Content-Type" content="text/html;charset=utf-8" />
  <meta name='ocr-system' content='tesseract 3.04.00' />
  <meta name='ocr-capabilities' content='ocr_page ocr_carea ocr_par ocr_line ocrx_word'/>
</head>
<body>
  <div class='ocr_page' id='page_1' title='image "./epigrammataexedi02martuoft_0163.png"; bbox 0 0 1893 3225; ppageno 0'>
   <div class='ocr_carea' id='block_1_1' title="bbox 566 238 1603 279">
    <p class='ocr_par' dir='ltr' id='par_1_1' title="bbox 566 238 1603 279">
     <span class='ocr_line' id='line_1_1' title="bbox 566 238 1603 279; baseline 0.001 -2"><span class='ocrx_word' id='word_1_1' title='bbox 566 247 969 277; x_wconf 73' lang='lat' dir='ltr'><strong>nrmnAMMATUM</strong></span> <span class='ocrx_word' id='word_1_2' title='bbox 1010 247 1100 277; x_wconf 74' lang='lat' dir='ltr'><strong>mu.</strong></span> <span class='ocrx_word' id='word_1_3' title='bbox 1137 248 1206 277; x_wconf 71' lang='lat' dir='ltr'><strong>rx.</strong></span> <span class='ocrx_word' id='word_1_4' title='bbox 1521 238 1603 279; x_wconf 78' lang='grc'><strong>651</strong></span> 
     </span>
    </p>
   </div>
   <div class='ocr_carea' id='block_1_2' title="bbox 151 342 1607 735">
    <p class='ocr_par' dir='ltr' id='par_1_2' title="bbox 152 342 1246 464">
     <span class='ocr_line' id='line_1_2' title="bbox 152 342 1246 394; baseline -0.002 -10"><span class='ocrx_word' id='word_1_5' title='bbox 152 344 328 384; x_wconf 65' lang='lat' dir='ltr'><strong>AEstuet</strong></span> <span class='ocrx_word' id='word_1_6' title='bbox 352 348 397 384; x_wconf 89' lang='lat' dir='ltr'><strong>ut</strong></span> <span class='ocrx_word' id='word_1_7' title='bbox 416 348 566 385; x_wconf 77' lang='lat' dir='ltr'><strong>nostro</strong></span> <span class='ocrx_word' id='word_1_8' title='bbox 598 342 802 384; x_wconf 83' lang='lat' dir='ltr'><strong>madidus</strong></span> <span class='ocrx_word' id='word_1_9' title='bbox 823 343 1013 383; x_wconf 77' lang='lat' dir='ltr'><strong>conviva</strong></span> <span class='ocrx_word' id='word_1_10' title='bbox 1033 343 1246 394; x_wconf 78' lang='lat' dir='ltr'><strong>ministro,</strong></span> 
     </span>
     <span class='ocr_line' id='line_1_3' title="bbox 207 409 1222 464; baseline 0 -13"><span class='ocrx_word' id='word_1_11' title='bbox 207 411 351 461; x_wconf 84' lang='lat' dir='ltr'><strong>Quem</strong></span> <span class='ocrx_word' id='word_1_12' title='bbox 370 415 666 463; x_wconf 85' lang='lat' dir='ltr'><strong>permutatum</strong></span> <span class='ocrx_word' id='word_1_13' title='bbox 688 423 767 450; x_wconf 89' lang='lat' dir='ltr'><strong>nec</strong></span> <span class='ocrx_word' id='word_1_14' title='bbox 786 409 1045 464; x_wconf 83' lang='lat' dir='ltr'><strong>Ganymede</strong></span> <span class='ocrx_word' id='word_1_15' title='bbox 1064 411 1222 451; x_wconf 88' lang='lat' dir='ltr'><strong>velim:</strong></span> 
     </span>
    </p>

    <p class='ocr_par' dir='ltr' id='par_1_3' title="bbox 151 478 1251 601">
     <span class='ocr_line' id='line_1_4' title="bbox 151 478 1251 532; baseline -0.001 -13"><span class='ocrx_word' id='word_1_16' title='bbox 151 478 210 520; x_wconf 89' lang='lat' dir='ltr'><strong>Ut</strong></span> <span class='ocrx_word' id='word_1_17' title='bbox 230 479 445 520; x_wconf 83' lang='lat' dir='ltr'><strong>lutulenta</strong></span> <span class='ocrx_word' id='word_1_18' title='bbox 464 480 574 519; x_wconf 84' lang='lat' dir='ltr'><strong>linat</strong></span> <span class='ocrx_word' id='word_1_19' title='bbox 595 478 752 532; x_wconf 85' lang='lat' dir='ltr'><strong>Tyrias</strong></span> <span class='ocrx_word' id='word_1_20' title='bbox 772 479 877 518; x_wconf 87' lang='lat' dir='ltr'><strong>mihi</strong></span> <span class='ocrx_word' id='word_1_21' title='bbox 896 478 1016 518; x_wconf 83' lang='lat' dir='ltr'><strong>mula</strong></span> <span class='ocrx_word' id='word_1_22' title='bbox 1036 478 1251 527; x_wconf 77' lang='lat' dir='ltr'>lacernas,</span> 
     </span>
     <span class='ocr_line' id='line_1_5' title="bbox 208 546 1133 601; baseline 0.001 -15"><span class='ocrx_word' id='word_1_23' title='bbox 208 546 265 587; x_wconf 84' lang='lat' dir='ltr'><strong>Et</strong></span> <span class='ocrx_word' id='word_1_24' title='bbox 286 547 562 601; x_wconf 81' lang='lat' dir='ltr'><strong>Massyleum</strong></span> <span class='ocrx_word' id='word_1_25' title='bbox 586 547 707 598; x_wconf 80' lang='lat' dir='ltr'><strong>virga</strong></span> <span class='ocrx_word' id='word_1_26' title='bbox 728 547 937 599; x_wconf 80' lang='lat' dir='ltr'><strong>gubernet</strong></span> <span class='ocrx_word' id='word_1_27' title='bbox 958 559 1133 599; x_wconf 88' lang='lat' dir='ltr'><strong>equum.</strong></span> 
     </span>
    </p>

    <p class='ocr_par' dir='ltr' id='par_1_4' title="bbox 153 612 1607 735">
     <span class='ocr_line' id='line_1_6' title="bbox 153 612 1607 667; baseline 0.003 -14"><span class='ocrx_word' id='word_1_28' title='bbox 153 612 235 654; x_wconf 85' lang='lat' dir='ltr'><strong>Est</strong></span> <span class='ocrx_word' id='word_1_29' title='bbox 256 614 364 654; x_wconf 84' lang='lat' dir='ltr'>nihil</span> <span class='ocrx_word' id='word_1_30' title='bbox 386 627 444 654; x_wconf 76' lang='lat' dir='ltr'><strong>ex</strong></span> <span class='ocrx_word' id='word_1_31' title='bbox 464 614 588 654; x_wconf 85' lang='lat' dir='ltr'><strong>istis:</strong></span> <span class='ocrx_word' id='word_1_32' title='bbox 621 626 821 667; x_wconf 80' lang='lat' dir='ltr'><strong>superOS,</strong></span> <span class='ocrx_word' id='word_1_33' title='bbox 843 626 896 654; x_wconf 82' lang='lat' dir='ltr'><strong>ac</strong></span> <span class='ocrx_word' id='word_1_34' title='bbox 919 613 1067 654; x_wconf 83' lang='lat' dir='ltr'><strong>sidera</strong></span> <span class='ocrx_word' id='word_1_35' title='bbox 1089 617 1242 654; x_wconf 77' lang='lat' dir='ltr'><strong>testor.</strong></span> <span class='ocrx_word' id='word_1_36' title='bbox 1554 617 1607 657; x_wconf 85' lang='lat'><strong>15</strong></span> 
     </span>
     <span class='ocr_line' id='line_1_7' title="bbox 207 680 1253 735; baseline 0.001 -15"><span class='ocrx_word' id='word_1_37' title='bbox 207 680 321 735; x_wconf 85' lang='lat' dir='ltr'><strong>Ergo</strong></span> <span class='ocrx_word' id='word_1_38' title='bbox 345 682 449 735; x_wconf 86' lang='lat' dir='ltr'><strong>quid</strong></span> <span class='ocrx_word' id='word_1_39' title='bbox 467 682 485 721; x_wconf 59' lang='lat'><strong>⁶?</strong></span> <span class='ocrx_word' id='word_1_40' title='bbox 517 685 563 722; x_wconf 80' lang='lat' dir='ltr'><strong>ut</strong></span> <span class='ocrx_word' id='word_1_41' title='bbox 583 682 753 731; x_wconf 86' lang='lat' dir='ltr'><strong>donem,</strong></span> <span class='ocrx_word' id='word_1_42' title='bbox 774 685 940 734; x_wconf 80' lang='lat' dir='ltr'><strong>pastor,</strong></span> <span class='ocrx_word' id='word_1_43' title='bbox 962 686 1003 722; x_wconf 85' lang='lat' dir='ltr'><strong>et</strong></span> <span class='ocrx_word' id='word_1_44' title='bbox 1024 682 1253 723; x_wconf 80' lang='lat' dir='ltr'><strong>aedificem.</strong></span> 
     </span>
    </p>
   </div>
   <div class='ocr_carea' id='block_1_3' title="bbox 146 813 1610 982">
    <p class='ocr_par' dir='ltr' id='par_1_5' title="bbox 146 813 1610 982">
     <span class='ocr_line' id='line_1_8' title="bbox 146 813 1608 855; baseline 0.003 -13"><span class='ocrx_word' id='word_1_45' title='bbox 146 815 232 843; x_wconf 71' lang='lat' dir='ltr'><strong>{rum</strong></span> <span class='ocrx_word' id='word_1_46' title='bbox 256 813 428 853; x_wconf 79' lang='lat' dir='ltr'><strong>famulum,</strong></span> <span class='ocrx_word' id='word_1_47' title='bbox 456 824 544 854; x_wconf 80' lang='lat' dir='ltr'><strong>quem</strong></span> <span class='ocrx_word' id='word_1_48' title='bbox 576 823 631 844; x_wconf 83' lang='lat' dir='ltr'><strong>nec</strong></span> <span class='ocrx_word' id='word_1_49' title='bbox 652 816 864 853; x_wconf 80' lang='lat' dir='ltr'><strong>permutatum</strong></span> <span class='ocrx_word' id='word_1_50' title='bbox 886 814 979 844; x_wconf 79' lang='lat' dir='ltr'><strong>velim.</strong></span> <span class='ocrx_word' id='word_1_51' title='bbox 1005 814 1206 855; x_wconf 80' lang='lat' dir='ltr'><strong>Ganymede:</strong></span> <span class='ocrx_word' id='word_1_52' title='bbox 1232 817 1266 845; x_wconf 75' lang='lat' dir='ltr'><strong>ut</strong></span> <span class='ocrx_word' id='word_1_53' title='bbox 1291 815 1375 845; x_wconf 80' lang='lat' dir='ltr'><strong>mula</strong></span> <span class='ocrx_word' id='word_1_54' title='bbox 1397 815 1461 844; x_wconf 82' lang='lat' dir='ltr'><strong>luto</strong></span> <span class='ocrx_word' id='word_1_55' title='bbox 1484 824 1608 854; x_wconf 80' lang='lat' dir='ltr'><strong>aspersa</strong></span> 
     </span>
     <span class='ocr_line' id='line_1_9' title="bbox 149 855 1608 897; baseline 0.002 -12"><span class='ocrx_word' id='word_1_56' title='bbox 149 855 227 886; x_wconf 68' lang='lat' dir='ltr'><strong>milei</strong></span> <span class='ocrx_word' id='word_1_57' title='bbox 256 856 394 896; x_wconf 78' lang='lat' dir='ltr'><strong>inquinet</strong></span> <span class='ocrx_word' id='word_1_58' title='bbox 423 866 594 897; x_wconf 79' lang='lat' dir='ltr'><strong>purpureus</strong></span> <span class='ocrx_word' id='word_1_59' title='bbox 623 858 774 894; x_wconf 67' lang='lat' dir='ltr'><strong>lacernas,</strong></span> <span class='ocrx_word' id='word_1_60' title='bbox 800 860 831 887; x_wconf 75' lang='lat' dir='ltr'><strong>et</strong></span> <span class='ocrx_word' id='word_1_61' title='bbox 861 858 954 896; x_wconf 73' lang='lat' dir='ltr'><strong>virga</strong></span> <span class='ocrx_word' id='word_1_62' title='bbox 982 861 1071 896; x_wconf 76' lang='lat' dir='ltr'><strong>regat</strong></span> <span class='ocrx_word' id='word_1_63' title='bbox 1109 868 1217 897; x_wconf 77' lang='lat' dir='ltr'><strong>equum</strong></span> <span class='ocrx_word' id='word_1_64' title='bbox 1251 857 1456 897; x_wconf 75' lang='lat' dir='ltr'><strong>Massyleum.</strong></span> <span class='ocrx_word' id='word_1_65' title='bbox 1513 858 1608 888; x_wconf 69' lang='lat' dir='ltr'><strong>Nihil</strong></span> 
     </span>
     <span class='ocr_line' id='line_1_10' title="bbox 149 899 1610 982; baseline 0.003 -55"><span class='ocrx_word' id='word_1_66' title='bbox 149 902 282 982; x_wconf 40' lang='lat' dir='ltr'><strong>‘&#39;lm-&#39;fin</strong></span> <span class='ocrx_word' id='word_1_67' title='bbox 305 899 376 930; x_wconf 77' lang='lat' dir='ltr'><strong>his:</strong></span> <span class='ocrx_word' id='word_1_68' title='bbox 400 903 491 931; x_wconf 77' lang='lat' dir='ltr'><strong>testes</strong></span> <span class='ocrx_word' id='word_1_69' title='bbox 514 899 642 930; x_wconf 77' lang='lat' dir='ltr'><strong>adhibeo</strong></span> <span class='ocrx_word' id='word_1_70' title='bbox 656 900 740 931; x_wconf 80' lang='lat' dir='ltr'><strong>Deos</strong></span> <span class='ocrx_word' id='word_1_71' title='bbox 762 902 792 930; x_wconf 77' lang='lat' dir='ltr'><strong>et</strong></span> <span class='ocrx_word' id='word_1_72' title='bbox 815 902 915 931; x_wconf 79' lang='lat' dir='ltr'><strong>astra.</strong></span> <span class='ocrx_word' id='word_1_73' title='bbox 946 899 1030 934; x_wconf 78' lang='lat' dir='ltr'><strong>Quid</strong></span> <span class='ocrx_word' id='word_1_74' title='bbox 1046 899 1175 939; x_wconf 70' lang='lat' dir='ltr'><strong>igitur?</strong></span> <span class='ocrx_word' id='word_1_75' title='bbox 1221 900 1251 931; x_wconf 94' lang='grc' dir='ltr'><strong>Ο</strong></span> <span class='ocrx_word' id='word_1_76' title='bbox 1269 904 1390 940; x_wconf 80' lang='lat' dir='ltr'><strong>pastor,</strong></span> <span class='ocrx_word' id='word_1_77' title='bbox 1407 903 1439 930; x_wconf 81' lang='lat' dir='ltr'><strong>ut</strong></span> <span class='ocrx_word' id='word_1_78' title='bbox 1456 900 1562 931; x_wconf 78' lang='lat' dir='ltr'><strong>donem</strong></span> <span class='ocrx_word' id='word_1_79' title='bbox 1579 904 1610 931; x_wconf 79' lang='lat' dir='ltr'><strong>et</strong></span> 
     </span>
     <span class='ocr_line' id='line_1_11' title="bbox 151 942 313 972; baseline 0.012 -2"><span class='ocrx_word' id='word_1_80' title='bbox 151 942 212 970; x_wconf 75' lang='lat' dir='ltr'><strong>oecli</strong></span> <span class='ocrx_word' id='word_1_81' title='bbox 238 951 313 972; x_wconf 86' lang='lat' dir='ltr'><strong>cem.</strong></span> 
     </span>
    </p>
   </div>
   <div class='ocr_carea' id='block_1_4' title="bbox 761 995 995 1006">
    <p class='ocr_par' dir='ltr' id='par_1_6' title="bbox 761 995 995 1006">
     <span class='ocr_line' id='line_1_12' title="bbox 761 995 995 1006; baseline 0 0"><span class='ocrx_word' id='word_1_82' title='bbox 761 995 995 1006; x_wconf 61' lang='lat' dir='ltr'><strong>eeeomme‘·</strong></span> 
     </span>
    </p>
   </div>
   <div class='ocr_carea' id='block_1_5' title="bbox 148 1058 1606 1101">
    <p class='ocr_par' dir='ltr' id='par_1_7' title="bbox 148 1058 1606 1101">
     <span class='ocr_line' id='line_1_13' title="bbox 148 1058 1606 1101; baseline 0.001 -14"><span class='ocrx_word' id='word_1_83' title='bbox 148 1058 266 1097; x_wconf 71' lang='lat' dir='ltr'><strong>possit,</strong></span> <span class='ocrx_word' id='word_1_84' title='bbox 289 1062 323 1089; x_wconf 88' lang='lat' dir='ltr'><strong>et</strong></span> <span class='ocrx_word' id='word_1_85' title='bbox 340 1069 382 1090; x_wconf 86' lang='lat' dir='ltr'><strong>ex</strong></span> <span class='ocrx_word' id='word_1_86' title='bbox 406 1060 581 1101; x_wconf 80' lang='lat' dir='ltr'>marginali</span> <span class='ocrx_word' id='word_1_87' title='bbox 600 1061 711 1101; x_wconf 82' lang='lat' dir='ltr'><strong>glossa</strong></span> <span class='ocrx_word' id='word_1_88' title='bbox 727 1060 907 1092; x_wconf 80' lang='lat' dir='ltr'><strong>verisimile</strong></span> <span class='ocrx_word' id='word_1_89' title='bbox 932 1061 1075 1093; x_wconf 59' lang='lat' dir='ltr'><strong>sin—12</strong></span> <span class='ocrx_word' id='word_1_90' title='bbox 1102 1060 1168 1092; x_wconf 85' lang='lat' dir='ltr'><strong>Alii</strong></span> <span class='ocrx_word' id='word_1_91' title='bbox 1193 1070 1255 1101; x_wconf 85' lang='lat' dir='ltr'><strong>pro</strong></span> <span class='ocrx_word' id='word_1_92' title='bbox 1278 1060 1384 1098; x_wconf 68' lang='lat' dir='ltr'><strong>velim,</strong></span> <span class='ocrx_word' id='word_1_93' title='bbox 1406 1060 1496 1101; x_wconf 88' lang='lat' dir='ltr'><strong>quod</strong></span> <span class='ocrx_word' id='word_1_94' title='bbox 1513 1059 1606 1090; x_wconf 82' lang='lat' dir='ltr'><strong>exhi-</strong></span> 
     </span>
    </p>
   </div>
   <div class='ocr_carea' id='block_1_6' title="bbox 148 1100 1606 1176">
    <p class='ocr_par' dir='ltr' id='par_1_8' title="bbox 148 1100 1606 1176">
     <span class='ocr_line' id='line_1_14' title="bbox 148 1100 1606 1150; baseline 0.002 -20"><span class='ocrx_word' id='word_1_95' title='bbox 148 1100 230 1130; x_wconf 80' lang='lat' dir='ltr'><strong>bent</strong></span> <span class='ocrx_word' id='word_1_96' title='bbox 255 1101 334 1150; x_wconf 77' lang='lat' dir='ltr'><strong>edd,</strong></span> <span class='ocrx_word' id='word_1_97' title='bbox 354 1108 438 1134; x_wconf 88' lang='lat' dir='ltr'><strong>vett.</strong></span> <span class='ocrx_word' id='word_1_98' title='bbox 463 1104 589 1135; x_wconf 80' lang='lat' dir='ltr'><strong>habent</strong></span> <span class='ocrx_word' id='word_1_99' title='bbox 613 1104 712 1140; x_wconf 75' lang='lat' dir='ltr'><strong>velis5</strong></span> <span class='ocrx_word' id='word_1_100' title='bbox 736 1104 806 1145; x_wconf 85' lang='lat' dir='ltr'><strong>alii,</strong></span> <span class='ocrx_word' id='word_1_101' title='bbox 828 1106 1003 1136; x_wconf 78' lang='lat' dir='ltr'><strong>velit.—l4</strong></span> <span class='ocrx_word' id='word_1_102' title='bbox 1030 1105 1072 1135; x_wconf 80' lang='lat' dir='ltr'><strong>Ec</strong></span> <span class='ocrx_word' id='word_1_103' title='bbox 1098 1105 1240 1145; x_wconf 81' lang='lat' dir='ltr'><strong>Massyla</strong></span> <span class='ocrx_word' id='word_1_104' title='bbox 1263 1114 1363 1135; x_wconf 83' lang='lat' dir='ltr'><strong>meum</strong></span> <span class='ocrx_word' id='word_1_105' title='bbox 1386 1103 1497 1135; x_wconf 87' lang='lat' dir='ltr'><strong>codex</strong></span> <span class='ocrx_word' id='word_1_106' title='bbox 1526 1103 1606 1133; x_wconf 87' lang='lat' dir='ltr'><strong>Pul-</strong></span> 
     </span>
     <span class='ocr_line' id='line_1_15' title="bbox 153 1152 280 1176; baseline 0.024 -4"><span class='ocrx_word' id='word_1_107' title='bbox 153 1152 280 1176; x_wconf 75' lang='lat' dir='ltr'><strong>manni.</strong></span> 
     </span>
    </p>
   </div>
   <div class='ocr_carea' id='block_1_7' title="bbox 804 1212 944 1244">
    <p class='ocr_par' dir='ltr' id='par_1_9' title="bbox 804 1212 944 1244">
     <span class='ocr_line' id='line_1_16' title="bbox 804 1212 944 1244; baseline 0.007 -2"><span class='ocrx_word' id='word_1_108' title='bbox 804 1212 944 1244; x_wconf 87' lang='lat' dir='ltr'>NOTAE</span> 
     </span>
    </p>
   </div>
   <div class='ocr_carea' id='block_1_8' title="bbox 148 1291 1610 1488">
    <p class='ocr_par' dir='ltr' id='par_1_10' title="bbox 148 1291 1610 1387">
     <span class='ocr_line' id='line_1_17' title="bbox 198 1291 1606 1335; baseline 0.001 -13"><span class='ocrx_word' id='word_1_109' title='bbox 198 1294 235 1322; x_wconf 82' lang='lat'><strong>13</strong></span> <span class='ocrx_word' id='word_1_110' title='bbox 257 1291 368 1332; x_wconf 79' lang='lat' dir='ltr'><strong>Tyrias</strong></span> <span class='ocrx_word' id='word_1_111' title='bbox 379 1291 470 1332; x_wconf 76' lang='lat' dir='ltr'><strong>mihi]</strong></span> <span class='ocrx_word' id='word_1_112' title='bbox 494 1292 635 1324; x_wconf 87' lang='lat' dir='ltr'><strong>Utmihi</strong></span> <span class='ocrx_word' id='word_1_113' title='bbox 651 1292 741 1324; x_wconf 84' lang='lat' dir='ltr'><strong>mula</strong></span> <span class='ocrx_word' id='word_1_114' title='bbox 752 1297 851 1325; x_wconf 86' lang='lat' dir='ltr'><strong>vecto</strong></span> <span class='ocrx_word' id='word_1_115' title='bbox 906 1294 1073 1335; x_wconf 83' lang='lat' dir='ltr'>Virgilius</span> <span class='ocrx_word' id='word_1_116' title='bbox 1099 1295 1173 1326; x_wconf 83' lang='lat' dir='ltr'><strong>AEn.</strong></span> <span class='ocrx_word' id='word_1_117' title='bbox 1201 1304 1249 1326; x_wconf 78' lang='lat' dir='ltr'><strong>xv.</strong></span> <span class='ocrx_word' id='word_1_118' title='bbox 1288 1295 1444 1326; x_wconf 86' lang='lat' dir='ltr'><strong>Lucanus</strong></span> <span class='ocrx_word' id='word_1_119' title='bbox 1472 1293 1529 1324; x_wconf 87' lang='lat' dir='ltr'><strong>lib.</strong></span> <span class='ocrx_word' id='word_1_120' title='bbox 1557 1302 1606 1324; x_wconf 78' lang='lat' dir='ltr'><strong>iv.</strong></span> 
     </span>
     <span class='ocr_line' id='line_1_18' title="bbox 148 1343 1610 1387; baseline -0.003 -10"><span class='ocrx_word' id='word_1_121' title='bbox 148 1350 261 1377; x_wconf 82' lang='lat' dir='ltr'><strong>vestes</strong></span> <span class='ocrx_word' id='word_1_122' title='bbox 278 1350 459 1384; x_wconf 85' lang='lat' dir='ltr'><strong>purpureae</strong></span> <span class='ocrx_word' id='word_1_123' title='bbox 477 1343 708 1385; x_wconf 82' lang='lat' dir='ltr'><strong>inquinentur.</strong></span> <span class='ocrx_word' id='word_1_124' title='bbox 904 1345 913 1362; x_wconf 92' lang='lat'>‘</span> <span class='ocrx_word' id='word_1_125' title='bbox 933 1346 976 1376; x_wconf 88' lang='lat' dir='ltr'><strong>Et</strong></span> <span class='ocrx_word' id='word_1_126' title='bbox 991 1355 1072 1385; x_wconf 80' lang='lat' dir='ltr'><strong>gens</strong></span> <span class='ocrx_word' id='word_1_127' title='bbox 1089 1356 1165 1387; x_wconf 84' lang='lat' dir='ltr'><strong>quae</strong></span> <span class='ocrx_word' id='word_1_128' title='bbox 1178 1345 1269 1376; x_wconf 87' lang='lat' dir='ltr'><strong>nudo</strong></span> <span class='ocrx_word' id='word_1_129' title='bbox 1280 1345 1432 1376; x_wconf 83' lang='lat' dir='ltr'><strong>residens</strong></span> <span class='ocrx_word' id='word_1_130' title='bbox 1445 1344 1610 1384; x_wconf 74' lang='lat' dir='ltr'><strong>Massylia</strong></span> 
     </span>
    </p>

    <p class='ocr_par' dir='ltr' id='par_1_11' title="bbox 149 1393 1607 1488">
     <span class='ocr_line' id='line_1_19' title="bbox 194 1393 1607 1437; baseline -0.001 -10"><span class='ocrx_word' id='word_1_131' title='bbox 194 1398 233 1427; x_wconf 84' lang='grc'><strong>14</strong></span> <span class='ocrx_word' id='word_1_132' title='bbox 258 1395 301 1425; x_wconf 88' lang='lat' dir='ltr'><strong>Et</strong></span> <span class='ocrx_word' id='word_1_133' title='bbox 317 1393 519 1434; x_wconf 77' lang='lat' dir='ltr'><strong>Massyleum]</strong></span> <span class='ocrx_word' id='word_1_134' title='bbox 555 1395 692 1435; x_wconf 83' lang='lat' dir='ltr'><strong>Massyli</strong></span> <span class='ocrx_word' id='word_1_135' title='bbox 707 1404 765 1425; x_wconf 83' lang='lat' dir='ltr'><strong>seu</strong></span> <span class='ocrx_word' id='word_1_136' title='bbox 783 1395 854 1425; x_wconf 89' lang='lat' dir='ltr'><strong>Nu·</strong></span> <span class='ocrx_word' id='word_1_137' title='bbox 907 1400 1007 1437; x_wconf 81' lang='lat' dir='ltr'><strong>tergo</strong></span> <span class='ocrx_word' id='word_1_138' title='bbox 1025 1397 1099 1427; x_wconf 85' lang='lat' dir='ltr'><strong>Ora</strong></span> <span class='ocrx_word' id='word_1_139' title='bbox 1121 1397 1186 1428; x_wconf 86' lang='lat' dir='ltr'><strong>levi</strong></span> <span class='ocrx_word' id='word_1_140' title='bbox 1203 1395 1314 1429; x_wconf 86' lang='lat' dir='ltr'><strong>flectit</strong></span> <span class='ocrx_word' id='word_1_141' title='bbox 1338 1395 1522 1428; x_wconf 84' lang='lat' dir='ltr'><strong>fraenorum</strong></span> <span class='ocrx_word' id='word_1_142' title='bbox 1551 1403 1607 1425; x_wconf 86' lang='lat' dir='ltr'><strong>ne-</strong></span> 
     </span>
     <span class='ocr_line' id='line_1_20' title="bbox 149 1443 1182 1488; baseline 0.001 -10"><span class='ocrx_word' id='word_1_143' title='bbox 149 1446 248 1478; x_wconf 81' lang='lat' dir='ltr'><strong>midae</strong></span> <span class='ocrx_word' id='word_1_144' title='bbox 264 1445 368 1486; x_wconf 86' lang='lat' dir='ltr'><strong>virga,</strong></span> <span class='ocrx_word' id='word_1_145' title='bbox 380 1454 446 1476; x_wconf 87' lang='lat' dir='ltr'><strong>uon</strong></span> <span class='ocrx_word' id='word_1_146' title='bbox 458 1443 586 1485; x_wconf 78' lang='lat' dir='ltr'><strong>fraenis,</strong></span> <span class='ocrx_word' id='word_1_147' title='bbox 598 1450 720 1486; x_wconf 87' lang='lat' dir='ltr'><strong>regunt</strong></span> <span class='ocrx_word' id='word_1_148' title='bbox 733 1455 851 1487; x_wconf 86' lang='lat' dir='ltr'><strong>equos.</strong></span> <span class='ocrx_word' id='word_1_149' title='bbox 905 1447 974 1478; x_wconf 87' lang='lat' dir='ltr'><strong>scia</strong></span> <span class='ocrx_word' id='word_1_150' title='bbox 988 1446 1104 1488; x_wconf 84' lang='lat' dir='ltr'><strong>virga,’</strong></span> <span class='ocrx_word' id='word_1_151' title='bbox 1118 1449 1182 1480; x_wconf 85' lang='lat' dir='ltr'><strong>&amp;c.</strong></span> 
     </span>
    </p>
   </div>
   <div class='ocr_carea' id='block_1_9' title="bbox 733 1611 1090 1742">
    <p class='ocr_par' dir='ltr' id='par_1_12' title="bbox 733 1611 1090 1742">
     <span class='ocr_line' id='line_1_21' title="bbox 788 1611 981 1653; baseline 0.005 -1"><span class='ocrx_word' id='word_1_152' title='bbox 788 1611 981 1653; x_wconf 84' lang='lat' dir='ltr'>XXIV.</span> 
     </span>
     <span class='ocr_line' id='line_1_22' title="bbox 733 1712 1090 1742; baseline 0 -1"><span class='ocrx_word' id='word_1_153' title='bbox 733 1712 798 1741; x_wconf 83' lang='lat' dir='ltr'><strong>AD</strong></span> <span class='ocrx_word' id='word_1_154' title='bbox 832 1712 1022 1742; x_wconf 78' lang='lat' dir='ltr'>GARUM.</span> <span class='ocrx_word' id='word_1_155' title='bbox 1083 1728 1090 1733; x_wconf 80' lang='lat'><em>·</em></span> 
     </span>
    </p>
   </div>
   <div class='ocr_carea' id='block_1_10' title="bbox 153 1790 1248 2037">
    <p class='ocr_par' dir='ltr' id='par_1_13' title="bbox 153 1790 1248 2037">
     <span class='ocr_line' id='line_1_23' title="bbox 153 1790 1120 1844; baseline 0.002 -12"><span class='ocrx_word' id='word_1_156' title='bbox 153 1790 191 1832; x_wconf 91' lang='grc' dir='ltr'><strong>Ο</strong></span> <span class='ocrx_word' id='word_1_157' title='bbox 216 1801 297 1831; x_wconf 78' lang='lat' dir='ltr'><strong>CUI</strong></span> <span class='ocrx_word' id='word_1_158' title='bbox 322 1790 516 1843; x_wconf 82' lang='lat' dir='ltr'><strong>virgineo</strong></span> <span class='ocrx_word' id='word_1_159' title='bbox 537 1790 774 1832; x_wconf 81' lang='lat' dir='ltr'><strong>flavescere</strong></span> <span class='ocrx_word' id='word_1_160' title='bbox 796 1793 978 1844; x_wconf 79' lang='lat' dir='ltr'><strong>contigit</strong></span> <span class='ocrx_word' id='word_1_161' title='bbox 998 1805 1120 1843; x_wconf 87' lang='lat' dir='ltr'><strong>auro,</strong></span> 
     </span>
     <span class='ocr_line' id='line_1_24' title="bbox 209 1857 1204 1909; baseline 0.002 -10"><span class='ocrx_word' id='word_1_162' title='bbox 209 1858 295 1899; x_wconf 90' lang='lat' dir='ltr'><strong>Dic</strong></span> <span class='ocrx_word' id='word_1_163' title='bbox 319 1857 395 1898; x_wconf 91' lang='lat' dir='ltr'><strong>ubi</strong></span> <span class='ocrx_word' id='word_1_164' title='bbox 417 1857 669 1899; x_wconf 79' lang='lat' dir='ltr'><strong>Palladium</strong></span> <span class='ocrx_word' id='word_1_165' title='bbox 691 1859 747 1899; x_wconf 87' lang='lat' dir='ltr'><strong>sit</strong></span> <span class='ocrx_word' id='word_1_166' title='bbox 768 1859 863 1908; x_wconf 78' lang='lat' dir='ltr'><strong>tibi,</strong></span> <span class='ocrx_word' id='word_1_167' title='bbox 887 1858 1015 1909; x_wconf 85' lang='lat' dir='ltr'><strong>Care,</strong></span> <span class='ocrx_word' id='word_1_168' title='bbox 1035 1859 1204 1901; x_wconf 63' lang='lat' dir='ltr'><strong>decus?</strong></span> 
     </span>
     <span class='ocr_line' id='line_1_25' title="bbox 153 1925 1248 1979; baseline 0.002 -12"><span class='ocrx_word' id='word_1_169' title='bbox 153 1925 337 1979; x_wconf 86' lang='lat' dir='ltr'><strong>Aspicis</strong></span> <span class='ocrx_word' id='word_1_170' title='bbox 359 1937 412 1965; x_wconf 90' lang='lat' dir='ltr'><strong>en</strong></span> <span class='ocrx_word' id='word_1_171' title='bbox 434 1925 598 1966; x_wconf 90' lang='lat' dir='ltr'><strong>domini</strong></span> <span class='ocrx_word' id='word_1_172' title='bbox 618 1925 831 1978; x_wconf 77' lang='lat' dir='ltr'><strong>fulgentes</strong></span> <span class='ocrx_word' id='word_1_173' title='bbox 852 1939 1067 1968; x_wconf 85' lang='lat' dir='ltr'><strong>marmore</strong></span> <span class='ocrx_word' id='word_1_174' title='bbox 1088 1929 1248 1978; x_wconf 86' lang='lat' dir='ltr'><strong>vultus,</strong></span> 
     </span>
     <span class='ocr_line' id='line_1_26' title="bbox 208 1992 1195 2037; baseline 0.004 -4"><span class='ocrx_word' id='word_1_175' title='bbox 208 1992 345 2034; x_wconf 87' lang='lat' dir='ltr'><strong>Venit</strong></span> <span class='ocrx_word' id='word_1_176' title='bbox 363 1993 418 2034; x_wconf 82' lang='lat' dir='ltr'><strong>ad</strong></span> <span class='ocrx_word' id='word_1_177' title='bbox 440 1993 518 2033; x_wconf 82' lang='lat' dir='ltr'><strong>has</strong></span> <span class='ocrx_word' id='word_1_178' title='bbox 541 1993 654 2034; x_wconf 84' lang='lat' dir='ltr'><strong>ultro</strong></span> <span class='ocrx_word' id='word_1_179' title='bbox 675 1998 825 2035; x_wconf 83' lang='lat' dir='ltr'><strong>nostra</strong></span> <span class='ocrx_word' id='word_1_180' title='bbox 847 2008 1013 2036; x_wconf 85' lang='lat' dir='ltr'><strong>corona</strong></span> <span class='ocrx_word' id='word_1_181' title='bbox 1030 2010 1195 2037; x_wconf 81' lang='lat' dir='ltr'><strong>comas.</strong></span> 
     </span>
    </p>
   </div>
   <div class='ocr_carea' id='block_1_11' title="bbox 149 2113 1610 2201">
    <p class='ocr_par' dir='ltr' id='par_1_14' title="bbox 149 2113 1610 2201">
     <span class='ocr_line' id='line_1_27' title="bbox 196 2113 1608 2157; baseline 0.004 -13"><span class='ocrx_word' id='word_1_182' title='bbox 196 2115 224 2144; x_wconf 90' lang='grc' dir='ltr'><strong>Ο</strong></span> <span class='ocrx_word' id='word_1_183' title='bbox 242 2115 334 2152; x_wconf 84' lang='lat' dir='ltr'><strong>Care,</strong></span> <span class='ocrx_word' id='word_1_184' title='bbox 345 2113 394 2144; x_wconf 83' lang='lat' dir='ltr'><strong>cui</strong></span> <span class='ocrx_word' id='word_1_185' title='bbox 409 2114 543 2153; x_wconf 79' lang='lat' dir='ltr'><strong>contigit</strong></span> <span class='ocrx_word' id='word_1_186' title='bbox 551 2115 723 2155; x_wconf 79' lang='lat' dir='ltr'><strong>flavescere</strong></span> <span class='ocrx_word' id='word_1_187' title='bbox 738 2126 812 2146; x_wconf 81' lang='lat' dir='ltr'><strong>auro</strong></span> <span class='ocrx_word' id='word_1_188' title='bbox 827 2116 981 2155; x_wconf 80' lang='lat' dir='ltr'><strong>virgineo,</strong></span> <span class='ocrx_word' id='word_1_189' title='bbox 996 2118 1045 2147; x_wconf 81' lang='lat' dir='ltr'><strong>dic</strong></span> <span class='ocrx_word' id='word_1_190' title='bbox 1057 2117 1109 2147; x_wconf 77' lang='lat' dir='ltr'><strong>uhi</strong></span> <span class='ocrx_word' id='word_1_191' title='bbox 1118 2116 1258 2157; x_wconf 80' lang='lat' dir='ltr'><strong>posueris</strong></span> <span class='ocrx_word' id='word_1_192' title='bbox 1271 2121 1485 2148; x_wconf 77' lang='lat' dir='ltr'><strong>ornamentum</strong></span> <span class='ocrx_word' id='word_1_193' title='bbox 1504 2118 1608 2150; x_wconf 78' lang='lat' dir='ltr'><strong>Paua-</strong></span> 
     </span>
     <span class='ocr_line' id='line_1_28' title="bbox 149 2155 1610 2201; baseline 0.002 -12"><span class='ocrx_word' id='word_1_194' title='bbox 149 2155 224 2189; x_wconf 80' lang='lat' dir='ltr'><strong>dis?</strong></span> <span class='ocrx_word' id='word_1_195' title='bbox 246 2157 340 2189; x_wconf 79' lang='lat' dir='ltr'><strong>Vides</strong></span> <span class='ocrx_word' id='word_1_196' title='bbox 354 2167 390 2188; x_wconf 86' lang='lat' dir='ltr'><strong>en</strong></span> <span class='ocrx_word' id='word_1_197' title='bbox 396 2156 514 2194; x_wconf 80' lang='lat' dir='ltr'><strong>faciem</strong></span> <span class='ocrx_word' id='word_1_198' title='bbox 529 2158 659 2188; x_wconf 78' lang='lat' dir='ltr'><strong>Domini</strong></span> <span class='ocrx_word' id='word_1_199' title='bbox 669 2159 875 2199; x_wconf 76' lang='lat' dir='ltr'><strong>splendentem</strong></span> <span class='ocrx_word' id='word_1_200' title='bbox 888 2170 1051 2200; x_wconf 77' lang='lat' dir='ltr'><strong>marmore,</strong></span> <span class='ocrx_word' id='word_1_201' title='bbox 1067 2163 1172 2191; x_wconf 82' lang='lat' dir='ltr'><strong>nostra</strong></span> <span class='ocrx_word' id='word_1_202' title='bbox 1186 2170 1296 2191; x_wconf 78' lang='lat' dir='ltr'><strong>corona</strong></span> <span class='ocrx_word' id='word_1_203' title='bbox 1309 2164 1416 2201; x_wconf 81' lang='lat' dir='ltr'><strong>sponte</strong></span> <span class='ocrx_word' id='word_1_204' title='bbox 1429 2162 1555 2192; x_wconf 78' lang='lat' dir='ltr'><strong>accessit</strong></span> <span class='ocrx_word' id='word_1_205' title='bbox 1569 2164 1610 2193; x_wconf 77' lang='lat' dir='ltr'><strong>ad</strong></span> 
     </span>
    </p>
   </div>
   <div class='ocr_carea' id='block_1_12' title="bbox 815 2260 956 2293">
    <p class='ocr_par' dir='ltr' id='par_1_15' title="bbox 815 2260 956 2293">
     <span class='ocr_line' id='line_1_29' title="bbox 815 2260 956 2293; baseline -0.007 0"><span class='ocrx_word' id='word_1_206' title='bbox 815 2260 956 2293; x_wconf 78' lang='lat' dir='ltr'>NOTAE</span> 
     </span>
    </p>
   </div>
   <div class='ocr_carea' id='block_1_13' title="bbox 152 2333 1612 2834">
    <p class='ocr_par' dir='ltr' id='par_1_16' title="bbox 152 2333 1612 2679">
     <span class='ocr_line' id='line_1_30' title="bbox 196 2333 1611 2380; baseline 0.003 -14"><span class='ocrx_word' id='word_1_207' title='bbox 196 2338 211 2366; x_wconf 87' lang='lat'>1</span> <span class='ocrx_word' id='word_1_208' title='bbox 239 2335 268 2365; x_wconf 94' lang='grc'>0</span> <span class='ocrx_word' id='word_1_209' title='bbox 281 2333 346 2375; x_wconf 78' lang='lat' dir='ltr'><strong>cui]</strong></span> <span class='ocrx_word' id='word_1_210' title='bbox 371 2335 504 2367; x_wconf 79' lang='lat' dir='ltr'><strong>Quaerit</strong></span> <span class='ocrx_word' id='word_1_211' title='bbox 519 2343 537 2365; x_wconf 88' lang='lat' dir='ltr'><strong>a</strong></span> <span class='ocrx_word' id='word_1_212' title='bbox 551 2334 640 2365; x_wconf 85' lang='lat' dir='ltr'><strong>Caro</strong></span> <span class='ocrx_word' id='word_1_213' title='bbox 657 2344 717 2366; x_wconf 83' lang='lat' dir='ltr'><strong>suo</strong></span> <span class='ocrx_word' id='word_1_214' title='bbox 733 2336 853 2376; x_wconf 88' lang='lat' dir='ltr'><strong>amico,</strong></span> <span class='ocrx_word' id='word_1_215' title='bbox 952 2341 970 2368; x_wconf 88' lang='lat'><strong><em>5</em></strong></span> <span class='ocrx_word' id='word_1_216' title='bbox 993 2338 1122 2369; x_wconf 70' lang='lat' dir='ltr'><strong>Albam</strong></span> <span class='ocrx_word' id='word_1_217' title='bbox 1144 2339 1252 2380; x_wconf 76' lang='lat' dir='ltr'><strong>livere]</strong></span> <span class='ocrx_word' id='word_1_218' title='bbox 1273 2338 1452 2379; x_wconf 84' lang='lat' dir='ltr'><strong>Subjunglt</strong></span> <span class='ocrx_word' id='word_1_219' title='bbox 1469 2339 1611 2371; x_wconf 85' lang='lat' dir='ltr'><strong>Martia·</strong></span> 
     </span>
     <span class='ocr_line' id='line_1_31' title="bbox 152 2387 1611 2430; baseline 0.002 -12"><span class='ocrx_word' id='word_1_220' title='bbox 152 2387 288 2419; x_wconf 79' lang='lat' dir='ltr'><strong>ubinam</strong></span> <span class='ocrx_word' id='word_1_221' title='bbox 323 2389 474 2428; x_wconf 81' lang='lat' dir='ltr'><strong>posuerit</strong></span> <span class='ocrx_word' id='word_1_222' title='bbox 512 2398 646 2419; x_wconf 79' lang='lat' dir='ltr'><strong>auream</strong></span> <span class='ocrx_word' id='word_1_223' title='bbox 679 2399 853 2430; x_wconf 85' lang='lat' dir='ltr'><strong>coronam,</strong></span> <span class='ocrx_word' id='word_1_224' title='bbox 909 2388 970 2420; x_wconf 84' lang='lat' dir='ltr'><strong>lis:</strong></span> <span class='ocrx_word' id='word_1_225' title='bbox 997 2390 1137 2421; x_wconf 82' lang='lat' dir='ltr'><strong>Querna</strong></span> <span class='ocrx_word' id='word_1_226' title='bbox 1160 2399 1286 2420; x_wconf 88' lang='lat' dir='ltr'><strong>corona</strong></span> <span class='ocrx_word' id='word_1_227' title='bbox 1302 2400 1401 2430; x_wconf 85' lang='lat' dir='ltr'><strong>quam</strong></span> <span class='ocrx_word' id='word_1_228' title='bbox 1419 2391 1504 2421; x_wconf 85' lang='lat' dir='ltr'><strong>solet</strong></span> <span class='ocrx_word' id='word_1_229' title='bbox 1521 2390 1611 2422; x_wconf 84' lang='lat' dir='ltr'><strong>ferre</strong></span> 
     </span>
     <span class='ocr_line' id='line_1_32' title="bbox 153 2438 1610 2481; baseline 0.001 -12"><span class='ocrx_word' id='word_1_230' title='bbox 153 2448 218 2480; x_wconf 84' lang='lat' dir='ltr'><strong>qua</strong></span> <span class='ocrx_word' id='word_1_231' title='bbox 230 2438 374 2469; x_wconf 79' lang='lat' dir='ltr'><strong>donatus</strong></span> <span class='ocrx_word' id='word_1_232' title='bbox 391 2438 501 2470; x_wconf 80' lang='lat' dir='ltr'><strong>fuerat</strong></span> <span class='ocrx_word' id='word_1_233' title='bbox 518 2439 653 2470; x_wconf 79' lang='lat' dir='ltr'><strong>inludis</strong></span> <span class='ocrx_word' id='word_1_234' title='bbox 671 2439 853 2470; x_wconf 82' lang='lat' dir='ltr'><strong>celebratis</strong></span> <span class='ocrx_word' id='word_1_235' title='bbox 909 2439 1114 2478; x_wconf 80' lang='lat' dir='ltr'><strong>Imperator,</strong></span> <span class='ocrx_word' id='word_1_236' title='bbox 1132 2440 1188 2470; x_wconf 87' lang='lat' dir='ltr'><strong>lib.</strong></span> <span class='ocrx_word' id='word_1_237' title='bbox 1206 2449 1284 2471; x_wconf 81' lang='lat' dir='ltr'><strong>vm.</strong></span> <span class='ocrx_word' id='word_1_238' title='bbox 1301 2441 1399 2481; x_wconf 77' lang='lat' dir='ltr'><strong>Epig.</strong></span> <span class='ocrx_word' id='word_1_239' title='bbox 1414 2443 1466 2471; x_wconf 81' lang='lat'><strong>82.</strong></span> <span class='ocrx_word' id='word_1_240' title='bbox 1483 2441 1610 2480; x_wconf 81' lang='lat' dir='ltr'><strong>poterit</strong></span> 
     </span>
     <span class='ocr_line' id='line_1_33' title="bbox 154 2487 1612 2531; baseline 0.004 -15"><span class='ocrx_word' id='word_1_241' title='bbox 154 2487 187 2516; x_wconf 91' lang='lat' dir='ltr'><strong>in</strong></span> <span class='ocrx_word' id='word_1_242' title='bbox 214 2487 374 2519; x_wconf 83' lang='lat' dir='ltr'><strong>honorem</strong></span> <span class='ocrx_word' id='word_1_243' title='bbox 402 2489 582 2527; x_wconf 72' lang='lat' dir='ltr'><strong>Minervae,</strong></span> <span class='ocrx_word' id='word_1_244' title='bbox 610 2489 666 2520; x_wconf 82' lang='lat' dir='ltr'><strong>lib.</strong></span> <span class='ocrx_word' id='word_1_245' title='bbox 684 2499 733 2520; x_wconf 82' lang='grc' dir='ltr'><strong>ιν.</strong></span> <span class='ocrx_word' id='word_1_246' title='bbox 752 2490 852 2529; x_wconf 86' lang='lat' dir='ltr'><strong>Epig.</strong></span> <span class='ocrx_word' id='word_1_247' title='bbox 909 2489 1063 2521; x_wconf 85' lang='lat' dir='ltr'><strong>invidere</strong></span> <span class='ocrx_word' id='word_1_248' title='bbox 1079 2490 1156 2520; x_wconf 88' lang='lat' dir='ltr'><strong>huic</strong></span> <span class='ocrx_word' id='word_1_249' title='bbox 1173 2490 1271 2520; x_wconf 82' lang='lat' dir='ltr'><strong>olivae</strong></span> <span class='ocrx_word' id='word_1_250' title='bbox 1294 2489 1451 2529; x_wconf 60' lang='lat' dir='ltr'><strong>Albanae,</strong></span> <span class='ocrx_word' id='word_1_251' title='bbox 1469 2491 1531 2522; x_wconf 85' lang='lat' dir='ltr'><strong>hoc</strong></span> <span class='ocrx_word' id='word_1_252' title='bbox 1547 2496 1612 2531; x_wconf 83' lang='lat' dir='ltr'><strong>est,</strong></span> 
     </span>
     <span class='ocr_line' id='line_1_34' title="bbox 153 2537 1610 2581; baseline 0.004 -15"><span class='ocrx_word' id='word_1_253' title='bbox 153 2539 206 2568; x_wconf 70' lang='lat'><strong>54.</strong></span> <span class='ocrx_word' id='word_1_254' title='bbox 235 2537 323 2568; x_wconf 88' lang='lat' dir='ltr'><strong>unde</strong></span> <span class='ocrx_word' id='word_1_255' title='bbox 346 2548 462 2570; x_wconf 86' lang='lat' dir='ltr'><strong>aurum</strong></span> <span class='ocrx_word' id='word_1_256' title='bbox 500 2540 686 2581; x_wconf 82' lang='lat' dir='ltr'><strong>virgineum</strong></span> <span class='ocrx_word' id='word_1_257' title='bbox 718 2540 855 2580; x_wconf 79' lang='lat' dir='ltr'><strong>dieitur,</strong></span> <span class='ocrx_word' id='word_1_258' title='bbox 909 2550 1044 2570; x_wconf 80' lang='lat' dir='ltr'><strong>coronae</strong></span> <span class='ocrx_word' id='word_1_259' title='bbox 1063 2549 1173 2570; x_wconf 83' lang='lat' dir='ltr'><strong>aureae</strong></span> <span class='ocrx_word' id='word_1_260' title='bbox 1188 2540 1288 2571; x_wconf 79' lang='lat' dir='ltr'><strong>factae</strong></span> <span class='ocrx_word' id='word_1_261' title='bbox 1309 2541 1340 2571; x_wconf 87' lang='lat' dir='ltr'><strong>in</strong></span> <span class='ocrx_word' id='word_1_262' title='bbox 1355 2541 1610 2572; x_wconf 81' lang='lat' dir='ltr'><strong>similitudinem</strong></span> 
     </span>
     <span class='ocr_line' id='line_1_35' title="bbox 154 2587 1609 2632; baseline 0.005 -16"><span class='ocrx_word' id='word_1_263' title='bbox 154 2587 247 2627; x_wconf 89' lang='lat' dir='ltr'><strong>quasi</strong></span> <span class='ocrx_word' id='word_1_264' title='bbox 263 2587 303 2618; x_wconf 88' lang='lat' dir='ltr'><strong>ab</strong></span> <span class='ocrx_word' id='word_1_265' title='bbox 319 2588 393 2628; x_wconf 86' lang='lat' dir='ltr'><strong>ipsa</strong></span> <span class='ocrx_word' id='word_1_266' title='bbox 417 2589 545 2629; x_wconf 84' lang='lat' dir='ltr'><strong>virgine</strong></span> <span class='ocrx_word' id='word_1_267' title='bbox 570 2591 728 2621; x_wconf 85' lang='lat' dir='ltr'><strong>Minerva</strong></span> <span class='ocrx_word' id='word_1_268' title='bbox 753 2591 854 2621; x_wconf 90' lang='lat' dir='ltr'><strong>dona-</strong></span> <span class='ocrx_word' id='word_1_269' title='bbox 910 2589 1065 2622; x_wconf 88' lang='lat' dir='ltr'><strong>foliorum</strong></span> <span class='ocrx_word' id='word_1_270' title='bbox 1089 2591 1200 2630; x_wconf 70' lang='lat' dir='ltr'><strong>olivae,</strong></span> <span class='ocrx_word' id='word_1_271' title='bbox 1229 2601 1328 2632; x_wconf 84' lang='lat' dir='ltr'><strong>quam</strong></span> <span class='ocrx_word' id='word_1_272' title='bbox 1356 2597 1405 2630; x_wconf 83' lang='lat' dir='ltr'><strong>tn,</strong></span> <span class='ocrx_word' id='word_1_273' title='bbox 1422 2602 1441 2622; x_wconf 93' lang='grc' dir='ltr'>ο</span> <span class='ocrx_word' id='word_1_274' title='bbox 1458 2594 1558 2631; x_wconf 83' lang='lat' dir='ltr'><strong>Care,</strong></span> <span class='ocrx_word' id='word_1_275' title='bbox 1575 2593 1609 2623; x_wconf 87' lang='lat' dir='ltr'><strong>in</strong></span> 
     </span>
     <span class='ocr_line' id='line_1_36' title="bbox 158 2641 1611 2679; baseline 0.003 -12"><span class='ocrx_word' id='word_1_276' title='bbox 158 2642 244 2667; x_wconf 82' lang='lat' dir='ltr'><strong>tum.</strong></span> <span class='ocrx_word' id='word_1_277' title='bbox 910 2641 1044 2672; x_wconf 84' lang='lat' dir='ltr'><strong>Albano</strong></span> <span class='ocrx_word' id='word_1_278' title='bbox 1081 2646 1208 2679; x_wconf 77' lang='lat' dir='ltr'><strong>moute,</strong></span> <span class='ocrx_word' id='word_1_279' title='bbox 1244 2642 1301 2671; x_wconf 83' lang='lat' dir='ltr'><strong>ubi</strong></span> <span class='ocrx_word' id='word_1_280' title='bbox 1348 2642 1611 2673; x_wconf 82' lang='lat' dir='ltr'><strong>celebrabantur</strong></span> 
     </span>
    </p>

    <p class='ocr_par' dir='ltr' id='par_1_17' title="bbox 155 2687 1611 2834">
     <span class='ocr_line' id='line_1_37' title="bbox 197 2687 1611 2733; baseline 0.005 -17"><span class='ocrx_word' id='word_1_281' title='bbox 197 2689 216 2717; x_wconf 79' lang='lat'><strong>3</strong></span> <span class='ocrx_word' id='word_1_282' title='bbox 229 2687 352 2727; x_wconf 80' lang='lat' dir='ltr'><strong>Aspicis</strong></span> <span class='ocrx_word' id='word_1_283' title='bbox 366 2687 417 2727; x_wconf 81' lang='lat' dir='ltr'><strong>en]</strong></span> <span class='ocrx_word' id='word_1_284' title='bbox 443 2689 639 2729; x_wconf 85' lang='lat' dir='ltr'><strong>Respondet</strong></span> <span class='ocrx_word' id='word_1_285' title='bbox 653 2690 759 2721; x_wconf 84' lang='lat' dir='ltr'><strong>Carus</strong></span> <span class='ocrx_word' id='word_1_286' title='bbox 769 2700 856 2722; x_wconf 88' lang='lat' dir='ltr'><strong>mar·</strong></span> <span class='ocrx_word' id='word_1_287' title='bbox 911 2691 1151 2732; x_wconf 80' lang='lat' dir='ltr'><strong>Quinquatria,</strong></span> <span class='ocrx_word' id='word_1_288' title='bbox 1168 2693 1365 2732; x_wconf 85' lang='lat' dir='ltr'><strong>reportasti,</strong></span> <span class='ocrx_word' id='word_1_289' title='bbox 1381 2696 1416 2723; x_wconf 92' lang='lat' dir='ltr'><strong>et</strong></span> <span class='ocrx_word' id='word_1_290' title='bbox 1439 2702 1504 2733; x_wconf 90' lang='lat' dir='ltr'><strong>qua</strong></span> <span class='ocrx_word' id='word_1_291' title='bbox 1516 2701 1611 2724; x_wconf 86' lang='lat' dir='ltr'><strong>coro·</strong></span> 
     </span>
     <span class='ocr_line' id='line_1_38' title="bbox 155 2737 1609 2782; baseline 0.003 -16"><span class='ocrx_word' id='word_1_292' title='bbox 155 2745 279 2767; x_wconf 84' lang='lat' dir='ltr'><strong>moreae</strong></span> <span class='ocrx_word' id='word_1_293' title='bbox 296 2737 483 2768; x_wconf 81' lang='lat' dir='ltr'><strong>Domitiani</strong></span> <span class='ocrx_word' id='word_1_294' title='bbox 508 2744 629 2771; x_wconf 78' lang='lat' dir='ltr'><strong>statuae</strong></span> <span class='ocrx_word' id='word_1_295' title='bbox 653 2750 687 2772; x_wconf 89' lang='lat' dir='ltr'><strong>se</strong></span> <span class='ocrx_word' id='word_1_296' title='bbox 708 2740 855 2782; x_wconf 81' lang='lat' dir='ltr'><strong>imposu-</strong></span> <span class='ocrx_word' id='word_1_297' title='bbox 910 2742 999 2772; x_wconf 82' lang='lat' dir='ltr'><strong>nasti</strong></span> <span class='ocrx_word' id='word_1_298' title='bbox 1026 2746 1173 2772; x_wconf 87' lang='lat' dir='ltr'><strong>statuam</strong></span> <span class='ocrx_word' id='word_1_299' title='bbox 1202 2741 1366 2772; x_wconf 80' lang='lat' dir='ltr'><strong>Caesaris:</strong></span> <span class='ocrx_word' id='word_1_300' title='bbox 1413 2742 1470 2781; x_wconf 83' lang='lat' dir='ltr'><strong>pia</strong></span> <span class='ocrx_word' id='word_1_301' title='bbox 1496 2747 1609 2773; x_wconf 80' lang='lat' dir='ltr'><strong>autem</strong></span> 
     </span>
     <span class='ocr_line' id='line_1_39' title="bbox 156 2787 1607 2834; baseline 0.003 -16"><span class='ocrx_word' id='word_1_302' title='bbox 156 2787 222 2818; x_wconf 84' lang='lat' dir='ltr'><strong>isse</strong></span> <span class='ocrx_word' id='word_1_303' title='bbox 238 2798 329 2819; x_wconf 85' lang='lat' dir='ltr'><strong>suam</strong></span> <span class='ocrx_word' id='word_1_304' title='bbox 343 2798 515 2821; x_wconf 81' lang='lat' dir='ltr'><strong>coronam.</strong></span> <span class='ocrx_word' id='word_1_305' title='bbox 909 2801 1052 2833; x_wconf 78' lang='lat' dir='ltr'><strong>quercus</strong></span> <span class='ocrx_word' id='word_1_306' title='bbox 1068 2792 1207 2832; x_wconf 82' lang='lat' dir='ltr'><strong>dicitur,</strong></span> <span class='ocrx_word' id='word_1_307' title='bbox 1223 2792 1310 2834; x_wconf 87' lang='lat' dir='ltr'><strong>quod</strong></span> <span class='ocrx_word' id='word_1_308' title='bbox 1329 2792 1408 2826; x_wconf 84' lang='lat' dir='ltr'><strong>Jovi</strong></span> <span class='ocrx_word' id='word_1_309' title='bbox 1425 2792 1535 2824; x_wconf 82' lang='lat' dir='ltr'><strong>(licata</strong></span> <span class='ocrx_word' id='word_1_310' title='bbox 1554 2793 1607 2823; x_wconf 75' lang='lat' dir='ltr'><strong>sit,</strong></span> 
     </span>
    </p>
   </div>
  </div>
 </body>
</html>
