<?xml version="1.0" encoding="UTF-8"?>
<!DOCTYPE html PUBLIC "-//W3C//DTD XHTML 1.0 Transitional//EN"
    "http://www.w3.org/TR/xhtml1/DTD/xhtml1-transitional.dtd">
<html xmlns="http://www.w3.org/1999/xhtml" xml:lang="en" lang="en">
 <head>
  <title>
</title>
<meta http-equiv="Content-Type" content="text/html;charset=utf-8" />
  <meta name='ocr-system' content='tesseract 3.04.00' />
  <meta name='ocr-capabilities' content='ocr_page ocr_carea ocr_par ocr_line ocrx_word'/>
</head>
<body>
  <div class='ocr_page' id='page_1' title='image "./epigrammataexedi02martuoft_0469.png"; bbox 0 0 1893 3225; ppageno 0'>
   <div class='ocr_carea' id='block_1_1' title="bbox 536 236 1608 279">
    <p class='ocr_par' dir='ltr' id='par_1_1' title="bbox 536 236 1608 279">
     <span class='ocr_line' id='line_1_1' title="bbox 536 236 1608 279; baseline -0.002 -2"><span class='ocrx_word' id='word_1_1' title='bbox 536 248 938 279; x_wconf 69' lang='lat' dir='ltr'><strong>uvicRAMMA‘rUM</strong></span> <span class='ocrx_word' id='word_1_2' title='bbox 976 249 1070 278; x_wconf 74' lang='lat' dir='ltr'><strong>mu.</strong></span> <span class='ocrx_word' id='word_1_3' title='bbox 1103 247 1215 277; x_wconf 80' lang='lat' dir='ltr'><strong>xiii.</strong></span> <span class='ocrx_word' id='word_1_4' title='bbox 1525 236 1608 277; x_wconf 67' lang='lat'><strong>957</strong></span> 
     </span>
    </p>
   </div>
   <div class='ocr_carea' id='block_1_2' title="bbox 767 433 990 558">
    <p class='ocr_par' dir='ltr' id='par_1_2' title="bbox 767 433 990 558">
     <span class='ocr_line' id='line_1_2' title="bbox 817 433 946 477; baseline -0.008 0"><span class='ocrx_word' id='word_1_5' title='bbox 817 433 946 477; x_wconf 89' lang='lat' dir='ltr'>LIII.</span> 
     </span>
     <span class='ocr_line' id='line_1_3' title="bbox 767 527 990 558; baseline 0 -2"><span class='ocrx_word' id='word_1_6' title='bbox 767 527 990 558; x_wconf 81' lang='lat' dir='ltr'><strong>TURTUR.</strong></span> 
     </span>
    </p>
   </div>
   <div class='ocr_carea' id='block_1_3' title="bbox 150 593 1299 716">
    <p class='ocr_par' dir='ltr' id='par_1_3' title="bbox 150 593 1299 716">
     <span class='ocr_line' id='line_1_4' title="bbox 150 593 1280 650; baseline -0.004 -12"><span class='ocrx_word' id='word_1_7' title='bbox 150 597 267 638; x_wconf 81' lang='lat' dir='ltr'><strong>DUM</strong></span> <span class='ocrx_word' id='word_1_8' title='bbox 291 594 467 650; x_wconf 85' lang='lat' dir='ltr'><strong>pinguis</strong></span> <span class='ocrx_word' id='word_1_9' title='bbox 489 595 595 636; x_wconf 84' lang='lat' dir='ltr'><strong>mihi</strong></span> <span class='ocrx_word' id='word_1_10' title='bbox 618 597 755 636; x_wconf 80' lang='lat' dir='ltr'><strong>turtur</strong></span> <span class='ocrx_word' id='word_1_11' title='bbox 775 595 871 645; x_wconf 85' lang='lat' dir='ltr'><strong>erit,</strong></span> <span class='ocrx_word' id='word_1_12' title='bbox 892 596 1074 636; x_wconf 82' lang='lat' dir='ltr'><strong>lactuca</strong></span> <span class='ocrx_word' id='word_1_13' title='bbox 1095 593 1280 643; x_wconf 82' lang='lat' dir='ltr'><strong>valebis,</strong></span> 
     </span>
     <span class='ocr_line' id='line_1_5' title="bbox 207 659 1299 716; baseline -0.005 -11"><span class='ocrx_word' id='word_1_14' title='bbox 207 664 264 705; x_wconf 88' lang='lat' dir='ltr'><strong>Et</strong></span> <span class='ocrx_word' id='word_1_15' title='bbox 286 664 492 705; x_wconf 81' lang='lat' dir='ltr'>cochleas</span> <span class='ocrx_word' id='word_1_16' title='bbox 514 663 593 704; x_wconf 88' lang='lat' dir='ltr'><strong>tibi</strong></span> <span class='ocrx_word' id='word_1_17' title='bbox 612 659 729 704; x_wconf 84' lang='lat' dir='ltr'>habe</span> <span class='ocrx_word' id='word_1_18' title='bbox 747 676 757 704; x_wconf 78' lang='lat' dir='ltr'><strong>t</strong></span> <span class='ocrx_word' id='word_1_19' title='bbox 789 661 969 716; x_wconf 82' lang='lat' dir='ltr'><strong>perdere</strong></span> <span class='ocrx_word' id='word_1_20' title='bbox 991 662 1095 704; x_wconf 88' lang='lat' dir='ltr'><strong>nolo</strong></span> <span class='ocrx_word' id='word_1_21' title='bbox 1119 661 1299 702; x_wconf 77' lang='lat' dir='ltr'><strong>famem.</strong></span> 
     </span>
    </p>
   </div>
   <div class='ocr_carea' id='block_1_4' title="bbox 156 763 1609 843">
    <p class='ocr_par' dir='ltr' id='par_1_4' title="bbox 156 763 1609 843">
     <span class='ocr_line' id='line_1_6' title="bbox 192 763 1609 808; baseline -0.004 -9"><span class='ocrx_word' id='word_1_22' title='bbox 192 768 278 799; x_wconf 81' lang='lat' dir='ltr'><strong>Dum</strong></span> <span class='ocrx_word' id='word_1_23' title='bbox 291 767 405 798; x_wconf 85' lang='lat' dir='ltr'><strong>habebo</strong></span> <span class='ocrx_word' id='word_1_24' title='bbox 420 767 566 808; x_wconf 80' lang='lat' dir='ltr'><strong>pinguem</strong></span> <span class='ocrx_word' id='word_1_25' title='bbox 578 770 744 804; x_wconf 78' lang='lat' dir='ltr'><strong>turturem,</strong></span> <span class='ocrx_word' id='word_1_26' title='bbox 760 775 780 797; x_wconf 94' lang='grc' dir='ltr'>ο</span> <span class='ocrx_word' id='word_1_27' title='bbox 797 766 915 798; x_wconf 78' lang='lat' dir='ltr'><strong>lactuca</strong></span> <span class='ocrx_word' id='word_1_28' title='bbox 927 766 1055 807; x_wconf 76' lang='lat' dir='ltr'><strong>valebis,</strong></span> <span class='ocrx_word' id='word_1_29' title='bbox 1069 768 1098 798; x_wconf 70' lang='lat' dir='ltr'><strong>et</strong></span> <span class='ocrx_word' id='word_1_30' title='bbox 1111 769 1146 797; x_wconf 74' lang='lat' dir='ltr'><strong>tu</strong></span> <span class='ocrx_word' id='word_1_31' title='bbox 1162 774 1249 797; x_wconf 70' lang='lat' dir='ltr'><strong>serva</strong></span> <span class='ocrx_word' id='word_1_32' title='bbox 1261 764 1417 796; x_wconf 80' lang='lat' dir='ltr'><em>cochleas:</em></span> <span class='ocrx_word' id='word_1_33' title='bbox 1440 763 1507 795; x_wconf 84' lang='lat' dir='ltr'><strong>nolo</strong></span> <span class='ocrx_word' id='word_1_34' title='bbox 1519 763 1609 795; x_wconf 79' lang='lat' dir='ltr'><strong>amit-</strong></span> 
     </span>
     <span class='ocr_line' id='line_1_7' title="bbox 156 811 379 843; baseline 0 -1"><span class='ocrx_word' id='word_1_35' title='bbox 156 814 220 843; x_wconf 77' lang='lat' dir='ltr'><strong>tere</strong></span> <span class='ocrx_word' id='word_1_36' title='bbox 235 811 379 843; x_wconf 79' lang='lat' dir='ltr'><strong>esuriem.</strong></span> 
     </span>
    </p>
   </div>
   <div class='ocr_carea' id='block_1_5' title="bbox 762 871 1002 883">
    <p class='ocr_par' dir='ltr' id='par_1_5' title="bbox 762 871 1002 883">
     <span class='ocr_line' id='line_1_8' title="bbox 762 871 1002 883; baseline 0.004 -1"><span class='ocrx_word' id='word_1_37' title='bbox 762 871 1002 883; x_wconf 54' lang='lat' dir='ltr'><strong>nomn-‘eveo-</strong></span> 
     </span>
    </p>
   </div>
   <div class='ocr_carea' id='block_1_6' title="bbox 196 926 979 961">
    <p class='ocr_par' dir='ltr' id='par_1_6' title="bbox 196 926 979 961">
     <span class='ocr_line' id='line_1_9' title="bbox 196 926 979 961; baseline 0 -2"><span class='ocrx_word' id='word_1_38' title='bbox 196 931 212 959; x_wconf 93' lang='lat'><strong>1</strong></span> <span class='ocrx_word' id='word_1_39' title='bbox 238 926 306 959; x_wconf 89' lang='lat' dir='ltr'><strong>Adi</strong></span> <span class='ocrx_word' id='word_1_40' title='bbox 323 928 406 961; x_wconf 85' lang='lat' dir='ltr'><strong>Var.</strong></span> <span class='ocrx_word' id='word_1_41' title='bbox 424 928 571 960; x_wconf 83' lang='lat' dir='ltr'><strong>Not.-—2</strong></span> <span class='ocrx_word' id='word_1_42' title='bbox 596 928 734 960; x_wconf 81' lang='lat' dir='ltr'><strong>Prodere</strong></span> <span class='ocrx_word' id='word_1_43' title='bbox 748 927 825 960; x_wconf 91' lang='lat' dir='ltr'><strong>cod.</strong></span> <span class='ocrx_word' id='word_1_44' title='bbox 842 929 979 959; x_wconf 87' lang='lat' dir='ltr'><strong>Beverl.</strong></span> 
     </span>
    </p>
   </div>
   <div class='ocr_carea' id='block_1_7' title="bbox 149 1008 1616 1317">
    <p class='ocr_par' dir='ltr' id='par_1_7' title="bbox 149 1008 1616 1317">
     <span class='ocr_line' id='line_1_10' title="bbox 808 1008 949 1040; baseline 0 0"><span class='ocrx_word' id='word_1_45' title='bbox 808 1008 949 1040; x_wconf 82' lang='lat' dir='ltr'><strong>NOTAE</strong></span> 
     </span>
     <span class='ocr_line' id='line_1_11' title="bbox 193 1069 1616 1115; baseline -0.004 -10"><span class='ocrx_word' id='word_1_46' title='bbox 193 1076 213 1104; x_wconf 87' lang='grc'>2</span> <span class='ocrx_word' id='word_1_47' title='bbox 240 1075 285 1105; x_wconf 83' lang='lat' dir='ltr'><strong>Et</strong></span> <span class='ocrx_word' id='word_1_48' title='bbox 300 1071 452 1113; x_wconf 85' lang='lat' dir='ltr'><strong>cochleas]</strong></span> <span class='ocrx_word' id='word_1_49' title='bbox 476 1074 554 1105; x_wconf 88' lang='lat' dir='ltr'><strong>Hoc</strong></span> <span class='ocrx_word' id='word_1_50' title='bbox 571 1078 637 1115; x_wconf 85' lang='lat' dir='ltr'><strong>est,</strong></span> <span class='ocrx_word' id='word_1_51' title='bbox 651 1074 741 1105; x_wconf 89' lang='lat' dir='ltr'><strong>Nolo</strong></span> <span class='ocrx_word' id='word_1_52' title='bbox 756 1073 854 1105; x_wconf 86' lang='lat' dir='ltr'><strong>coch-</strong></span> <span class='ocrx_word' id='word_1_53' title='bbox 911 1081 1111 1105; x_wconf 78' lang='lat' dir='ltr'><strong>consumere</strong></span> <span class='ocrx_word' id='word_1_54' title='bbox 1126 1071 1250 1104; x_wconf 85' lang='lat' dir='ltr'><strong>famem</strong></span> <span class='ocrx_word' id='word_1_55' title='bbox 1262 1071 1295 1102; x_wconf 84' lang='lat' dir='ltr'><strong>in</strong></span> <span class='ocrx_word' id='word_1_56' title='bbox 1312 1069 1530 1102; x_wconf 84' lang='lat' dir='ltr'><strong>comedendis</strong></span> <span class='ocrx_word' id='word_1_57' title='bbox 1548 1069 1616 1100; x_wconf 91' lang='lat' dir='ltr'><strong>lac-</strong></span> 
     </span>
     <span class='ocr_line' id='line_1_12' title="bbox 150 1120 1612 1165; baseline -0.003 -10"><span class='ocrx_word' id='word_1_58' title='bbox 150 1125 231 1160; x_wconf 84' lang='lat' dir='ltr'><strong>leas,</strong></span> <span class='ocrx_word' id='word_1_59' title='bbox 249 1134 324 1165; x_wconf 84' lang='lat' dir='ltr'><strong>quae</strong></span> <span class='ocrx_word' id='word_1_60' title='bbox 337 1129 417 1155; x_wconf 87' lang='lat' dir='ltr'><strong>sunt</strong></span> <span class='ocrx_word' id='word_1_61' title='bbox 431 1125 563 1164; x_wconf 84' lang='lat' dir='ltr'><strong>species</strong></span> <span class='ocrx_word' id='word_1_62' title='bbox 580 1124 853 1165; x_wconf 85' lang='lat' dir='ltr'><strong>conchyliorum:</strong></span> <span class='ocrx_word' id='word_1_63' title='bbox 912 1124 1001 1156; x_wconf 86' lang='lat' dir='ltr'><strong>tucis</strong></span> <span class='ocrx_word' id='word_1_64' title='bbox 1019 1129 1054 1155; x_wconf 86' lang='lat' dir='ltr'><strong>et</strong></span> <span class='ocrx_word' id='word_1_65' title='bbox 1070 1124 1228 1163; x_wconf 84' lang='lat' dir='ltr'><strong>cochleis,</strong></span> <span class='ocrx_word' id='word_1_66' title='bbox 1243 1133 1319 1164; x_wconf 75' lang='lat' dir='ltr'><strong>quae</strong></span> <span class='ocrx_word' id='word_1_67' title='bbox 1345 1122 1386 1153; x_wconf 86' lang='lat' dir='ltr'><strong>ad</strong></span> <span class='ocrx_word' id='word_1_68' title='bbox 1415 1120 1612 1152; x_wconf 86' lang='lat' dir='ltr'><strong>irritandam</strong></span> 
     </span>
     <span class='ocr_line' id='line_1_13' title="bbox 149 1171 1613 1215; baseline -0.002 -10"><span class='ocrx_word' id='word_1_69' title='bbox 149 1175 215 1207; x_wconf 85' lang='lat' dir='ltr'><strong>hoc</strong></span> <span class='ocrx_word' id='word_1_70' title='bbox 232 1179 297 1215; x_wconf 84' lang='lat' dir='ltr'><strong>est,</strong></span> <span class='ocrx_word' id='word_1_71' title='bbox 324 1174 402 1205; x_wconf 89' lang='lat' dir='ltr'><strong>dum</strong></span> <span class='ocrx_word' id='word_1_72' title='bbox 431 1174 564 1206; x_wconf 88' lang='lat' dir='ltr'><strong>habebo</strong></span> <span class='ocrx_word' id='word_1_73' title='bbox 587 1175 680 1206; x_wconf 87' lang='lat' dir='ltr'><strong>cibos</strong></span> <span class='ocrx_word' id='word_1_74' title='bbox 701 1174 856 1206; x_wconf 87' lang='lat' dir='ltr'><strong>delicati·</strong></span> <span class='ocrx_word' id='word_1_75' title='bbox 912 1175 1025 1215; x_wconf 86' lang='lat' dir='ltr'><strong>gulam</strong></span> <span class='ocrx_word' id='word_1_76' title='bbox 1049 1173 1232 1215; x_wconf 83' lang='lat' dir='ltr'><strong>dabantur,</strong></span> <span class='ocrx_word' id='word_1_77' title='bbox 1253 1183 1329 1205; x_wconf 83' lang='lat' dir='ltr'><strong>cuin</strong></span> <span class='ocrx_word' id='word_1_78' title='bbox 1361 1176 1526 1204; x_wconf 81' lang='lat' dir='ltr'><strong>turturem</strong></span> <span class='ocrx_word' id='word_1_79' title='bbox 1558 1171 1613 1202; x_wconf 88' lang='lat' dir='ltr'><strong>ha-</strong></span> 
     </span>
     <span class='ocr_line' id='line_1_14' title="bbox 151 1224 1022 1262; baseline 0 -6"><span class='ocrx_word' id='word_1_80' title='bbox 151 1234 241 1262; x_wconf 78' lang='lat' dir='ltr'><strong>oreS‚</strong></span> <span class='ocrx_word' id='word_1_81' title='bbox 254 1234 273 1256; x_wconf 89' lang='lat' dir='ltr'><strong>a</strong></span> <span class='ocrx_word' id='word_1_82' title='bbox 288 1224 464 1256; x_wconf 83' lang='lat' dir='ltr'><strong>vilioribus</strong></span> <span class='ocrx_word' id='word_1_83' title='bbox 478 1235 532 1256; x_wconf 88' lang='lat' dir='ltr'><strong>me</strong></span> <span class='ocrx_word' id='word_1_84' title='bbox 547 1225 739 1256; x_wconf 84' lang='lat' dir='ltr'><strong>abstinebo.</strong></span> <span class='ocrx_word' id='word_1_85' title='bbox 912 1224 1022 1256; x_wconf 90' lang='lat' dir='ltr'><strong>beam.</strong></span> 
     </span>
     <span class='ocr_line' id='line_1_15' title="bbox 199 1274 858 1317; baseline 0 -11"><span class='ocrx_word' id='word_1_86' title='bbox 199 1276 331 1308; x_wconf 87' lang='lat' dir='ltr'><strong>Perdere</strong></span> <span class='ocrx_word' id='word_1_87' title='bbox 345 1276 413 1307; x_wconf 81' lang='lat' dir='ltr'><strong>nolo</strong></span> <span class='ocrx_word' id='word_1_88' title='bbox 428 1274 565 1316; x_wconf 86' lang='lat' dir='ltr'><strong>famem]</strong></span> <span class='ocrx_word' id='word_1_89' title='bbox 590 1275 667 1308; x_wconf 91' lang='lat' dir='ltr'><strong>Hoc</strong></span> <span class='ocrx_word' id='word_1_90' title='bbox 687 1280 752 1317; x_wconf 84' lang='lat' dir='ltr'><strong>est,</strong></span> <span class='ocrx_word' id='word_1_91' title='bbox 767 1275 858 1308; x_wconf 88' lang='lat' dir='ltr'><strong>Nolo</strong></span> 
     </span>
    </p>
   </div>
   <div class='ocr_carea' id='block_1_8' title="bbox 828 1426 952 1469">
    <p class='ocr_par' dir='ltr' id='par_1_8' title="bbox 828 1426 952 1469">
     <span class='ocr_line' id='line_1_16' title="bbox 828 1426 952 1469; baseline 0 0"><span class='ocrx_word' id='word_1_92' title='bbox 828 1426 952 1469; x_wconf 71' lang='lat' dir='ltr'>LIV,</span> 
     </span>
    </p>
   </div>
   <div class='ocr_carea' id='block_1_9' title="bbox 770 1516 1003 1547">
    <p class='ocr_par' dir='ltr' id='par_1_9' title="bbox 770 1516 1003 1547">
     <span class='ocr_line' id='line_1_17' title="bbox 770 1516 1003 1547; baseline 0.004 -1"><span class='ocrx_word' id='word_1_93' title='bbox 770 1516 1003 1547; x_wconf 81' lang='lat' dir='ltr'>PERNA.</span> 
     </span>
    </p>
   </div>
   <div class='ocr_carea' id='block_1_10' title="bbox 157 1584 1172 1707">
    <p class='ocr_par' dir='ltr' id='par_1_10' title="bbox 157 1584 1172 1707">
     <span class='ocr_line' id='line_1_18' title="bbox 157 1584 1114 1635; baseline -0.001 -9"><span class='ocrx_word' id='word_1_94' title='bbox 157 1584 448 1627; x_wconf 77' lang='lat' dir='ltr'>CAERETANA</span> <span class='ocrx_word' id='word_1_95' title='bbox 472 1584 578 1626; x_wconf 85' lang='lat' dir='ltr'><strong>mihi</strong></span> <span class='ocrx_word' id='word_1_96' title='bbox 599 1585 690 1635; x_wconf 83' lang='lat' dir='ltr'><strong>fiet,</strong></span> <span class='ocrx_word' id='word_1_97' title='bbox 709 1585 781 1626; x_wconf 90' lang='lat' dir='ltr'><strong>vel</strong></span> <span class='ocrx_word' id='word_1_98' title='bbox 802 1585 944 1626; x_wconf 83' lang='lat' dir='ltr'><strong>missa</strong></span> <span class='ocrx_word' id='word_1_99' title='bbox 963 1585 1114 1626; x_wconf 85' lang='lat' dir='ltr'><strong>licebit</strong></span> 
     </span>
     <span class='ocr_line' id='line_1_19' title="bbox 214 1652 1172 1707; baseline -0.003 -12"><span class='ocrx_word' id='word_1_100' title='bbox 214 1652 283 1695; x_wconf 88' lang='lat' dir='ltr'><strong>De</strong></span> <span class='ocrx_word' id='word_1_101' title='bbox 306 1653 541 1706; x_wconf 84' lang='lat' dir='ltr'><strong>Menapis:</strong></span> <span class='ocrx_word' id='word_1_102' title='bbox 571 1653 680 1694; x_wconf 87' lang='lat' dir='ltr'><strong>lauti</strong></span> <span class='ocrx_word' id='word_1_103' title='bbox 700 1652 754 1693; x_wconf 90' lang='lat' dir='ltr'><strong>de</strong></span> <span class='ocrx_word' id='word_1_104' title='bbox 778 1659 989 1707; x_wconf 83' lang='lat' dir='ltr'><strong>petasone</strong></span> <span class='ocrx_word' id='word_1_105' title='bbox 1011 1655 1172 1693; x_wconf 73' lang='lat' dir='ltr'><strong>vorent.</strong></span> 
     </span>
    </p>
   </div>
   <div class='ocr_carea' id='block_1_11' title="bbox 160 1770 1616 1848">
    <p class='ocr_par' dir='ltr' id='par_1_11' title="bbox 160 1770 1616 1848">
     <span class='ocr_line' id='line_1_20' title="bbox 208 1770 1616 1813; baseline -0.001 -9"><span class='ocrx_word' id='word_1_106' title='bbox 208 1773 336 1804; x_wconf 82' lang='lat' dir='ltr'><strong>Faciam</strong></span> <span class='ocrx_word' id='word_1_107' title='bbox 351 1783 483 1804; x_wconf 80' lang='lat' dir='ltr'><strong><em>massam</em></strong></span> <span class='ocrx_word' id='word_1_108' title='bbox 507 1783 547 1804; x_wconf 77' lang='lat' dir='ltr'><strong>ex</strong></span> <span class='ocrx_word' id='word_1_109' title='bbox 567 1773 759 1811; x_wconf 79' lang='lat' dir='ltr'><strong>Cerretanis,</strong></span> <span class='ocrx_word' id='word_1_110' title='bbox 774 1773 823 1805; x_wconf 79' lang='lat' dir='ltr'><strong>vel</strong></span> <span class='ocrx_word' id='word_1_111' title='bbox 849 1773 943 1805; x_wconf 76' lang='lat' dir='ltr'><strong>etiam</strong></span> <span class='ocrx_word' id='word_1_112' title='bbox 960 1783 999 1804; x_wconf 82' lang='lat' dir='ltr'><strong>ex</strong></span> <span class='ocrx_word' id='word_1_113' title='bbox 1014 1772 1179 1813; x_wconf 76' lang='lat' dir='ltr'><strong>Menapis.-</strong></span> <span class='ocrx_word' id='word_1_114' title='bbox 1200 1771 1392 1803; x_wconf 78' lang='lat' dir='ltr'><strong>delicatiores</strong></span> <span class='ocrx_word' id='word_1_115' title='bbox 1406 1770 1497 1803; x_wconf 70' lang='lat' dir='ltr'><strong>edant</strong></span> <span class='ocrx_word' id='word_1_116' title='bbox 1513 1772 1550 1803; x_wconf 83' lang='lat' dir='ltr'><strong>de</strong></span> <span class='ocrx_word' id='word_1_117' title='bbox 1565 1783 1616 1813; x_wconf 47' lang='grc' dir='ltr'><strong>ρειἢ</strong></span> 
     </span>
     <span class='ocr_line' id='line_1_21' title="bbox 160 1820 278 1848; baseline 0 -1"><span class='ocrx_word' id='word_1_118' title='bbox 160 1820 278 1848; x_wconf 82' lang='lat' dir='ltr'><strong>tasone.</strong></span> 
     </span>
    </p>
   </div>
   <div class='ocr_carea' id='block_1_12' title="bbox 768 1869 1004 1880">
    <p class='ocr_par' dir='ltr' id='par_1_12' title="bbox 768 1869 1004 1880">
     <span class='ocr_line' id='line_1_22' title="bbox 768 1869 1004 1880; baseline 0 0"><span class='ocrx_word' id='word_1_119' title='bbox 768 1869 803 1880; x_wconf 67' lang='lat' dir='ltr'><strong>ee</strong></span> <span class='ocrx_word' id='word_1_120' title='bbox 808 1869 902 1880; x_wconf 48' lang='grc' dir='ltr'><strong>ασθαι</strong></span> <span class='ocrx_word' id='word_1_121' title='bbox 908 1869 1004 1880; x_wconf 43' lang='lat' dir='ltr'><strong>exeo-eo</strong></span> 
     </span>
    </p>
   </div>
   <div class='ocr_carea' id='block_1_13' title="bbox 200 1920 1373 1954">
    <p class='ocr_par' dir='ltr' id='par_1_13' title="bbox 200 1920 1373 1954">
     <span class='ocr_line' id='line_1_23' title="bbox 200 1920 1373 1954; baseline -0.002 0"><span class='ocrx_word' id='word_1_122' title='bbox 200 1925 216 1954; x_wconf 93' lang='lat'>1</span> <span class='ocrx_word' id='word_1_123' title='bbox 244 1923 350 1953; x_wconf 82' lang='lat' dir='ltr'><strong>Massa</strong></span> <span class='ocrx_word' id='word_1_124' title='bbox 366 1921 444 1954; x_wconf 90' lang='lat' dir='ltr'><strong>edd.</strong></span> <span class='ocrx_word' id='word_1_125' title='bbox 462 1924 545 1954; x_wconf 87' lang='lat' dir='ltr'><strong>vett.</strong></span> <span class='ocrx_word' id='word_1_126' title='bbox 568 1926 604 1954; x_wconf 85' lang='lat' dir='ltr'><strong>et</strong></span> <span class='ocrx_word' id='word_1_127' title='bbox 619 1921 736 1953; x_wconf 87' lang='lat' dir='ltr'><strong>Maitt.</strong></span> <span class='ocrx_word' id='word_1_128' title='bbox 752 1926 786 1953; x_wconf 90' lang='lat' dir='ltr'><strong>et</strong></span> <span class='ocrx_word' id='word_1_129' title='bbox 801 1922 947 1954; x_wconf 87' lang='lat' dir='ltr'><strong>Farnab.</strong></span> <span class='ocrx_word' id='word_1_130' title='bbox 984 1920 1177 1953; x_wconf 72' lang='lat' dir='ltr'><strong>videantur</strong></span> <span class='ocrx_word' id='word_1_131' title='bbox 1192 1921 1275 1953; x_wconf 78' lang='lat' dir='ltr'><strong>Not.</strong></span> <span class='ocrx_word' id='word_1_132' title='bbox 1292 1921 1373 1952; x_wconf 82' lang='lat' dir='ltr'><strong>Var.</strong></span> 
     </span>
    </p>
   </div>
   <div class='ocr_carea' id='block_1_14' title="bbox 816 2007 960 2040">
    <p class='ocr_par' dir='ltr' id='par_1_14' title="bbox 816 2007 960 2040">
     <span class='ocr_line' id='line_1_24' title="bbox 816 2007 960 2040; baseline -0.007 0"><span class='ocrx_word' id='word_1_133' title='bbox 816 2007 960 2040; x_wconf 85' lang='lat' dir='ltr'>NOTAE</span> 
     </span>
    </p>
   </div>
   <div class='ocr_carea' id='block_1_15' title="bbox 156 2072 1620 2519">
    <p class='ocr_par' dir='ltr' id='par_1_15' title="bbox 156 2072 1620 2519">
     <span class='ocr_line' id='line_1_25' title="bbox 205 2072 1617 2115; baseline -0.001 -12"><span class='ocrx_word' id='word_1_134' title='bbox 205 2075 221 2103; x_wconf 93' lang='lat' dir='ltr'><strong>l</strong></span> <span class='ocrx_word' id='word_1_135' title='bbox 242 2073 406 2104; x_wconf 83' lang='lat' dir='ltr'><strong>Caeretana</strong></span> <span class='ocrx_word' id='word_1_136' title='bbox 429 2072 634 2115; x_wconf 76' lang='lat' dir='ltr'><strong>[Cerretana]</strong></span> <span class='ocrx_word' id='word_1_137' title='bbox 670 2073 807 2105; x_wconf 83' lang='lat' dir='ltr'><strong>Dicitur</strong></span> <span class='ocrx_word' id='word_1_138' title='bbox 837 2083 857 2104; x_wconf 87' lang='lat' dir='ltr'><strong>a</strong></span> <span class='ocrx_word' id='word_1_139' title='bbox 913 2082 1052 2114; x_wconf 88' lang='lat' dir='ltr'><strong>pernam</strong></span> <span class='ocrx_word' id='word_1_140' title='bbox 1065 2073 1190 2104; x_wconf 89' lang='lat' dir='ltr'><strong>vocari.</strong></span> <span class='ocrx_word' id='word_1_141' title='bbox 1213 2072 1453 2103; x_wconf 81' lang='lat' dir='ltr'><strong>VelAthenaeo</strong></span> <span class='ocrx_word' id='word_1_142' title='bbox 1467 2076 1617 2111; x_wconf 80' lang='lat' dir='ltr'><strong>auctore,</strong></span> 
     </span>
     <span class='ocr_line' id='line_1_26' title="bbox 157 2117 1619 2164; baseline -0.001 -10"><span class='ocrx_word' id='word_1_143' title='bbox 157 2122 269 2154; x_wconf 73' lang='lat' dir='ltr'><strong>Poeta</strong></span> <span class='ocrx_word' id='word_1_144' title='bbox 280 2133 384 2164; x_wconf 87' lang='lat' dir='ltr'><strong>perna</strong></span> <span class='ocrx_word' id='word_1_145' title='bbox 397 2117 504 2155; x_wconf 79' lang='lat' dir='ltr'><strong>allata</strong></span> <span class='ocrx_word' id='word_1_146' title='bbox 515 2133 557 2154; x_wconf 85' lang='lat' dir='ltr'><strong>ex</strong></span> <span class='ocrx_word' id='word_1_147' title='bbox 569 2124 766 2156; x_wconf 88' lang='lat' dir='ltr'><strong>Cerretanis</strong></span> <span class='ocrx_word' id='word_1_148' title='bbox 777 2124 858 2156; x_wconf 89' lang='lat' dir='ltr'><strong>His·</strong></span> <span class='ocrx_word' id='word_1_149' title='bbox 914 2123 1010 2164; x_wconf 85' lang='lat' dir='ltr'><strong>cujus</strong></span> <span class='ocrx_word' id='word_1_150' title='bbox 1030 2123 1103 2154; x_wconf 85' lang='lat' dir='ltr'><strong>haec</strong></span> <span class='ocrx_word' id='word_1_151' title='bbox 1129 2122 1232 2154; x_wconf 88' lang='lat' dir='ltr'><strong>verba</strong></span> <span class='ocrx_word' id='word_1_152' title='bbox 1254 2128 1333 2153; x_wconf 80' lang='lat' dir='ltr'><strong>sunt</strong></span> <span class='ocrx_word' id='word_1_153' title='bbox 1348 2123 1406 2154; x_wconf 90' lang='lat' dir='ltr'><strong>lib.</strong></span> <span class='ocrx_word' id='word_1_154' title='bbox 1424 2132 1499 2154; x_wconf 78' lang='lat' dir='ltr'><strong>xw.</strong></span> <span class='ocrx_word' id='word_1_155' title='bbox 1536 2122 1619 2153; x_wconf 77' lang='grc' dir='ltr'>Ἐπεὶ</span> 
     </span>
     <span class='ocr_line' id='line_1_27' title="bbox 158 2171 1620 2215; baseline -0.002 -10"><span class='ocrx_word' id='word_1_156' title='bbox 158 2174 269 2215; x_wconf 82' lang='lat' dir='ltr'><strong>paniae</strong></span> <span class='ocrx_word' id='word_1_157' title='bbox 294 2174 426 2215; x_wconf 86' lang='lat' dir='ltr'><strong>populis</strong></span> <span class='ocrx_word' id='word_1_158' title='bbox 450 2173 492 2205; x_wconf 88' lang='lat' dir='ltr'><strong>ad</strong></span> <span class='ocrx_word' id='word_1_159' title='bbox 515 2179 648 2206; x_wconf 86' lang='lat' dir='ltr'><strong>montes</strong></span> <span class='ocrx_word' id='word_1_160' title='bbox 665 2175 860 2215; x_wconf 59' lang='lat' dir='ltr'><strong>Pyrenaeos.</strong></span> <span class='ocrx_word' id='word_1_161' title='bbox 915 2173 948 2205; x_wconf 79' lang='grc' dir='ltr'><strong>δὲ</strong></span> <span class='ocrx_word' id='word_1_162' title='bbox 972 2176 1148 2205; x_wconf 80' lang='grc' dir='ltr'>πετασῶνος</span> <span class='ocrx_word' id='word_1_163' title='bbox 1180 2171 1269 2214; x_wconf 82' lang='grc' dir='ltr'>μέρος</span> <span class='ocrx_word' id='word_1_164' title='bbox 1295 2172 1415 2212; x_wconf 69' lang='grc' dir='ltr'>ἑκάστῳ</span> <span class='ocrx_word' id='word_1_165' title='bbox 1445 2175 1554 2213; x_wconf 78' lang='grc' dir='ltr'>κεῖται,</span> <span class='ocrx_word' id='word_1_166' title='bbox 1582 2173 1620 2210; x_wconf 72' lang='grc' dir='ltr'><strong>ἢν</strong></span> 
     </span>
     <span class='ocr_line' id='line_1_28' title="bbox 156 2223 1618 2265; baseline -0.001 -11"><span class='ocrx_word' id='word_1_167' title='bbox 156 2223 342 2255; x_wconf 83' lang='lat' dir='ltr'><strong>Atheuaeus</strong></span> <span class='ocrx_word' id='word_1_168' title='bbox 365 2223 422 2256; x_wconf 89' lang='lat' dir='ltr'><strong>lib.</strong></span> <span class='ocrx_word' id='word_1_169' title='bbox 439 2232 515 2255; x_wconf 72' lang='grc' dir='ltr'><strong>ΧΠ.</strong></span> <span class='ocrx_word' id='word_1_170' title='bbox 551 2225 560 2241; x_wconf 93' lang='lat'>‘</span> <span class='ocrx_word' id='word_1_171' title='bbox 578 2225 755 2256; x_wconf 81' lang='lat' dir='ltr'><strong>Convalles</strong></span> <span class='ocrx_word' id='word_1_172' title='bbox 771 2234 863 2256; x_wconf 88' lang='lat' dir='ltr'><strong>mon-</strong></span> <span class='ocrx_word' id='word_1_173' title='bbox 918 2224 1032 2265; x_wconf 73' lang='grc' dir='ltr'>πέρναν</span> <span class='ocrx_word' id='word_1_174' title='bbox 1059 2224 1200 2255; x_wconf 80' lang='grc' dir='ltr'>καλοῦσι.</span> <span class='ocrx_word' id='word_1_175' title='bbox 1246 2223 1407 2255; x_wconf 89' lang='lat' dir='ltr'><strong>Scribunt</strong></span> <span class='ocrx_word' id='word_1_176' title='bbox 1433 2224 1488 2254; x_wconf 84' lang='lat' dir='ltr'><strong>alii</strong></span> <span class='ocrx_word' id='word_1_177' title='bbox 1516 2225 1618 2254; x_wconf 81' lang='lat' dir='ltr'><strong>Coere-</strong></span> 
     </span>
     <span class='ocr_line' id='line_1_29' title="bbox 160 2275 1615 2317; baseline -0.001 -11"><span class='ocrx_word' id='word_1_178' title='bbox 160 2275 267 2315; x_wconf 86' lang='lat' dir='ltr'><strong>tium‚’</strong></span> <span class='ocrx_word' id='word_1_179' title='bbox 280 2275 422 2317; x_wconf 88' lang='lat' dir='ltr'><strong>inquit‚‘</strong></span> <span class='ocrx_word' id='word_1_180' title='bbox 437 2279 556 2307; x_wconf 87' lang='lat' dir='ltr'><strong>tenent</strong></span> <span class='ocrx_word' id='word_1_181' title='bbox 566 2276 743 2307; x_wconf 83' lang='lat' dir='ltr'><strong>Cerretani</strong></span> <span class='ocrx_word' id='word_1_182' title='bbox 757 2276 862 2307; x_wconf 87' lang='lat' dir='ltr'><strong>maxi-</strong></span> <span class='ocrx_word' id='word_1_183' title='bbox 917 2280 1003 2316; x_wconf 81' lang='lat' dir='ltr'><strong>tana,</strong></span> <span class='ocrx_word' id='word_1_184' title='bbox 1018 2286 1037 2307; x_wconf 84' lang='lat' dir='ltr'><strong>a</strong></span> <span class='ocrx_word' id='word_1_185' title='bbox 1053 2277 1149 2308; x_wconf 83' lang='lat' dir='ltr'><strong>Caere</strong></span> <span class='ocrx_word' id='word_1_186' title='bbox 1166 2275 1292 2317; x_wconf 89' lang='lat' dir='ltr'><strong>oppido</strong></span> <span class='ocrx_word' id='word_1_187' title='bbox 1308 2275 1481 2306; x_wconf 75' lang='lat' dir='ltr'><strong>Hetruriae</strong></span> <span class='ocrx_word' id='word_1_188' title='bbox 1495 2286 1503 2305; x_wconf 77' lang='lat' dir='ltr'><strong><em>z</em></strong></span> <span class='ocrx_word' id='word_1_189' title='bbox 1528 2275 1615 2316; x_wconf 80' lang='lat' dir='ltr'><strong>quod</strong></span> 
     </span>
     <span class='ocr_line' id='line_1_30' title="bbox 160 2326 1164 2368; baseline -0.001 -11"><span class='ocrx_word' id='word_1_190' title='bbox 160 2336 216 2357; x_wconf 87' lang='lat' dir='ltr'><strong>ma</strong></span> <span class='ocrx_word' id='word_1_191' title='bbox 227 2326 455 2367; x_wconf 83' lang='lat' dir='ltr'><strong>Hispanorum</strong></span> <span class='ocrx_word' id='word_1_192' title='bbox 469 2326 575 2367; x_wconf 84' lang='lat' dir='ltr'><strong>natio,</strong></span> <span class='ocrx_word' id='word_1_193' title='bbox 597 2327 687 2368; x_wconf 87' lang='lat' dir='ltr'><strong>apud</strong></span> <span class='ocrx_word' id='word_1_194' title='bbox 707 2337 789 2368; x_wconf 83' lang='lat' dir='ltr'><strong>quos</strong></span> <span class='ocrx_word' id='word_1_195' title='bbox 803 2337 863 2358; x_wconf 82' lang='lat' dir='ltr'><strong>ex·</strong></span> <span class='ocrx_word' id='word_1_196' title='bbox 917 2328 1026 2358; x_wconf 85' lang='lat' dir='ltr'><strong>minus</strong></span> <span class='ocrx_word' id='word_1_197' title='bbox 1039 2327 1164 2367; x_wconf 87' lang='lat' dir='ltr'><strong>placet.</strong></span> 
     </span>
     <span class='ocr_line' id='line_1_31' title="bbox 161 2375 1617 2419; baseline 0 -13"><span class='ocrx_word' id='word_1_198' title='bbox 161 2376 325 2408; x_wconf 87' lang='lat' dir='ltr'><strong>cellentes</strong></span> <span class='ocrx_word' id='word_1_199' title='bbox 338 2386 454 2418; x_wconf 86' lang='lat' dir='ltr'><strong>pernae</strong></span> <span class='ocrx_word' id='word_1_200' title='bbox 468 2376 707 2417; x_wconf 86' lang='lat' dir='ltr'><strong>conficiuntur,</strong></span> <span class='ocrx_word' id='word_1_201' title='bbox 721 2387 798 2419; x_wconf 72' lang='lat' dir='ltr'><strong>quae.</strong></span> <span class='ocrx_word' id='word_1_202' title='bbox 809 2378 863 2408; x_wconf 85' lang='lat' dir='ltr'><strong>vel</strong></span> <span class='ocrx_word' id='word_1_203' title='bbox 960 2381 979 2408; x_wconf 84' lang='lat'>2</span> <span class='ocrx_word' id='word_1_204' title='bbox 1003 2378 1053 2409; x_wconf 86' lang='lat' dir='ltr'><strong>De</strong></span> <span class='ocrx_word' id='word_1_205' title='bbox 1070 2377 1228 2418; x_wconf 74' lang='lat' dir='ltr'><strong>Menapis]</strong></span> <span class='ocrx_word' id='word_1_206' title='bbox 1251 2376 1318 2409; x_wconf 86' lang='lat' dir='ltr'><strong>Qui</strong></span> <span class='ocrx_word' id='word_1_207' title='bbox 1332 2376 1461 2407; x_wconf 79' lang='lat' dir='ltr'><strong>Mosam</strong></span> <span class='ocrx_word' id='word_1_208' title='bbox 1478 2375 1617 2407; x_wconf 81' lang='lat' dir='ltr'><strong>fluvium</strong></span> 
     </span>
     <span class='ocr_line' id='line_1_32' title="bbox 162 2426 1614 2469; baseline -0.001 -11"><span class='ocrx_word' id='word_1_209' title='bbox 162 2437 238 2458; x_wconf 88' lang='lat' dir='ltr'><strong>cum</strong></span> <span class='ocrx_word' id='word_1_210' title='bbox 256 2426 469 2459; x_wconf 84' lang='lat' dir='ltr'><strong>Cantabricis</strong></span> <span class='ocrx_word' id='word_1_211' title='bbox 496 2428 538 2459; x_wconf 86' lang='lat' dir='ltr'><strong>de</strong></span> <span class='ocrx_word' id='word_1_212' title='bbox 567 2428 761 2469; x_wconf 86' lang='lat' dir='ltr'><strong>principatu</strong></span> <span class='ocrx_word' id='word_1_213' title='bbox 784 2437 862 2459; x_wconf 77' lang='lat' dir='ltr'><strong>con·</strong></span> <span class='ocrx_word' id='word_1_214' title='bbox 918 2427 1123 2459; x_wconf 87' lang='lat' dir='ltr'><strong>incolebant.</strong></span> <span class='ocrx_word' id='word_1_215' title='bbox 1184 2426 1297 2457; x_wconf 86' lang='lat' dir='ltr'><strong>Hodie</strong></span> <span class='ocrx_word' id='word_1_216' title='bbox 1335 2432 1501 2457; x_wconf 87' lang='lat' dir='ltr'><strong>vocantur</strong></span> <span class='ocrx_word' id='word_1_217' title='bbox 1535 2426 1614 2457; x_wconf 85' lang='lat' dir='ltr'><strong>Gel-</strong></span> 
     </span>
     <span class='ocr_line' id='line_1_33' title="bbox 164 2476 1617 2519; baseline -0.001 -12"><span class='ocrx_word' id='word_1_218' title='bbox 164 2476 333 2508; x_wconf 88' lang='lat' dir='ltr'><strong>tendnnt.&#39;</strong></span> <span class='ocrx_word' id='word_1_219' title='bbox 375 2477 549 2509; x_wconf 83' lang='lat' dir='ltr'><strong>Turnebus</strong></span> <span class='ocrx_word' id='word_1_220' title='bbox 567 2478 624 2510; x_wconf 92' lang='lat' dir='ltr'><strong>lib.</strong></span> <span class='ocrx_word' id='word_1_221' title='bbox 638 2487 710 2510; x_wconf 88' lang='lat' dir='ltr'>xv1.</span> <span class='ocrx_word' id='word_1_222' title='bbox 725 2488 798 2519; x_wconf 85' lang='lat' dir='ltr'><strong>cap.</strong></span> <span class='ocrx_word' id='word_1_223' title='bbox 812 2482 863 2511; x_wconf 89' lang='lat'><strong>18.</strong></span> <span class='ocrx_word' id='word_1_224' title='bbox 919 2479 1071 2518; x_wconf 87' lang='lat' dir='ltr'><strong>drenses,</strong></span> <span class='ocrx_word' id='word_1_225' title='bbox 1086 2478 1313 2514; x_wconf 87' lang='lat' dir='ltr'><strong>Juliacenses,</strong></span> <span class='ocrx_word' id='word_1_226' title='bbox 1328 2476 1386 2507; x_wconf 86' lang='lat' dir='ltr'><strong>nbi</strong></span> <span class='ocrx_word' id='word_1_227' title='bbox 1403 2486 1518 2517; x_wconf 83' lang='lat' dir='ltr'><strong>pernae</strong></span> <span class='ocrx_word' id='word_1_228' title='bbox 1535 2477 1617 2507; x_wconf 59' lang='lat' dir='ltr'><strong>mul-2</strong></span> 
     </span>
    </p>
   </div>
   <div class='ocr_carea' id='block_1_16' title="bbox 163 2528 1423 2621">
    <p class='ocr_par' dir='ltr' id='par_1_16' title="bbox 163 2528 1423 2621">
     <span class='ocr_line' id='line_1_34' title="bbox 163 2528 1423 2570; baseline 0.001 -12"><span class='ocrx_word' id='word_1_229' title='bbox 163 2528 205 2558; x_wconf 89' lang='lat' dir='ltr'><strong>de</strong></span> <span class='ocrx_word' id='word_1_230' title='bbox 232 2528 295 2559; x_wconf 90' lang='lat' dir='ltr'><strong>hoc</strong></span> <span class='ocrx_word' id='word_1_231' title='bbox 333 2528 586 2568; x_wconf 68' lang='lat' dir='ltr'><strong>Epigrammata</strong></span> <span class='ocrx_word' id='word_1_232' title='bbox 616 2534 652 2560; x_wconf 89' lang='lat' dir='ltr'><strong>et</strong></span> <span class='ocrx_word' id='word_1_233' title='bbox 682 2530 860 2570; x_wconf 82' lang='lat' dir='ltr'><strong>sequenti:</strong></span> <span class='ocrx_word' id='word_1_234' title='bbox 919 2535 989 2562; x_wconf 86' lang='lat' dir='ltr'><strong>tum</strong></span> <span class='ocrx_word' id='word_1_235' title='bbox 1007 2530 1214 2563; x_wconf 85' lang='lat' dir='ltr'><strong>etiamnunc</strong></span> <span class='ocrx_word' id='word_1_236' title='bbox 1231 2528 1423 2560; x_wconf 82' lang='lat' dir='ltr'><strong>laudantur.</strong></span> 
     </span>
     <span class='ocr_line' id='line_1_35' title="bbox 163 2578 861 2621; baseline 0.003 -11"><span class='ocrx_word' id='word_1_237' title='bbox 163 2580 236 2621; x_wconf 87' lang='lat' dir='ltr'><strong>Ego</strong></span> <span class='ocrx_word' id='word_1_238' title='bbox 251 2582 380 2621; x_wconf 87' lang='lat' dir='ltr'><strong>putem,</strong></span> <span class='ocrx_word' id='word_1_239' title='bbox 399 2578 521 2620; x_wconf 88' lang='lat' dir='ltr'><strong>inquit,</strong></span> <span class='ocrx_word' id='word_1_240' title='bbox 537 2580 707 2621; x_wconf 76' lang='lat' dir='ltr'><strong>petasonis</strong></span> <span class='ocrx_word' id='word_1_241' title='bbox 728 2585 861 2621; x_wconf 85' lang='lat' dir='ltr'><strong>partem</strong></span> 
     </span>
    </p>
   </div>
  </div>
 </body>
</html>
