1893 3225
555 241 917 273 EP1GRAMMATU
929 242 960 270 M
999 241 1040 271 Ll
1053 243 1091 272 B.
1124 242 1228 272 xlv.

1523 233 1635 277 1031

836 337 975 369 NOTAE

226 416 241 444 l
265 413 349 445 Ante
358 413 519 454 frequens]
544 414 618 445 Hoc
636 413 814 445 distichum
832 414 879 444 sic

180 464 334 504 explicat
357 464 536 495 Turnebus
567 465 625 495 lib.
649 473 699 495 lx.
723 474 798 504 cap.
825 467 878 495 24.

180 513 272 544 Ante
293 514 379 545 dicit
393 515 509 546 solitos
531 524 605 545 esse
622 514 748 545 divites
766 514 879 545 multis

180 573 319 595 censum
333 570 526 606 equestrem
543 565 879 605 supplere‚annulos-

180 625 244 656 que
261 626 380 647 aureos
397 617 490 658 dare,
514 617 571 659 qui
595 618 748 659 equiturn
779 622 878 649 erant

179 667 381 706 gestamina,
408 668 498 709 quod
534 674 637 699 aetate
669 678 729 699 sua
767 677 877 698 rarum

178 717 353 757 queritur:
378 724 613 750 verumtamen
643 718 776 751 felicem
793 719 878 751 dicit

932 412 990 452 qui
1025 413 1184 443 comitem
1223 411 1326 442 habet
1359 411 1531 453 ‘equitem
1569 422 1638 444 nou

933 464 1102 504 aliemim,’
1134 463 1194 494 sed
1219 473 1328 503 suum,
1355 474 1454 505 quem
1482 464 1554 505 ipse
1579 475 1640 496 sua

932 515 1140 545 liberalitate
1179 515 1329 555 equestri
1368 525 1470 547 censu
1511 516 1637 549 donato

932 566 1081 607 equitem
1098 565 1233 597 fecerit.
1279 565 1369 596 Vide
1395 566 1456 598 lib.
1477 577 1508 598 v.
1535 567 1636 609 Epig.

934 620 985 649 19.
1008 618 1017 634 ‘
1036 616 1108 648 Aut
1119 626 1219 657 quem
1237 616 1450 658 prosequitur
1473 627 1539 649 non
1561 619 1639 650 alie-

933 678 994 699 nus
1011 678 1114 710 eques
1129 668 1151 697 ?'

778 889 1023 931 CXXIII.

685 991 747 1021 DA
757 991 1127 1022 GTYLIOTHECA.

175 1068 317 1109 SAEPE
341 1072 486 1124 gravis
509 1070 660 1125 digitis
682 1072 870 1113 elabitur
892 1071 1083 1113 annulus
1104 1071 1276 1113 unctis:

235 1136 355 1179 Tuta
373 1153 469 1181 mea
489 1139 567 1181 fiet
583 1141 663 1181 sed
683 1145 760 1182 tua
780 1154 953 1194 gemma
971 1140 1072 1180 fide.

221 1255 310 1295 Soepe
326 1256 460 1287 annulus
479 1257 670 1296 ponderosus
685 1256 804 1287 excidit
825 1256 936 1296 digitis
951 1256 1054 1287 unctis
1066 1266 1076 1286 .·
1099 1260 1131 1286 αἱ
1146 1258 1199 1286 tna
1209 1264 1331 1295 gemma
1346 1258 1413 1286 tuto
1429 1254 1637 1286 committetur

173 1308 246 1330 meoe
260 1299 419 1330 custodie.

831 1359 863 1390 N
870 1357 971 1389 OTAE

221 1436 236 1463 l
262 1432 353 1473 Soepe
367 1432 490 1473 gravis]
506 1433 587 1466 Juv.
598 1433 673 1465 Sat.
687 1443 713 1465 1.
741 1434 772 1464 in
786 1433 877 1465 Cris-

175 1482 308 1524 pinum:
333 1484 341 1499 ‘
354 1484 439 1515 Cum
456 1493 559 1515 verna
576 1485 706 1524 Canopi
722 1484 878 1515 Ventilet

176 1533 334 1564 aestivum
363 1534 479 1575 digitis
509 1535 707 1566 sudantibus
747 1545 877 1575 amum,

175 1585 250 1616 Nec
276 1583 417 1616 sufferre
435 1590 539 1627 queat
565 1586 703 1627 majoris
723 1586 876 1627 pondera

935 1431 1102 1474 gemma-J
1151 1433 1204 1464 De
1249 1432 1258 1450 ‘
1278 1432 1542 1474 dactylotheca'
1577 1442 1638 1464 seu

930 1486 939 1501 ‘
953 1482 1221 1525 dactyliotheca'
1237 1483 1380 1515 diximus
1394 1483 1453 1515 lib.
1470 1483 1636 1525 x1.Epig.

930 1537 982 1567 59.

788 1747 1022 1790 CXXIV.

820 1850 965 1880 TOGA.

174 1931 425 1973 ROMANos
447 1942 591 1971 rerum
615 1929 833 1980 dominos,
853 1933 1117 1983 gentemque
1137 1931 1330 1982 togatam

228 1998 312 2039 Ille
336 1998 459 2048 facit,
478 2011 639 2051 magno
663 1999 741 2052 qui
761 1998 886 2039 dedit
908 2001 1027 2039 astra
1048 1996 1176 2051 patri.

216 2113 274 2143 Ille
285 2111 447 2143 constituit
462 2111 615 2143 Romanos
629 2112 766 2144 dominos
782 2116 935 2152 rerum,et
948 2115 1070 2152 gentem
1086 2114 1238 2152 togatam,
1254 2110 1308 2152 qui
1320 2112 1392 2142 caelo
1405 2111 1531 2142 donavit
1545 2121 1631 2150 mag-

171 2165 244 2186 num
256 2155 443 2195 genitorem.

824 2209 976 2241 NOTAE

215 2283 232 2312 1
258 2279 427 2320 Romanos]
467 2279 593 2310 Versus
619 2284 673 2310 est
695 2280 831 2321 Virgilii
852 2289 876 2316 1,

171 2331 305 2362 AEneid.
342 2332 350 2348 ‘
369 2331 587 2372 Gentemque
612 2330 789 2370 togatam.'
810 2331 877 2362 Po-

170 2382 286 2422 pulum
304 2383 490 2413 Romanum
519 2381 685 2421 intellige,
713 2382 771 2422 qui
797 2387 879 2422 toga

172 2432 345 2470 utebatur,
367 2431 409 2462 de
424 2442 489 2472 qua
504 2433 627 2472 s‘aepius
644 2443 759 2473 supra.

213 2485 233 2513 2
259 2481 322 2517 Qui
336 2481 437 2521 dedit]
459 2483 695 2514 Domitianum
709 2483 877 2524 intellige,

173 2533 230 2575 qui
245 2532 455 2573 Vespasiano
464 2542 522 2562 suo
540 2533 629 2573 patri
646 2539 781 2565 mortuo
794 2533 877 2564 divi-

174 2594 234 2616 nos
248 2584 393 2615 bonores
410 2582 544 2622 tribuit,
559 2588 594 2614 et
622 2583 749 2615 Flaviae
781 2584 875 2625 genti

932 2279 1097 2320 templum
1133 2277 1300 2317 condidit,
1332 2277 1374 2308 de
1409 2286 1476 2318 quo
1506 2276 1565 2307 lib.
1582 2284 1634 2308 rx.

932 2331 1070 2371 Epig.2.
1116 2329 1185 2360 Alii
1208 2328 1407 2369 intelligunt
1428 2326 1632 2366 Augustum,

931 2381 988 2422 qui
1014 2380 1143 2413 Julium
1175 2380 1345 2411 Caesarem
1374 2382 1507 2419 patrem
1537 2386 1634 2407 suum

931 2431 1131 2472 adoptivum
1148 2430 1285 2471 publice
1303 2429 1335 2460 in
1352 2437 1528 2459 numerum
1545 2427 1633 2458 Deo-

930 2491 1004 2512 rum
1022 2481 1152 2512 retulit.
1190 2479 1258 2512 Sed
1275 2479 1388 2511 malim
1404 2477 1638 2510 Domitianum

930 2531 1164 2574 interpretari.
