1893 3225
198 244 283 285 760

676 253 724 282 Μ.
758 252 869 282 VAL.
904 251 1177 282 MAR'rlAms

202 346 414 388 Curribus
437 346 510 387 illa
530 346 618 387 tuis
641 360 811 400 semper
832 351 1077 401 properata,
1098 345 1349 398 brevisque,

260 413 349 454 Cur
367 413 448 454 fuit
467 417 512 453 et
533 414 636 455 vitae
659 418 749 455 tam
773 427 912 468 prope
934 418 1048 454 meta
1071 413 1195 454 tuae‘?

204 523 282 554 citer
287 522 399 561 jungis
413 532 502 562 equos
515 526 609 554 atros.
655 524 720 554 Cur
735 527 799 555 tam
813 533 908 564 prope
915 522 983 561 fuit
1000 523 1054 553 illa
1070 525 1152 552 meta
1175 524 1237 551 tuae
1251 520 1335 559 τίτας,
1349 528 1467 558 semper
1487 521 1653 559 properata

206 568 237 596 et
249 565 350 595 bret-is
365 565 428 595 tuis
442 565 608 598 curribus?

868 607 1008 638 NOTAE

249 675 270 704 8
295 672 339 703 Et
351 672 424 703 vz'tae
438 676 501 703 tam
511 673 621 714 prope]
636 672 675 703 In
686 672 778 703 circo
791 681 909 702 currus
964 671 1042 702 vita:
1061 675 1182 702 metam
1201 669 1370 709 attingere
1387 666 1580 709 properasti
1594 667 1605 697 ?

208 723 336 755 ducens
357 727 395 754 ut
411 723 563 754 victoriae
578 722 775 763 saepissime,
797 732 857 753 cur
873 727 909 753 et

899 867 976 909 LI.

729 959 795 988 Αυ
833 956 1140 988 FAUS‘rlNUM.

214 1024 403 1065 Sinniu
425 1025 521 1078 jam
541 1025 705 1079 Tyrius
726 1025 924 1078 Phryxei
944 1024 1131 1078 respicit
1152 1024 1251 1077 agni

270 1091 462 1141 Taurus,
485 1097 530 1133 et
551 1093 764 1134 alternum
785 1091 976 1134 Castora
997 1092 1108 1144 fugit
1127 1092 1292 1144 hyems.

218 1155 352 1197 Ridet
368 1170 481 1210 ager,
501 1159 684 1200 vestitur
702 1159 873 1210 humus,
894 1158 1077 1199 vestitur
1089 1162 1133 1198 et
1155 1159 1287 1199 arbos
1307 1171 1318 1199 ε

275 1223 511 1265 Ismarium
534 1226 684 1279 pellex
706 1225 861 1267 Attica
881 1226 1030 1279 plorat
1052 1224 1167 1278 Ityn.

220 1288 362 1340 Quos,
383 1292 612 1343 Faustine,
635 1293 742 1343 dies,
765 1293 941 1345 qualem
960 1292 1042 1333 tibi
1065 1291 1211 1332 Roma
1228 1291 1492 1333 Ravennam
1647 1290 1676 1330 5

278 1357 502 1400 Abstulit?
535 1372 562 1400 o
582 1360 713 1410 soles,
741 1373 767 1400 o
788 1360 986 1400 tunicata
1007 1360 1158 1412 quies!

223 1423 262 1464 Ο
284 1437 456 1472 nemus,
478 1439 505 1466 o
527 1426 681 1475 fontes,
704 1425 985 1478 solidumque
1005 1425 1227 1467 madentis
1250 1440 1398 1468 arenae

280 1490 443 1541 Littus,
466 1497 510 1533 et
529 1493 748 1546 aequoreis
769 1491 1030 1545 splendidus
1056 1491 1211 1534 Anxur
1233 1495 1362 1547 aquis
1382 1508 1392 1535 ι

269 1602 345 1631 dam
359 1601 481 1632 Taurus
493 1601 609 1641 Tyrius
623 1601 750 1641 respicit
765 1602 870 1632 sidera
885 1602 960 1641 agni
975 1602 1132 1642 Plzryxei,
1146 1605 1175 1633 et
1189 1602 1292 1642 hyems
1299 1602 1389 1641 fugit
1405 1602 1558 1632 alternum
1573 1601 1684 1632 Casto-

227 1654 275 1675 ra.
300 1644 395 1674 Ridet
411 1654 497 1682 ager,
513 1648 598 1675 terra
614 1645 750 1682 virescit,
766 1648 794 1675 et
807 1644 899 1674 arbor
910 1644 1033 1674 virescit
1046 1655 1055 1675 .-
1068 1646 1173 1684 pellex
1184 1646 1294 1675 Attica
1309 1645 1401 1685 deflet
1415 1646 1490 1685 Ityn
1502 1644 1680 1674 Ismarium.

230 1688 261 1717 O
285 1686 446 1724 Faustine,
462 1686 571 1726 quibus
587 1686 707 1725 diebus,
730 1687 814 1727 quali
831 1688 980 1718 Ravenna
1001 1688 1109 1726 privat
1132 1691 1163 1718 te
1186 1686 1308 1718 Roma!
1334 1690 1362 1718 O
1387 1688 1475 1726 soles,
1498 1697 1514 1716 ο
1540 1686 1683 1716 tunicata

224 1727 313 1759 otia!
336 1739 352 1758 ο
368 1738 482 1768 nemus,
497 1740 513 1760 o
520 1729 641 1770 fontes,
656 1740 672 1760 ο
687 1731 821 1761 solidum
838 1729 928 1760 littus
944 1730 1076 1760 marlidee
1092 1740 1208 1770 arente,
1220 1733 1249 1761 et
1261 1731 1440 1771 splendidus
1453 1732 1568 1761 Anxur
1582 1738 1686 1768 oequo-

837 1803 952 1815 eeeee

956 1798 1071 1814 ““““

268 1849 288 1877 2
314 1846 406 1885 Figit
436 1856 497 1888 pro
516 1847 608 1887 sugit
643 1848 719 1880 cod.
750 1849 994 1880 Pulmann.-—5
1023 1848 1136 1883 Quales
1161 1848 1315 1878 Ravennoe
1345 1846 1445 1877 codd.
1477 1845 1614 1876 Beverl.
1647 1848 1683 1875 et

226 1888 407 1920 Bodleian.
430 1894 466 1920 et
488 1890 537 1921 sic
559 1890 634 1921 cod.
660 1891 841 1922 Pulmann.
870 1892 933 1922 nisi
948 1891 1035 1932 quod
1065 1890 1205 1921 exhibet
1230 1890 1392 1930 Ravenna,
1420 1888 1486 1920 nisi
1511 1888 1573 1919 hoc
1597 1897 1686 1918 mar—

884 1964 1025 1996 NOTAE

272 2029 289 2057 1
315 2026 428 2057 Sidera
437 2025 507 2065 jam
522 2027 650 2068 Tyrius]
665 2029 798 2059 Taurus
812 2033 930 2060 vector

228 2077 382 2117 Europes
397 2078 521 2118 Tyriae,
535 2078 594 2109 lib.
608 2088 649 2110 11.
665 2080 764 2120 Epig.
778 2082 829 2111 14.
845 2090 931 2120 prae-

227 2132 279 2158 est
304 2127 412 2158 mensi
434 2127 563 2168 Aprili:
590 2129 732 2170 respicit
749 2140 827 2161 vero
843 2130 930 2161 arie-

230 2182 300 2208 tem
333 2179 440 2209 mensi
472 2179 599 2210 Martio
630 2179 846 2220 praefectum‚
874 2181 930 2222 qui

230 2227 326 2258 vexit
352 2228 477 2258 Hellen
514 2233 550 2259 et
575 2229 763 2270 Phryxum,
790 2231 850 2262 lib.
877 2240 930 2262 1x.

229 2279 332 2320 Epig.
362 2283 415 2310 72.
440 2281 449 2297 ‘
465 2281 556 2314 Quid
579 2282 703 2313 meruit
728 2287 838 2313 terror
862 2282 930 2313 Ne·

229 2330 426 2370 mees‚qni‹l
440 2333 587 2371 portitor
596 2332 788 2373 Helles‚Ut
798 2332 932 2364 niteant

231 2380 315 2412 celsi
331 2380 446 2411 lucida
462 2381 558 2421 signa
573 2382 641 2422 poli
655 2381 676 2411 ?'

273 2433 294 2461 2
319 2431 363 2461 Et
376 2431 531 2461 alternum
548 2431 695 2471 Castora]
713 2431 932 2463 Geminosin-

230 2479 350 2519 tellige
365 2480 422 2521 qui
439 2481 531 2512 Maio
543 2481 753 2513 tribuuntur.
777 2481 865 2513 Vide
876 2482 934 2513 lib.

232 2538 269 2561 v.
286 2531 388 2571 Epig.
400 2533 454 2562 38.
469 2531 527 2562 ubi
537 2532 579 2562 de
595 2532 735 2564 Castore
745 2536 780 2564 et
790 2532 935 2564 Polluce

233 2580 430 2611 alternatim
447 2582 652 2614 viventibus.

275 2633 295 2662 4
319 2631 490 2663 Ismarium
501 2633 604 2673 pellex
618 2632 745 2672 Attica]
774 2632 852 2665 Hoc
869 2636 934 2673 est,

233 2681 425 2712 Philomela
455 2683 544 2723 regis
574 2682 840 2716 Atheniensium
866 2684 936 2716 filia

234 2731 341 2764 deflet
370 2733 452 2774 Ityn
476 2733 670 2776 Ismarium,
698 2735 733 2766 id
751 2739 805 2767 est
830 2736 935 2767 Thra-

235 2782 338 2825 cium,
353 2793 454 2825 quem
479 2783 654 2819 interfecit
679 2785 817 2819 Procne
832 2786 936 2820 Terei

985 2039 1091 2061 uxor:
1115 2028 1336 2070 lib.v.Epig.
1350 2031 1403 2060 67.
1433 2026 1574 2059 Dicitur
1594 2026 1686 2068 ‘pel-

985 2079 1065 2119 lex,’
1085 2079 1176 2121 quod
1202 2080 1292 2110 illam
1307 2080 1434 2111 Tereus
1455 2077 1608 2109 Thraciae
1626 2085 1687 2108 rex

986 2135 1189 2172 stuprasset.
1228 2131 1373 2162 Ovidius
1390 2141 1441 2162 VI.
1456 2130 1546 2161 Met.

1027 2187 1046 2213 5
1074 2183 1205 2218 Qualem
1234 2182 1309 2222 tibi]
1354 2182 1454 2212 Veris
1489 2179 1688 2212 amoenitate

986 2234 1161 2264 Ravennae
1198 2231 1266 2263 frui
1303 2242 1436 2273 posses,
1473 2231 1537 2262 nisi
1567 2230 1687 2261 Romae

985 2294 1075 2316 esses
1091 2283 1285 2325 impeditus.

1028 2338 1049 2365 6
1075 2334 1257 2366 Otum‘cata
1274 2333 1376 2374 quies]
1398 2334 1439 2365 In
1464 2333 1543 2364 villa
1559 2332 1687 2374 quippe

987 2385 1103 2416 tunica
1137 2384 1325 2416 utebantur
1355 2384 1511 2423 Romani,
1539 2384 1570 2414 in
1602 2383 1688 2414 urbe

988 2439 1081 2475 toga,
1098 2434 1189 2475 quod
1206 2440 1368 2475 patronos
1385 2435 1541 2466 colerent
1557 2433 1688 2474 togati:

988 2485 1089 2525 Epig.
1102 2487 1155 2516 47.
1171 2494 1298 2525 supra:
1333 2486 1343 2502 ‘
1359 2485 1416 2517 Lis
1440 2493 1624 2526 nunquam,
1639 2487 1690 2515 to-

989 2544 1032 2575 ga
1048 2543 1135 2572 rara,
1151 2544 1245 2565 mens
1262 2534 1400 2575 quieta!

1031 2588 1050 2615 7
1074 2585 1238 2616 Madentis
1264 2585 1380 2625 arenoe]
1430 2584 1539 2617 Maris
1566 2592 1691 2625 nempe

988 2634 1164 2667 fluctibns.

1031 2690 1051 2718 8
1082 2687 1212 2728 Anxur]
1256 2687 1346 2719 Vide
1386 2687 1444 2719 lib.
1467 2696 1500 2718 v.
1539 2686 1639 2728 Epig.
1660 2687 1691 2716 l.

990 2738 999 2754 ‘
1014 2735 1094 2768 Sive
1134 2736 1322 2770 salutiferis
1360 2737 1526 2770 candidus
1570 2735 1692 2769 Anxur

989 2786 1114 2830 aquis-⁹
