1893 3225
236 218 322 261 986

714 232 764 262 M.
796 231 906 262 VAL.
938 231 1212 262 MARTIALIS

242 325 338 366 Nec
360 326 479 367 timet
497 326 672 368 aedilem
691 332 812 368 moto
834 334 1040 382 spe-ctare
1062 329 1230 376 fritillo,

300 392 410 433 Cum
429 393 578 435 videat
598 395 769 449 gelidos
785 395 878 450 jam
900 410 1036 450 prope
1061 410 1194 437 verna
1215 397 1339 438 lacus
1359 410 1368 437 :

244 459 407 501 Divitis
428 462 633 512 alternas,
655 466 696 503 et
716 464 928 517 pauperis
951 465 1106 518 accipe
1128 469 1294 506 sortes:
1666 465 1694 505 5

301 528 494 570 Praemia
515 531 717 572 convivae
739 530 813 572 det
834 544 916 571 sua
936 533 1123 585 quisque
1145 545 1240 573 suo.

243 595 351 637 Sunt
372 598 533 650 apinae,
556 599 782 652 tricaeque,
804 605 847 640 et
868 600 906 639 si
928 599 1035 653 quid
1058 600 1190 640 vilius
1210 598 1325 640 istis.

301 663 416 714 Quis
435 667 611 708 nescit?
643 667 712 708 vel
734 669 834 721 quis
851 672 939 708 tam
961 668 1200 708 manifesta
1220 668 1378 720 negat?

243 731 332 773 Sed
348 732 452 786 quid
475 748 602 787 agam
623 736 773 790 potius
795 736 1004 785 madidis,
1028 736 1228 785 Saturne,
1250 735 1420 785 diebus,

302 800 431 851 Quos
455 802 533 843 tibi
555 817 634 857 pro
655 804 772 845 coelo
791 803 910 843 filius
932 804 1029 856 ipse
1051 803 1203 843 dedit?

1644 802 1697 842 10

245 866 329 909 Vis
350 870 541 911 scribam
562 871 756 920 Thebas,
776 870 1059 924 Trojamque,
1087 870 1318 923 malasque
1341 868 1582 922 Mycenas?

302 936 441 986 Lude,
462 937 624 992 inquiS,
646 938 832 979 nucibus
851 951 860 978 z
890 937 1071 992 perdere
1091 937 1194 978 nolo
1211 950 1365 978 nuces.

245 1002 346 1053 Quo
369 1004 435 1044 vis
457 1018 643 1059 cumque
663 1005 779 1055 loco,
802 1009 931 1059 potes
952 1005 1065 1045 hunc
1089 1003 1209 1045 finire
1232 1004 1452 1045 libellum:

303 1076 520 1119 Versibus
543 1078 807 1132 explicitum
830 1084 900 1119 est
918 1091 1045 1119 omne
1067 1078 1244 1119 duobus
1266 1091 1395 1132 opus.

244 1200 347 1236 gestat
367 1198 492 1238 pileum,
516 1209 569 1229 nec
593 1209 686 1230 cerna
709 1200 819 1230 metuit
843 1200 979 1240 aspicere
1004 1201 1125 1231 oedilem
1144 1200 1265 1239 agitato
1280 1201 1413 1239 fritillo,
1436 1210 1502 1230 cum
1517 1198 1585 1236 jam
1611 1208 1703 1238 prope

245 1244 360 1280 spectet
378 1241 520 1280 frigidos
547 1243 651 1273 lacus:
674 1243 758 1273 disce
774 1247 874 1274 sortes
895 1244 1032 1273 alternas
1053 1243 1212 1283 locupletis
1234 1247 1326 1282 atque
1352 1244 1467 1282 egeni:
1490 1242 1617 1281 quisque
1642 1242 1704 1272 lm·-

245 1284 356 1322 giatur
379 1294 431 1314 suo
446 1285 583 1315 concitae
608 1295 666 1315 sua
691 1295 828 1317 munera.
874 1286 955 1316 Sunt
981 1295 1084 1325 nzzgoe,
1106 1290 1136 1316 et
1164 1287 1301 1325 ineptire,
1325 1289 1354 1317 et
1370 1287 1398 1316 si
1422 1286 1496 1325 quid
1514 1286 1605 1315 vilius
1620 1284 1704 1314 istis.

250 1326 330 1361 Quis
343 1327 484 1366 ignorat,
506 1329 552 1358 rel
567 1329 633 1368 quis
648 1328 806 1370 inficiatur
822 1339 886 1359 rem
902 1331 966 1359 tam
983 1329 1152 1359 evidentem
1166 1327 1180 1360 ἶ)
1225 1330 1283 1368 At,
1308 1338 1326 1359 ο
1344 1328 1491 1366 Saturne,
1508 1328 1580 1368 quid
1598 1328 1706 1357 melius

240 1370 360 1407 faciam
378 1371 554 1401 temulentis
569 1371 687 1411 diebus,
710 1382 784 1412 quos
802 1372 858 1402 tibi
880 1371 1127 1411 concessitfilius
1142 1373 1206 1411 ipse
1217 1381 1273 1411 pro
1287 1371 1380 1403 coelol
1410 1372 1558 1402 Placetne
1575 1370 1706 1401 scribam

248 1422 336 1443 casus
354 1412 538 1453 Thebarum,
561 1418 591 1444 et
611 1415 722 1452 Trojoe,
744 1418 773 1444 et
788 1414 995 1454 improbarum
1012 1412 1241 1455 Mycenarum?
1285 1414 1371 1445 Lude
1386 1414 1526 1453 nucibus,
1548 1414 1615 1443 ais:
1639 1413 1707 1443 nolo

246 1455 389 1486 amittere
406 1466 506 1487 nuces.
555 1457 750 1496 Quocumque
765 1459 827 1487 loco
839 1460 925 1497 potes
940 1456 1092 1488 absoluere
1108 1457 1187 1488 hunc
1200 1457 1325 1496 librum,
1348 1466 1436 1488 omne
1459 1457 1513 1488 hoc
1529 1466 1603 1497 opus
1619 1456 1706 1486 abso-

249 1499 346 1529 lutum
363 1503 409 1530 cs!
427 1499 542 1530 duobus
554 1499 755 1530 carminibus.

865 1561 1101 1573 eeeeeeeeeee

250 1615 330 1646 Vid.
346 1616 426 1648 Var.
450 1617 599 1648 Not.-4
626 1618 700 1648 Tam
716 1618 785 1648 ΜΞ.
802 1618 939 1649 Beverl.
957 1618 1036 1650 edd.
1061 1618 1209 1650 Faruab.
1228 1619 1402 1650 Schrevel.
1426 1618 1541 1649 Maitt.
1561 1616 1709 1648 Barla.-

250 1662 288 1690 13
315 1659 600 1701 Quiscumquefoco
612 1664 702 1702 putet
715 1661 782 1693 Ms.
804 1662 940 1693 Beverl.

905 1749 1044 1781 NOTAE

251 1809 347 1847 licet,
372 1810 491 1851 quibus
520 1817 601 1843 tune
626 1811 821 1843 serviebant
850 1813 954 1844 Sena-

252 1865 356 1899 tores,
371 1867 405 1892 et
423 1862 479 1892 alii
495 1862 634 1894 domini.

293 1913 313 1942 2
338 1912 484 1952 Dumque
498 1914 604 1944 decent
621 1915 772 1955 nostrum]
796 1913 872 1945 Hoc
889 1919 954 1953 est,

252 1962 498 2002 Domitianum,
534 1974 634 2004 quern
669 1964 794 2005 saepius
832 1964 954 1996 ,Iovem

252 2016 451 2056 appellavit.
499 2017 585 2048 Vide
602 2017 660 2049 lib.
679 2026 767 2049 xm.
795 2017 897 2058 Epig.
923 2020 953 2048 4.

252 2067 489 2098 Saturnalibus
505 2077 585 2099 vero
603 2068 722 2109 pileati
746 2068 955 2100 incedebant

254 2117 421 2155 Romani3
445 2117 505 2149 lib.
533 2128 586 2150 XI.
625 2119 727 2160 Epig.
766 2122 797 2150 6.

255 2167 377 2206 mittis,
393 2174 489 2208 puto,
501 2169 628 2209 pileata
642 2169 777 2200 Roma!

298 2223 317 2251 3
343 2220 411 2251 Nec
441 2220 530 2252 timet
558 2222 694 2262 aedilem]
720 2221 808 2253 Vide
836 2221 893 2253 lib.
924 2231 957 2253 v.

253 2272 355 2313 Epig.
373 2274 426 2303 84.
472 2273 667 2304 Praetei'itis
684 2273 771 2304 enim
796 2273 959 2304 Saturna-

255 2324 340 2355 libus
356 2323 397 2354 ab
427 2323 583 2354 aedilibus
598 2323 854 2364 castigabantur
869 2323 958 2354 alea-

256 2379 357 2405 tores.
403 2374 457 2404 De
493 2372 613 2405 fritillo
646 2374 774 2405 dictum
812 2373 870 2405 lib.
908 2383 957 2405 lv.

256 2424 356 2465 Epig.
373 2427 424 2455 14.

300 2478 320 2506 4
346 2475 423 2505 Cum
439 2475 542 2505 videat
555 2474 692 2515 gelidos]
713 2475 787 2506 Hoc
803 2480 867 2514 est,
883 2485 958 2507 cum

258 2524 386 2556 sentiat
403 2524 522 2555 adesse
546 2524 661 2566 frigus,
678 2535 742 2566 quo
760 2526 853 2556 lacus
880 2525 958 2565 gelu

257 2575 550 2614 constringuntur.

303 2629 321 2656 5
348 2625 473 2656 Dicitis
501 2624 655 2665 alternas]
696 2625 797 2656 Hunc
829 2635 960 2656 versum

843 2120 852 2135 ‘
869 2118 953 2149 Per-

262 2676 310 2707 sic
327 2676 478 2716 explicat
488 2675 663 2707 Turnebus
675 2675 733 2706 lib.
750 2685 801 2707 lx.
817 2685 893 2716 cap.
907 2678 959 2707 23.

262 2726 362 2760 Quod
381 2736 504 2768 nempe
529 2726 560 2758 in
574 2725 636 2757 hoc
654 2725 740 2757 libro
758 2727 859 2758 missa
880 2736 959 2768 pau-

1010 1823 1130 1854 perum
1157 1818 1192 1844 et
1222 1812 1363 1843 divitum
1390 1821 1530 1843 munera
1562 1810 1710 1842 vicissim

1009 1865 1261 1903 contineantur,
1288 1863 1377 1905 quod
1405 1863 1431 1893 si
1456 1862 1638 1901 interdum,
1665 1862 1712 1892 in-

1010 1916 1096 1956 quit,
1114 1915 1212 1955 plura
1228 1915 1388 1945 lemmata
1403 1914 1500 1945 unius
1518 1913 1617 1944 sortis
1634 1922 1711 1944 con-

1010 1966 1205 1996 tinuentur:
1224 1965 1452 2005 subjiciuntur
1470 1969 1584 1995 tamen
1601 1963 1712 1993 diver-

1011 2027 1059 2057 sa,
1089 2017 1368 2057 alternanturque
1396 2015 1538 2046 divitum
1569 2020 1604 2046 et
1632 2023 1714 2054 pau-

1009 2078 1127 2110 perum
1144 2073 1265 2099 sortes.

1054 2121 1072 2149 7
1097 2118 1176 2149 Sunt
1189 2116 1304 2159 apinae]
1326 2117 1382 2149 Sic
1396 2116 1581 2158 respondet
1594 2116 1716 2147 lector.

1011 2170 1068 2201 De
1083 2169 1190 2209 apiuis
1208 2178 1287 2199 vero
1306 2168 1365 2200 lib.
1382 2177 1405 2199 1.
1422 2168 1522 2208 Epig.
1541 2169 1615 2198 114.

1056 2222 1075 2250 8
1102 2219 1181 2255 Quis
1201 2218 1313 2258 nescit]
1336 2218 1413 2249 Hoc
1438 2217 1558 2249 lectori
1575 2216 1717 2257 subjicit

1015 2269 1135 2302 Po'e‘ta.

1058 2323 1096 2350 10
1121 2320 1184 2350 Pro
1202 2318 1288 2359 coelo]
1310 2320 1338 2350 E
1355 2318 1439 2349 coelo
1460 2328 1582 2358 nempe
1599 2318 1714 2349 Satur-

1013 2381 1074 2401 nus
1101 2380 1120 2400 a
1147 2369 1236 2401 Jove
1261 2368 1331 2400 filio
1357 2369 1489 2409 ejectus
1507 2368 1584 2400 fuit.
1631 2369 1716 2401 Haec

1013 2421 1130 2452 fabula
1145 2421 1226 2451 satis
1242 2426 1334 2452 nota.

1058 2474 1095 2502 11
1126 2472 1180 2503 Vis
1190 2471 1321 2503 scribam
1335 2472 1465 2513 Thebas]
1483 2473 1615 2503 Bellum
1629 2472 1716 2504 The-

1012 2523 1148 2561 banum,
1173 2523 1366 2562 Trojanum,
1384 2529 1442 2553 aut
1464 2529 1596 2564 raptam
1613 2524 1718 2554 Hele·

1013 2584 1102 2614 nam,
1132 2573 1454 2615 expeditionemque
1493 2575 1718 2615 Agamemno-

1016 2624 1080 2663 nis,
1110 2624 1165 2665 qui
1195 2634 1253 2655 rex
1281 2625 1503 2665 Mycenarum
1529 2624 1613 2664 fuit3
1637 2635 1718 2666 quas

1017 2680 1116 2706 vocat
1142 2675 1246 2705 malas
1276 2680 1418 2715 propter
1452 2676 1583 2706 scelera
1609 2675 1676 2706 illic
1700 2685 1720 2705 a

1019 2726 1194 2767 Pelopidis
1208 2726 1398 2758 commissa.
