1893 3225
578 223 976 253 El’lGRAMMATUM
1018 223 1105 252 [ΑΒ.
1142 223 1189 251 X.
1524 212 1605 252 781.

270 319 472 361 Macrum
495 320 656 372 pagina
677 322 830 360 nostra
850 318 1111 358 nominabit.

270 388 346 429 Sic
368 388 477 428 inter
497 392 664 428 veteres
684 388 800 440 legar
822 385 978 440 poetas
995 399 1005 437 ;

270 456 368 497 Nec
390 456 553 496 multos
574 455 679 495 mihi
697 454 908 508 praeferas
934 454 1117 507 priores,
1551 454 1606 493 15

268 523 370 564 Uno
392 523 470 564 sed
492 523 573 564 tibi
594 523 678 564 sim
698 523 838 564 minor
859 521 1050 563 Catullo.

153 633 315 673 scribetur,
337 633 504 664 nominabit
517 633 671 664 i'lIacrum.
714 632 769 664 Sic
785 633 871 672 legar
886 633 968 663 inter
982 632 1126 672 antiquos
1139 631 1259 671 potstas,
1281 641 1336 662 nec
1351 631 1427 662 mihi
1440 635 1607 671 ‹mleponas

154 677 264 707 multos
280 680 408 715 veteres,
430 678 482 707 sed
498 687 543 708 me
559 676 719 708 existimes
732 676 909 714 inferiorem
925 676 989 706 solo
1004 675 1134 706 Catullo.

812 756 953 788 NOTAE

197 825 238 853 16
261 821 371 852 Minor
381 821 520 862 Catullo]
534 822 622 853 Vide
638 821 694 853 lib.
711 830 744 853 v.
763 821 862 863 Epig.
886 825 916 853 5.
933 825 969 852 et
984 819 1044 851 lib.
1065 829 1104 851 11.
1131 819 1230 861 Epig.
1254 823 1307 850 71.

762 956 1006 998 LXXIX.

517 1047 579 1076 DE
603 1047 872 1085 TORQUATO
908 1049 967 1077 ET
1001 1047 1253 1077 OTACILIO.

153 1111 231 1153 AD
252 1112 448 1165 lapidem
468 1113 717 1166 Torquatus
738 1114 875 1155 habet
894 1115 1107 1169 praetoria
1129 1117 1329 1168 quartum
1352 1128 1361 1154 ε

210 1178 283 1220 Ad
305 1186 512 1234 quartum
533 1182 663 1221 breve
684 1194 756 1222 rus
779 1183 883 1223 emit
908 1182 1147 1223 Otacilius.

153 1246 411 1301 Torquatus
427 1248 588 1289 nitidas
609 1250 732 1291 vario
754 1250 808 1291 de
827 1263 1041 1291 marmore
1065 1251 1255 1291 thermas

209 1316 466 1358 Exstruxit:
499 1331 731 1358 cucumam
751 1318 854 1359 fecit
875 1317 1111 1359 Otacilius.

152 1385 394 1438 Disposuit
410 1385 662 1438 Daphnona
683 1398 764 1426 suo
787 1385 1044 1438 Torquatus
1065 1386 1109 1425 in
1132 1397 1237 1438 agro
1255 1398 1264 1424 :
1582 1394 1610 1423 o

211 1451 460 1493 Castaneas
481 1457 655 1493 centum
678 1453 790 1494 sevit
811 1452 1048 1494 Otacilius.

153 1520 348 1562 Consule
370 1520 601 1574 Torquato
623 1521 712 1561 vici
733 1521 815 1561 fuit
836 1520 912 1560 ille
930 1520 1165 1572 magister3

215 1587 310 1628 Nec
331 1587 473 1628 minor
493 1588 674 1629 intanto
697 1587 822 1628 visus
844 1587 1007 1627 honore
1031 1587 1132 1626 sibi.

154 1655 344 1698 Grandis
366 1658 414 1695 ut
434 1655 640 1708 exiguam
661 1656 745 1696 bos
766 1668 917 1696 ranam
944 1658 1125 1707 ruperat
1147 1653 1266 1702 olim,

210 1723 285 1764 Sic
306 1728 417 1776 puto
438 1722 689 1776 Torquatus
709 1727 880 1777 rumpet
900 1722 1155 1763 Otacilium.
1477 1740 1480 1743 ·
1552 1719 1607 1760 10

200 1811 372 1851 Torquatus
392 1809 485 1841 habet
515 1810 666 1850 proetoria
701 1811 741 1841 ad
767 1812 918 1851 'quartum
948 1811 1147 1841 milliarium.-
1175 1810 1329 1840 Otacilius
1351 1808 1423 1839 emit
1447 1807 1536 1839 breve
1560 1817 1613 1838 rus

153 1856 192 1885 ad
217 1859 360 1894 quartum
390 1862 535 1894 quoque.
585 1854 760 1892 Torquatus
789 1854 955 1894 (edificavit
983 1854 1119 1884 thermas
1133 1852 1297 1891 fulgentes
1323 1852 1412 1882 tario
1435 1860 1609 1881 marmore.-

155 1896 395 1934 Otaciliussecit
412 1905 580 1926 cucumam.
630 1896 804 1936 Torquatus
819 1897 970 1937 disposuit
987 1897 1140 1926 lauretum
1155 1896 1188 1926 in
1203 1905 1258 1926 suo
1274 1905 1371 1935 agro.-
1398 1894 1552 1924 Otacilius
1566 1903 1611 1923 se-

151 1943 197 1971 vit
210 1944 330 1971 centum
346 1943 514 1970 castaneas.
565 1938 678 1969 Consul
696 1939 891 1979 Torquatus;
908 1940 959 1970 ille
967 1939 1036 1976 suit
1053 1939 1204 1977 magister
1219 1939 1293 1977 tici,
1307 1948 1361 1969 nec
1372 1947 1403 1968 se
1419 1936 1609 1967 existimarit

151 1983 245 2021 inse1'
236 1992 329 2013 iorem
345 1983 378 2012 in
393 1985 483 2012 tanta
498 1981 668 2019 ‹lig-nitate.
719 1982 783 2012 Ut'
773 1992 882 2022 ingens
895 1981 947 2013 bos
963 1982 1115 2022 quondam
1130 1985 1257 2021 ruperat
1270 1990 1399 2021 parvam
1417 1989 1537 2017 ranam,
1552 1980 1594 2008 sic

152 2028 252 2064 credo,
272 2025 443 2065 Torquatus
460 2027 580 2081 rurnpet
599 2025 782 2056 Otacilium.

764 2087 1001 2098 οΝΝονοΙΝο

197 2134 216 2162 4
243 2132 400 2171 Capanam
426 2129 635 2161 Beveilaudi
664 2130 731 2161 MS.
763 2129 819 2169 qui
844 2129 944 2160 etiam
970 2129 1083 2170 legere
1107 2129 1210 2170 jubet
1242 2138 1394 2159 cumeram
1410 2126 1583 2157 struxit
1547 2130 1608 2155 -7

159 2175 287 2204 Consule
305 2175 458 2213 Torquato
475 2179 526 2204 est
550 2174 630 2203 lect.
658 2172 802 2204 Gruteri
828 2181 869 2202 ex
902 2172 1013 2204 Palat.
1044 2173 1144 2213 vulgo
1164 2173 1279 2202 Consul
1309 2172 1494 2210 Torquatus
1523 2169 1610 2199 L'snu

156 2216 362 2249 Beverlandi
378 2217 445 2248 Ms-
461 2226 523 2257 pro
538 2216 610 2247 vici.
613 2218 675 2246 —9
705 2215 774 2246 Vox
792 2215 944 2246 Puiman.

817 2257 954 2288 NOTAE

199 2328 214 2356 1
240 2324 414 2365 Praetoria]
436 2323 514 2354 Hoc
534 2327 598 2362 est,
616 2322 714 2353 villas
727 2321 853 2362 magni·
950 2325 968 2352 5
997 2321 1188 2362 Daphnona]
1212 2321 1290 2352 Vox
1317 2320 1452 2358 Graeca,
1489 2319 1609 2350 Latine

153 2375 245 2406 ficas.
299 2374 479 2405 Suetonius
496 2373 528 2404 in
541 2372 696 2412 Augusto
713 2374 850 2412 cap.72.
909 2373 1089 2405 lauretum.

153 2427 162 2442 ‘
178 2425 270 2456 Alias
308 2424 505 2464 praetorium
534 2421 706 2462 significat
728 2421 854 2452 ducum
951 2426 969 2454 7
1000 2423 1068 2454 Vici
1087 2423 1156 2460 fuit
1179 2421 1245 2462 ille]
1267 2420 1344 2453 Vici
1371 2420 1489 2451 Romae
1513 2424 1610 2450 erant

156 2480 191 2506 et
222 2475 472 2514 Imperatorum
500 2473 534 2504 in
559 2472 681 2504 castris
698 2471 854 2503 taberna·
909 2476 984 2504 424.
1002 2479 1040 2505 ut
1058 2473 1164 2504 refert
1182 2471 1401 2504 casaubonus
1428 2471 1462 2501 in
1480 2470 1612 2510 Augus-

156 2526 295 2559 culum!
910 2529 957 2563 to,
971 2525 1089 2566 quibus
1108 2527 1280 2565 praeerant
1296 2521 1541 2562 vicomagistri,
1555 2521 1611 2561 qui

201 2580 219 2608 3
249 2576 344 2608 Vario
358 2576 394 2606 cle
418 2584 571 2605 marmore
602 2574 752 2615 thermas]
776 2574 854 2605 Lib.
910 2576 1013 2606 etiam
1032 2574 1180 2606 vicocuri
1197 2573 1280 2604 dicti
1297 2577 1387 2603 sunt.
1409 2572 1551 2602 Sueton.
1577 2571 1611 2601 in

160 2637 210 2659 vr.
233 2626 331 2667 Epig.
344 2627 398 2656 42.
912 2625 1000 2665 Aug.
1015 2636 1044 2655 c.
1060 2628 1112 2657 30.
1126 2630 1162 2655 et
1177 2623 1256 2655 Tib.
1274 2633 1304 2654 c.
1323 2625 1376 2653 76.

197 2680 217 2708 4
254 2674 436 2714 Cucumam]
471 2675 547 2705 Hoc
577 2679 642 2713 est,
672 2684 728 2705 vas
761 2685 858 2716 aquae
954 2678 973 2706 8
999 2676 1066 2706 Nec
1081 2675 1194 2715 minor]
1226 2674 1295 2705 Per
1327 2672 1515 2703 irrisionem
1547 2670 1610 2700 hoc

153 2726 393 2760 calefacientlae
406 2730 536 2766 aptum,
548 2724 680 2756 Gallice
691 2735 862 2766 coquemur,
912 2726 996 2757 dicit
1010 2725 1130 2756 Po'e'ta.

158 2783 194 2809 et
211 2776 420 2809 sumiturhic
444 2784 505 2816 pro
519 2774 687 2805 balneolo.
955 2778 996 2816 97‘
1014 2774 1154 2805 Grandis
1180 2776 1213 2804 ut
1239 2771 1402 2812 exiguam]
1448 2769 1610 2801 Fabulam
