<?xml version="1.0" encoding="UTF-8"?>
<!DOCTYPE html PUBLIC "-//W3C//DTD XHTML 1.0 Transitional//EN"
    "http://www.w3.org/TR/xhtml1/DTD/xhtml1-transitional.dtd">
<html xmlns="http://www.w3.org/1999/xhtml" xml:lang="en" lang="en">
 <head>
  <title>
</title>
<meta http-equiv="Content-Type" content="text/html;charset=utf-8" />
  <meta name='ocr-system' content='tesseract 3.04.00' />
  <meta name='ocr-capabilities' content='ocr_page ocr_carea ocr_par ocr_line ocrx_word'/>
</head>
<body>
  <div class='ocr_page' id='page_1' title='image "./epigrammataexedi02martuoft_0269.png"; bbox 0 0 1893 3225; ppageno 0'>
   <div class='ocr_carea' id='block_1_1' title="bbox 3 1306 17 2343">
    <p class='ocr_par' dir='ltr' id='par_1_1' title="bbox 3 1306 17 2343">
     <span class='ocr_line' id='line_1_1' title="bbox 3 1306 17 2343; baseline 0 0"><span class='ocrx_word' id='word_1_1' title='bbox 3 1306 17 2343; x_wconf 95' lang='lat' dir='ltr'> </span> 
     </span>
    </p>
   </div>
   <div class='ocr_carea' id='block_1_2' title="bbox 603 244 1627 290">
    <p class='ocr_par' dir='ltr' id='par_1_2' title="bbox 603 244 1627 290">
     <span class='ocr_line' id='line_1_2' title="bbox 603 244 1627 290; baseline -0.006 0"><span class='ocrx_word' id='word_1_2' title='bbox 603 256 1009 290; x_wconf 75' lang='lat' dir='ltr'><strong>EPIGRAMMATUM</strong></span> <span class='ocrx_word' id='word_1_3' title='bbox 1049 256 1142 285; x_wconf 69' lang='grc' dir='ltr'>[ΑΒ.</span> <span class='ocrx_word' id='word_1_4' title='bbox 1175 255 1226 285; x_wconf 86' lang='lat' dir='ltr'>x.</span> <span class='ocrx_word' id='word_1_5' title='bbox 1543 244 1627 285; x_wconf 84' lang='lat'>757</span> 
     </span>
    </p>
   </div>
   <div class='ocr_carea' id='block_1_3' title="bbox 173 350 1638 1013">
    <p class='ocr_par' dir='ltr' id='par_1_3' title="bbox 173 350 1427 474">
     <span class='ocr_line' id='line_1_3' title="bbox 173 350 1427 411; baseline -0.007 -12"><span class='ocrx_word' id='word_1_6' title='bbox 173 358 417 411; x_wconf 81' lang='lat' dir='ltr'>Temperat</span> <span class='ocrx_word' id='word_1_7' title='bbox 436 358 531 398; x_wconf 87' lang='lat' dir='ltr'>haec</span> <span class='ocrx_word' id='word_1_8' title='bbox 554 356 763 402; x_wconf 85' lang='lat' dir='ltr'>thermas,</span> <span class='ocrx_word' id='word_1_9' title='bbox 785 351 947 392; x_wconf 90' lang='lat' dir='ltr'>nimios</span> <span class='ocrx_word' id='word_1_10' title='bbox 968 351 1087 405; x_wconf 87' lang='lat' dir='ltr'>prior</span> <span class='ocrx_word' id='word_1_11' title='bbox 1106 350 1216 392; x_wconf 89' lang='lat' dir='ltr'>hora</span> <span class='ocrx_word' id='word_1_12' title='bbox 1236 362 1427 405; x_wconf 85' lang='lat' dir='ltr'>vapores</span> 
     </span>
     <span class='ocr_line' id='line_1_4' title="bbox 235 418 1218 474; baseline -0.006 -10"><span class='ocrx_word' id='word_1_13' title='bbox 235 425 394 474; x_wconf 89' lang='lat' dir='ltr'>Halat,</span> <span class='ocrx_word' id='word_1_14' title='bbox 417 430 463 465; x_wconf 91' lang='lat' dir='ltr'>et</span> <span class='ocrx_word' id='word_1_15' title='bbox 482 422 718 465; x_wconf 90' lang='lat' dir='ltr'>immodico</span> <span class='ocrx_word' id='word_1_16' title='bbox 739 423 868 461; x_wconf 83' lang='lat' dir='ltr'>sexta</span> <span class='ocrx_word' id='word_1_17' title='bbox 888 419 1067 460; x_wconf 83' lang='lat' dir='ltr'>Nerone</span> <span class='ocrx_word' id='word_1_18' title='bbox 1087 418 1218 459; x_wconf 88' lang='lat' dir='ltr'>calet.</span> 
     </span>
    </p>

    <p class='ocr_par' dir='ltr' id='par_1_4' title="bbox 179 484 1380 611">
     <span class='ocr_line' id='line_1_5' title="bbox 179 484 1313 544; baseline -0.007 -12"><span class='ocrx_word' id='word_1_19' title='bbox 179 489 333 541; x_wconf 85' lang='lat' dir='ltr'>Stella,</span> <span class='ocrx_word' id='word_1_20' title='bbox 353 491 523 544; x_wconf 88' lang='lat' dir='ltr'>Nepos,</span> <span class='ocrx_word' id='word_1_21' title='bbox 543 489 670 538; x_wconf 89' lang='lat' dir='ltr'>Cani,</span> <span class='ocrx_word' id='word_1_22' title='bbox 689 487 905 536; x_wconf 89' lang='lat' dir='ltr'>Cerealis,</span> <span class='ocrx_word' id='word_1_23' title='bbox 928 486 1106 536; x_wconf 90' lang='lat' dir='ltr'>Flacce,</span> <span class='ocrx_word' id='word_1_24' title='bbox 1124 484 1313 526; x_wconf 72' lang='lat' dir='ltr'>venitis?</span> 
     </span>
     <span class='ocr_line' id='line_1_6' title="bbox 237 552 1380 611; baseline -0.005 -14"><span class='ocrx_word' id='word_1_25' title='bbox 237 557 417 611; x_wconf 87' lang='lat' dir='ltr'>Septem</span> <span class='ocrx_word' id='word_1_26' title='bbox 438 559 581 609; x_wconf 85' lang='lat' dir='ltr'>sigma</span> <span class='ocrx_word' id='word_1_27' title='bbox 602 556 737 609; x_wconf 87' lang='lat' dir='ltr'>capit,</span> <span class='ocrx_word' id='word_1_28' title='bbox 760 568 845 596; x_wconf 84' lang='lat' dir='ltr'>sex</span> <span class='ocrx_word' id='word_1_29' title='bbox 866 567 1032 604; x_wconf 88' lang='lat' dir='ltr'>sumus,</span> <span class='ocrx_word' id='word_1_30' title='bbox 1050 553 1164 594; x_wconf 88' lang='lat' dir='ltr'>adde</span> <span class='ocrx_word' id='word_1_31' title='bbox 1189 552 1380 606; x_wconf 90' lang='lat' dir='ltr'>Lupum.</span> 
     </span>
    </p>

    <p class='ocr_par' dir='ltr' id='par_1_5' title="bbox 178 622 1276 745">
     <span class='ocr_line' id='line_1_7' title="bbox 178 622 1211 666; baseline -0.006 0"><span class='ocrx_word' id='word_1_32' title='bbox 178 624 508 666; x_wconf 82' lang='lat' dir='ltr'>Exoneraturas</span> <span class='ocrx_word' id='word_1_33' title='bbox 525 629 718 666; x_wconf 87' lang='lat' dir='ltr'>ventrem</span> <span class='ocrx_word' id='word_1_34' title='bbox 739 622 845 663; x_wconf 91' lang='lat' dir='ltr'>mihi</span> <span class='ocrx_word' id='word_1_35' title='bbox 864 622 1022 664; x_wconf 88' lang='lat' dir='ltr'>villica</span> <span class='ocrx_word' id='word_1_36' title='bbox 1041 622 1211 662; x_wconf 86' lang='lat' dir='ltr'>malvas</span> 
     </span>
     <span class='ocr_line' id='line_1_8' title="bbox 237 690 1276 745; baseline -0.004 -13"><span class='ocrx_word' id='word_1_37' title='bbox 237 691 416 742; x_wconf 79' lang='lat' dir='ltr'>Attulit,</span> <span class='ocrx_word' id='word_1_38' title='bbox 438 698 483 733; x_wconf 90' lang='lat' dir='ltr'>et</span> <span class='ocrx_word' id='word_1_39' title='bbox 502 693 666 742; x_wconf 87' lang='lat' dir='ltr'>varias,</span> <span class='ocrx_word' id='word_1_40' title='bbox 683 703 794 745; x_wconf 88' lang='lat' dir='ltr'>quas</span> <span class='ocrx_word' id='word_1_41' title='bbox 814 690 950 731; x_wconf 86' lang='lat' dir='ltr'>habet</span> <span class='ocrx_word' id='word_1_42' title='bbox 964 690 1133 739; x_wconf 88' lang='lat' dir='ltr'>hortus,</span> <span class='ocrx_word' id='word_1_43' title='bbox 1153 700 1276 742; x_wconf 89' lang='lat' dir='ltr'>opes.</span> 
     </span>
    </p>

    <p class='ocr_par' dir='ltr' id='par_1_6' title="bbox 181 758 1638 874">
     <span class='ocr_line' id='line_1_9' title="bbox 181 758 1358 813; baseline -0.005 -13"><span class='ocrx_word' id='word_1_44' title='bbox 181 758 235 799; x_wconf 91' lang='lat' dir='ltr'>In</span> <span class='ocrx_word' id='word_1_45' title='bbox 257 760 418 813; x_wconf 88' lang='lat' dir='ltr'>quibus</span> <span class='ocrx_word' id='word_1_46' title='bbox 436 763 502 800; x_wconf 87' lang='lat' dir='ltr'>est</span> <span class='ocrx_word' id='word_1_47' title='bbox 520 761 698 800; x_wconf 86' lang='lat' dir='ltr'>lactuca</span> <span class='ocrx_word' id='word_1_48' title='bbox 719 758 897 808; x_wconf 82' lang='lat' dir='ltr'>sedens,</span> <span class='ocrx_word' id='word_1_49' title='bbox 918 762 962 798; x_wconf 78' lang='lat' dir='ltr'>et</span> <span class='ocrx_word' id='word_1_50' title='bbox 983 758 1134 798; x_wconf 86' lang='lat' dir='ltr'>sectile</span> <span class='ocrx_word' id='word_1_51' title='bbox 1156 767 1358 810; x_wconf 85' lang='lat' dir='ltr'>porrum:</span> 
     </span>
     <span class='ocr_line' id='line_1_10' title="bbox 238 817 1638 874; baseline -0.006 -9"><span class='ocrx_word' id='word_1_52' title='bbox 238 824 338 866; x_wconf 91' lang='lat' dir='ltr'>Nec</span> <span class='ocrx_word' id='word_1_53' title='bbox 360 825 479 866; x_wconf 87' lang='lat' dir='ltr'>deest</span> <span class='ocrx_word' id='word_1_54' title='bbox 498 826 707 867; x_wconf 83' lang='lat' dir='ltr'>ructatrix</span> <span class='ocrx_word' id='word_1_55' title='bbox 729 825 920 874; x_wconf 82' lang='lat' dir='ltr'>mentha,</span> <span class='ocrx_word' id='word_1_56' title='bbox 936 837 1014 865; x_wconf 87' lang='lat' dir='ltr'>nec</span> <span class='ocrx_word' id='word_1_57' title='bbox 1030 824 1167 864; x_wconf 86' lang='lat' dir='ltr'>herba</span> <span class='ocrx_word' id='word_1_58' title='bbox 1181 822 1324 863; x_wconf 87' lang='lat' dir='ltr'>salax.</span> <span class='ocrx_word' id='word_1_59' title='bbox 1582 817 1638 857; x_wconf 90' lang='grc'>10</span> 
     </span>
    </p>

    <p class='ocr_par' dir='ltr' id='par_1_7' title="bbox 184 891 1138 940">
     <span class='ocr_line' id='line_1_11' title="bbox 184 891 1138 940; baseline -0.002 -8"><span class='ocrx_word' id='word_1_60' title='bbox 184 891 317 933; x_wconf 87' lang='lat' dir='ltr'>Secta</span> <span class='ocrx_word' id='word_1_61' title='bbox 337 893 609 933; x_wconf 86' lang='lat' dir='ltr'>coronabunt</span> <span class='ocrx_word' id='word_1_62' title='bbox 627 896 797 934; x_wconf 90' lang='lat' dir='ltr'>rutatos</span> <span class='ocrx_word' id='word_1_63' title='bbox 819 905 905 933; x_wconf 88' lang='lat' dir='ltr'>ova</span> <span class='ocrx_word' id='word_1_64' title='bbox 926 891 1138 940; x_wconf 88' lang='lat' dir='ltr'>lacertos,</span> 
     </span>
    </p>

    <p class='ocr_par' dir='ltr' id='par_1_8' title="bbox 204 955 1208 1013">
     <span class='ocr_line' id='line_1_12' title="bbox 204 955 1208 1013; baseline -0.003 -14"><span class='ocrx_word' id='word_1_65' title='bbox 204 987 207 992; x_wconf 80' lang='lat'><em>,</em></span> <span class='ocrx_word' id='word_1_66' title='bbox 244 957 302 999; x_wconf 89' lang='lat' dir='ltr'>Et</span> <span class='ocrx_word' id='word_1_67' title='bbox 320 958 546 999; x_wconf 86' lang='lat' dir='ltr'>madidum</span> <span class='ocrx_word' id='word_1_68' title='bbox 567 959 719 1013; x_wconf 88' lang='lat' dir='ltr'>thynni</span> <span class='ocrx_word' id='word_1_69' title='bbox 740 959 794 1000; x_wconf 92' lang='lat' dir='ltr'>de</span> <span class='ocrx_word' id='word_1_70' title='bbox 817 959 913 999; x_wconf 90' lang='lat' dir='ltr'>sale</span> <span class='ocrx_word' id='word_1_71' title='bbox 936 970 1092 1001; x_wconf 86' lang='lat' dir='ltr'>sumen</span> <span class='ocrx_word' id='word_1_72' title='bbox 1113 955 1208 997; x_wconf 90' lang='lat' dir='ltr'>erit.</span> 
     </span>
    </p>
   </div>
   <div class='ocr_carea' id='block_1_4' title="bbox 1600 483 1628 522">
    <p class='ocr_par' dir='ltr' id='par_1_9' title="bbox 1600 483 1628 522">
     <span class='ocr_line' id='line_1_13' title="bbox 1600 483 1628 522; textangle 90"><span class='ocrx_word' id='word_1_73' title='bbox 1600 483 1628 522; x_wconf 62' lang='grc' dir='ltr'>ιἾ</span> 
     </span>
    </p>
   </div>
   <div class='ocr_carea' id='block_1_5' title="bbox 184 1062 1650 1320">
    <p class='ocr_par' dir='ltr' id='par_1_10' title="bbox 184 1062 1650 1320">
     <span class='ocr_line' id='line_1_14' title="bbox 185 1062 1643 1114; baseline -0.005 -18"><span class='ocrx_word' id='word_1_74' title='bbox 185 1066 284 1114; x_wconf 76' lang='lat' dir='ltr'>adest.</span> <span class='ocrx_word' id='word_1_75' title='bbox 329 1066 412 1097; x_wconf 88' lang='lat' dir='ltr'>Haec</span> <span class='ocrx_word' id='word_1_76' title='bbox 424 1069 576 1105; x_wconf 81' lang='lat' dir='ltr'>temperat</span> <span class='ocrx_word' id='word_1_77' title='bbox 592 1068 740 1107; x_wconf 84' lang='lat' dir='ltr'>thermas,</span> <span class='ocrx_word' id='word_1_78' title='bbox 756 1067 831 1098; x_wconf 84' lang='lat' dir='ltr'>hora</span> <span class='ocrx_word' id='word_1_79' title='bbox 841 1068 1019 1108; x_wconf 79' lang='lat' dir='ltr'>praecedens</span> <span class='ocrx_word' id='word_1_80' title='bbox 1035 1066 1153 1098; x_wconf 81' lang='lat' dir='ltr'>emittit</span> <span class='ocrx_word' id='word_1_81' title='bbox 1163 1064 1274 1096; x_wconf 75' lang='lat' dir='ltr'>nimios</span> <span class='ocrx_word' id='word_1_82' title='bbox 1287 1071 1428 1103; x_wconf 80' lang='lat' dir='ltr'>vapores,</span> <span class='ocrx_word' id='word_1_83' title='bbox 1443 1063 1474 1091; x_wconf 81' lang='lat' dir='ltr'>et</span> <span class='ocrx_word' id='word_1_84' title='bbox 1487 1062 1578 1091; x_wconf 78' lang='lat' dir='ltr'>sexta</span> <span class='ocrx_word' id='word_1_85' title='bbox 1593 1069 1643 1089; x_wconf 86' lang='lat' dir='ltr'>ca-</span> 
     </span>
     <span class='ocr_line' id='line_1_15' title="bbox 185 1102 1645 1156; baseline -0.005 -18"><span class='ocrx_word' id='word_1_86' title='bbox 185 1108 228 1139; x_wconf 81' lang='lat' dir='ltr'>let</span> <span class='ocrx_word' id='word_1_87' title='bbox 252 1109 414 1156; x_wconf 52' lang='lat' dir='ltr'>immodico</span> <span class='ocrx_word' id='word_1_88' title='bbox 433 1110 566 1140; x_wconf 80' lang='lat' dir='ltr'>Nerone.</span> <span class='ocrx_word' id='word_1_89' title='bbox 611 1110 642 1141; x_wconf 93' lang='grc' dir='ltr'>Ο</span> <span class='ocrx_word' id='word_1_90' title='bbox 661 1111 775 1150; x_wconf 80' lang='lat' dir='ltr'>Stella,</span> <span class='ocrx_word' id='word_1_91' title='bbox 801 1111 921 1150; x_wconf 82' lang='lat' dir='ltr'>Nepos,</span> <span class='ocrx_word' id='word_1_92' title='bbox 941 1110 1034 1148; x_wconf 80' lang='lat' dir='ltr'>Cani,</span> <span class='ocrx_word' id='word_1_93' title='bbox 1060 1108 1210 1146; x_wconf 82' lang='lat' dir='ltr'>Cerealis,</span> <span class='ocrx_word' id='word_1_94' title='bbox 1227 1107 1346 1144; x_wconf 83' lang='lat' dir='ltr'>Flacce,</span> <span class='ocrx_word' id='word_1_95' title='bbox 1366 1103 1493 1134; x_wconf 80' lang='lat' dir='ltr'>adestis.</span> <span class='ocrx_word' id='word_1_96' title='bbox 1534 1102 1645 1141; x_wconf 79' lang='lat' dir='ltr'>Sigma</span> 
     </span>
     <span class='ocr_line' id='line_1_16' title="bbox 188 1146 1646 1192; baseline -0.005 -12"><span class='ocrx_word' id='word_1_97' title='bbox 188 1154 274 1190; x_wconf 64' lang='grc' dir='ltr'><strong>σαρκί</strong></span> <span class='ocrx_word' id='word_1_98' title='bbox 289 1154 417 1190; x_wconf 83' lang='lat' dir='ltr'>septem,</span> <span class='ocrx_word' id='word_1_99' title='bbox 435 1161 490 1182; x_wconf 80' lang='lat' dir='ltr'>sex</span> <span class='ocrx_word' id='word_1_100' title='bbox 504 1161 620 1191; x_wconf 87' lang='lat' dir='ltr'>sumus,</span> <span class='ocrx_word' id='word_1_101' title='bbox 635 1153 770 1191; x_wconf 79' lang='lat' dir='ltr'>adjunge</span> <span class='ocrx_word' id='word_1_102' title='bbox 796 1152 932 1192; x_wconf 80' lang='lat' dir='ltr'>Lupum.</span> <span class='ocrx_word' id='word_1_103' title='bbox 980 1152 1095 1183; x_wconf 77' lang='lat' dir='ltr'>Villica</span> <span class='ocrx_word' id='word_1_104' title='bbox 1117 1151 1195 1181; x_wconf 78' lang='lat' dir='ltr'>mihi</span> <span class='ocrx_word' id='word_1_105' title='bbox 1220 1148 1330 1180; x_wconf 73' lang='lat' dir='ltr'>attulit</span> <span class='ocrx_word' id='word_1_106' title='bbox 1355 1147 1474 1177; x_wconf 66' lang='lat' dir='ltr'>malz-as</span> <span class='ocrx_word' id='word_1_107' title='bbox 1489 1146 1646 1175; x_wconf 76' lang='lat' dir='ltr'>soluturus</span> 
     </span>
     <span class='ocr_line' id='line_1_17' title="bbox 187 1187 1647 1234; baseline -0.005 -11"><span class='ocrx_word' id='word_1_108' title='bbox 187 1196 338 1230; x_wconf 70' lang='lat' dir='ltr'>ventrem,</span> <span class='ocrx_word' id='word_1_109' title='bbox 352 1197 381 1223; x_wconf 87' lang='lat' dir='ltr'>et</span> <span class='ocrx_word' id='word_1_110' title='bbox 395 1194 500 1224; x_wconf 77' lang='lat' dir='ltr'>varias</span> <span class='ocrx_word' id='word_1_111' title='bbox 518 1204 589 1234; x_wconf 82' lang='lat' dir='ltr'>opes</span> <span class='ocrx_word' id='word_1_112' title='bbox 602 1204 678 1234; x_wconf 78' lang='lat' dir='ltr'>quas</span> <span class='ocrx_word' id='word_1_113' title='bbox 699 1195 788 1225; x_wconf 84' lang='lat' dir='ltr'>habet</span> <span class='ocrx_word' id='word_1_114' title='bbox 803 1195 930 1225; x_wconf 83' lang='lat' dir='ltr'>hortus:</span> <span class='ocrx_word' id='word_1_115' title='bbox 951 1194 1034 1225; x_wconf 79' lang='lat' dir='ltr'>inter</span> <span class='ocrx_word' id='word_1_116' title='bbox 1054 1203 1128 1234; x_wconf 81' lang='lat' dir='ltr'>quas</span> <span class='ocrx_word' id='word_1_117' title='bbox 1150 1195 1194 1224; x_wconf 85' lang='lat' dir='ltr'>est</span> <span class='ocrx_word' id='word_1_118' title='bbox 1219 1192 1337 1221; x_wconf 85' lang='lat' dir='ltr'>lactuca</span> <span class='ocrx_word' id='word_1_119' title='bbox 1359 1190 1478 1227; x_wconf 80' lang='lat' dir='ltr'>sedens,</span> <span class='ocrx_word' id='word_1_120' title='bbox 1495 1191 1524 1218; x_wconf 87' lang='lat' dir='ltr'>et</span> <span class='ocrx_word' id='word_1_121' title='bbox 1540 1187 1647 1217; x_wconf 82' lang='lat' dir='ltr'>sectile</span> 
     </span>
     <span class='ocr_line' id='line_1_18' title="bbox 184 1229 1650 1277; baseline -0.005 -11"><span class='ocrx_word' id='word_1_122' title='bbox 184 1244 312 1276; x_wconf 84' lang='lat' dir='ltr'>porrum</span> <span class='ocrx_word' id='word_1_123' title='bbox 326 1245 337 1265; x_wconf 89' lang='lat'>.·</span> <span class='ocrx_word' id='word_1_124' title='bbox 359 1245 414 1266; x_wconf 81' lang='lat' dir='ltr'>nec</span> <span class='ocrx_word' id='word_1_125' title='bbox 435 1237 596 1267; x_wconf 77' lang='lat' dir='ltr'>ructatrix</span> <span class='ocrx_word' id='word_1_126' title='bbox 619 1238 745 1268; x_wconf 83' lang='lat' dir='ltr'>mentha</span> <span class='ocrx_word' id='word_1_127' title='bbox 767 1238 862 1277; x_wconf 84' lang='lat' dir='ltr'>deest,</span> <span class='ocrx_word' id='word_1_128' title='bbox 885 1247 940 1268; x_wconf 83' lang='lat' dir='ltr'>nec</span> <span class='ocrx_word' id='word_1_129' title='bbox 955 1237 1048 1267; x_wconf 71' lang='lat' dir='ltr'>her—lm</span> <span class='ocrx_word' id='word_1_130' title='bbox 1071 1236 1172 1266; x_wconf 78' lang='lat' dir='ltr'>salax.</span> <span class='ocrx_word' id='word_1_131' title='bbox 1216 1234 1310 1265; x_wconf 85' lang='lat' dir='ltr'>Secta</span> <span class='ocrx_word' id='word_1_132' title='bbox 1326 1242 1382 1263; x_wconf 71' lang='lat' dir='ltr'>oca</span> <span class='ocrx_word' id='word_1_133' title='bbox 1397 1230 1583 1262; x_wconf 85' lang='lat' dir='ltr'>coronabunt</span> <span class='ocrx_word' id='word_1_134' title='bbox 1605 1229 1650 1258; x_wconf 85' lang='lat' dir='ltr'>la-</span> 
     </span>
     <span class='ocr_line' id='line_1_19' title="bbox 188 1273 1648 1320; baseline -0.005 -11"><span class='ocrx_word' id='word_1_135' title='bbox 188 1281 290 1309; x_wconf 82' lang='lat' dir='ltr'>certos</span> <span class='ocrx_word' id='word_1_136' title='bbox 305 1281 442 1319; x_wconf 77' lang='lat' dir='ltr'>rutatos,</span> <span class='ocrx_word' id='word_1_137' title='bbox 453 1282 544 1319; x_wconf 83' lang='lat' dir='ltr'>atque</span> <span class='ocrx_word' id='word_1_138' title='bbox 555 1289 660 1311; x_wconf 83' lang='lat' dir='ltr'>sumen</span> <span class='ocrx_word' id='word_1_139' title='bbox 674 1281 734 1311; x_wconf 82' lang='lat' dir='ltr'>erit</span> <span class='ocrx_word' id='word_1_140' title='bbox 746 1279 906 1320; x_wconf 83' lang='lat' dir='ltr'>perfusum</span> <span class='ocrx_word' id='word_1_141' title='bbox 921 1280 984 1310; x_wconf 86' lang='lat' dir='ltr'>sale</span> <span class='ocrx_word' id='word_1_142' title='bbox 999 1279 1123 1320; x_wconf 81' lang='lat' dir='ltr'>thynni.</span> <span class='ocrx_word' id='word_1_143' title='bbox 1147 1278 1237 1308; x_wconf 83' lang='lat' dir='ltr'>Inter</span> <span class='ocrx_word' id='word_1_144' title='bbox 1253 1277 1317 1307; x_wconf 79' lang='lat' dir='ltr'>haec</span> <span class='ocrx_word' id='word_1_145' title='bbox 1329 1283 1443 1316; x_wconf 76' lang='lat' dir='ltr'>parvus</span> <span class='ocrx_word' id='word_1_146' title='bbox 1458 1273 1562 1304; x_wconf 82' lang='lat' dir='ltr'>haedus</span> <span class='ocrx_word' id='word_1_147' title='bbox 1576 1280 1648 1311; x_wconf 82' lang='lat' dir='ltr'>rap-</span> 
     </span>
    </p>
   </div>
   <div class='ocr_carea' id='block_1_6' title="bbox 815 1351 1033 1364">
    <p class='ocr_par' dir='ltr' id='par_1_11' title="bbox 815 1351 1033 1364">
     <span class='ocr_line' id='line_1_20' title="bbox 815 1351 1033 1364; baseline -0.005 -1"><span class='ocrx_word' id='word_1_148' title='bbox 815 1351 1033 1364; x_wconf 63' lang='lat' dir='ltr'>eeeeeeeeeee</span> 
     </span>
    </p>
   </div>
   <div class='ocr_carea' id='block_1_7' title="bbox 188 1388 1654 1647">
    <p class='ocr_par' dir='ltr' id='par_1_12' title="bbox 188 1388 1654 1647">
     <span class='ocr_line' id='line_1_21' title="bbox 188 1388 1649 1443; baseline -0.006 -17"><span class='ocrx_word' id='word_1_149' title='bbox 188 1397 208 1426; x_wconf 74' lang='grc'>3</span> <span class='ocrx_word' id='word_1_150' title='bbox 233 1394 341 1443; x_wconf 72' lang='lat' dir='ltr'>Nimio</span> <span class='ocrx_word' id='word_1_151' title='bbox 356 1404 469 1435; x_wconf 84' lang='lat' dir='ltr'>vapore</span> <span class='ocrx_word' id='word_1_152' title='bbox 490 1394 566 1425; x_wconf 90' lang='lat' dir='ltr'>cod.</span> <span class='ocrx_word' id='word_1_153' title='bbox 587 1394 833 1427; x_wconf 71' lang='lat' dir='ltr'>Palmam—6</span> <span class='ocrx_word' id='word_1_154' title='bbox 849 1397 904 1426; x_wconf 91' lang='lat' dir='ltr'>De</span> <span class='ocrx_word' id='word_1_155' title='bbox 921 1395 1018 1435; x_wconf 85' lang='lat' dir='ltr'>Rooy</span> <span class='ocrx_word' id='word_1_156' title='bbox 1039 1394 1133 1424; x_wconf 86' lang='lat' dir='ltr'>malit</span> <span class='ocrx_word' id='word_1_157' title='bbox 1149 1394 1229 1424; x_wconf 79' lang='lat' dir='ltr'>addo</span> <span class='ocrx_word' id='word_1_158' title='bbox 1251 1392 1293 1423; x_wconf 92' lang='lat' dir='ltr'>L.</span> <span class='ocrx_word' id='word_1_159' title='bbox 1316 1391 1368 1422; x_wconf 92' lang='lat' dir='ltr'>vel</span> <span class='ocrx_word' id='word_1_160' title='bbox 1385 1390 1521 1429; x_wconf 86' lang='lat' dir='ltr'>Septem,</span> <span class='ocrx_word' id='word_1_161' title='bbox 1535 1388 1649 1426; x_wconf 78' lang='lat' dir='ltr'>sigma,</span> 
     </span>
     <span class='ocr_line' id='line_1_22' title="bbox 189 1433 1652 1477; baseline -0.007 -8"><span class='ocrx_word' id='word_1_162' title='bbox 189 1447 287 1477; x_wconf 75' lang='lat' dir='ltr'>capis,</span> <span class='ocrx_word' id='word_1_163' title='bbox 302 1447 357 1467; x_wconf 78' lang='lat' dir='ltr'>sex</span> <span class='ocrx_word' id='word_1_164' title='bbox 377 1447 503 1474; x_wconf 86' lang='lat' dir='ltr'>sumus,·</span> <span class='ocrx_word' id='word_1_165' title='bbox 527 1438 606 1468; x_wconf 79' lang='lat' dir='ltr'>adde</span> <span class='ocrx_word' id='word_1_166' title='bbox 621 1438 725 1470; x_wconf 85' lang='lat' dir='ltr'>L.-9</span> <span class='ocrx_word' id='word_1_167' title='bbox 750 1440 868 1469; x_wconf 84' lang='lat' dir='ltr'>Recens</span> <span class='ocrx_word' id='word_1_168' title='bbox 890 1447 950 1477; x_wconf 84' lang='lat' dir='ltr'>pro</span> <span class='ocrx_word' id='word_1_169' title='bbox 963 1439 1068 1467; x_wconf 76' lang='lat' dir='ltr'>sedens</span> <span class='ocrx_word' id='word_1_170' title='bbox 1087 1437 1153 1467; x_wconf 90' lang='lat' dir='ltr'>Ms.</span> <span class='ocrx_word' id='word_1_171' title='bbox 1173 1436 1307 1466; x_wconf 87' lang='lat' dir='ltr'>Beverl.</span> <span class='ocrx_word' id='word_1_172' title='bbox 1357 1433 1479 1463; x_wconf 78' lang='lat' dir='ltr'>Tonsile</span> <span class='ocrx_word' id='word_1_173' title='bbox 1496 1440 1558 1471; x_wconf 87' lang='lat' dir='ltr'>pro</span> <span class='ocrx_word' id='word_1_174' title='bbox 1577 1433 1652 1460; x_wconf 85' lang='lat' dir='ltr'>sect.</span> 
     </span>
     <span class='ocr_line' id='line_1_23' title="bbox 190 1474 1652 1517; baseline -0.005 -7"><span class='ocrx_word' id='word_1_175' title='bbox 190 1479 290 1510; x_wconf 87' lang='lat' dir='ltr'>codd.</span> <span class='ocrx_word' id='word_1_176' title='bbox 304 1480 435 1510; x_wconf 87' lang='lat' dir='ltr'>Thuan.</span> <span class='ocrx_word' id='word_1_177' title='bbox 450 1485 484 1511; x_wconf 91' lang='lat' dir='ltr'>et</span> <span class='ocrx_word' id='word_1_178' title='bbox 497 1480 678 1512; x_wconf 86' lang='lat' dir='ltr'>Pulmann.</span> <span class='ocrx_word' id='word_1_179' title='bbox 694 1482 841 1512; x_wconf 81' lang='lat' dir='ltr'>Consule</span> <span class='ocrx_word' id='word_1_180' title='bbox 855 1481 934 1511; x_wconf 85' lang='lat' dir='ltr'>Var.</span> <span class='ocrx_word' id='word_1_181' title='bbox 948 1480 1119 1511; x_wconf 86' lang='lat' dir='ltr'>Not.-—10</span> <span class='ocrx_word' id='word_1_182' title='bbox 1143 1475 1372 1517; x_wconf 76' lang='lat' dir='ltr'>Destupratrix</span> <span class='ocrx_word' id='word_1_183' title='bbox 1386 1476 1465 1505; x_wconf 81' lang='lat' dir='ltr'>Vat.</span> <span class='ocrx_word' id='word_1_184' title='bbox 1487 1483 1547 1513; x_wconf 86' lang='lat' dir='ltr'>pro</span> <span class='ocrx_word' id='word_1_185' title='bbox 1564 1474 1611 1503; x_wconf 78' lang='lat' dir='ltr'>de.</span> <span class='ocrx_word' id='word_1_186' title='bbox 1624 1482 1652 1502; x_wconf 88' lang='lat' dir='ltr'>r.</span> 
     </span>
     <span class='ocr_line' id='line_1_24' title="bbox 191 1514 1652 1570; baseline -0.005 -19"><span class='ocrx_word' id='word_1_187' title='bbox 191 1521 355 1570; x_wconf 68' lang='lat' dir='ltr'>Codieem</span> <span class='ocrx_word' id='word_1_188' title='bbox 373 1523 547 1562; x_wconf 82' lang='lat' dir='ltr'>antiquum</span> <span class='ocrx_word' id='word_1_189' title='bbox 570 1523 695 1553; x_wconf 83' lang='lat' dir='ltr'>habere</span> <span class='ocrx_word' id='word_1_190' title='bbox 720 1522 899 1562; x_wconf 80' lang='lat' dir='ltr'>stupratrix</span> <span class='ocrx_word' id='word_1_191' title='bbox 926 1526 1022 1552; x_wconf 85' lang='lat' dir='ltr'>notat</span> <span class='ocrx_word' id='word_1_192' title='bbox 1045 1521 1258 1552; x_wconf 84' lang='lat' dir='ltr'>Calderinus.</span> <span class='ocrx_word' id='word_1_193' title='bbox 1283 1518 1491 1549; x_wconf 86' lang='lat' dir='ltr'>Pulmannus</span> <span class='ocrx_word' id='word_1_194' title='bbox 1507 1516 1554 1546; x_wconf 87' lang='lat' dir='ltr'>sic</span> <span class='ocrx_word' id='word_1_195' title='bbox 1570 1514 1652 1545; x_wconf 86' lang='lat' dir='ltr'>scri-</span> 
     </span>
     <span class='ocr_line' id='line_1_25' title="bbox 190 1559 1654 1604; baseline -0.005 -9"><span class='ocrx_word' id='word_1_196' title='bbox 190 1564 260 1595; x_wconf 76' lang='lat' dir='ltr'>bit:</span> <span class='ocrx_word' id='word_1_197' title='bbox 278 1565 288 1580; x_wconf 80' lang='lat'><strong><em>⁴</em></strong></span> <span class='ocrx_word' id='word_1_198' title='bbox 303 1565 347 1594; x_wconf 87' lang='lat' dir='ltr'>Et</span> <span class='ocrx_word' id='word_1_199' title='bbox 362 1566 499 1604; x_wconf 77' lang='lat' dir='ltr'>aestupr.</span> <span class='ocrx_word' id='word_1_200' title='bbox 517 1575 558 1596; x_wconf 85' lang='lat' dir='ltr'>m.</span> <span class='ocrx_word' id='word_1_201' title='bbox 591 1565 658 1596; x_wconf 73' lang='lat' dir='ltr'>sed</span> <span class='ocrx_word' id='word_1_202' title='bbox 675 1566 800 1596; x_wconf 82' lang='lat' dir='ltr'>vetusti</span> <span class='ocrx_word' id='word_1_203' title='bbox 814 1564 889 1595; x_wconf 87' lang='lat' dir='ltr'>cod.</span> <span class='ocrx_word' id='word_1_204' title='bbox 907 1565 973 1595; x_wconf 91' lang='lat' dir='ltr'>mei</span> <span class='ocrx_word' id='word_1_205' title='bbox 990 1562 1172 1594; x_wconf 81' lang='lat' dir='ltr'>manifesta</span> <span class='ocrx_word' id='word_1_206' title='bbox 1187 1563 1358 1602; x_wconf 80' lang='lat' dir='ltr'>scriptura</span> <span class='ocrx_word' id='word_1_207' title='bbox 1375 1565 1439 1598; x_wconf 81' lang='lat' dir='ltr'>est,</span> <span class='ocrx_word' id='word_1_208' title='bbox 1458 1559 1501 1588; x_wconf 88' lang='lat' dir='ltr'>Et</span> <span class='ocrx_word' id='word_1_209' title='bbox 1516 1559 1654 1597; x_wconf 81' lang='lat' dir='ltr'>destupr.</span> 
     </span>
     <span class='ocr_line' id='line_1_26' title="bbox 191 1599 1654 1647; baseline -0.005 -10"><span class='ocrx_word' id='word_1_210' title='bbox 191 1616 233 1637; x_wconf 84' lang='lat' dir='ltr'>m.</span> <span class='ocrx_word' id='word_1_211' title='bbox 249 1608 302 1637; x_wconf 78' lang='lat' dir='ltr'>sed</span> <span class='ocrx_word' id='word_1_212' title='bbox 314 1606 376 1647; x_wconf 59' lang='lat' dir='ltr'>&amp;cl</span> <span class='ocrx_word' id='word_1_213' title='bbox 401 1607 481 1638; x_wconf 80' lang='lat' dir='ltr'>vid.</span> <span class='ocrx_word' id='word_1_214' title='bbox 497 1608 580 1639; x_wconf 82' lang='lat' dir='ltr'>var.</span> <span class='ocrx_word' id='word_1_215' title='bbox 596 1608 682 1639; x_wconf 80' lang='lat' dir='ltr'>Not.</span> <span class='ocrx_word' id='word_1_216' title='bbox 728 1608 840 1639; x_wconf 71' lang='lat' dir='ltr'>Mento</span> <span class='ocrx_word' id='word_1_217' title='bbox 854 1606 935 1638; x_wconf 86' lang='lat' dir='ltr'>Ald.</span> <span class='ocrx_word' id='word_1_218' title='bbox 949 1607 1048 1638; x_wconf 86' lang='lat' dir='ltr'>Junt.</span> <span class='ocrx_word' id='word_1_219' title='bbox 1062 1606 1255 1638; x_wconf 89' lang='lat' dir='ltr'>Colin.—ll</span> <span class='ocrx_word' id='word_1_220' title='bbox 1270 1604 1424 1634; x_wconf 79' lang='lat' dir='ltr'>Ructatos</span> <span class='ocrx_word' id='word_1_221' title='bbox 1435 1599 1654 1632; x_wconf 82' lang='lat' dir='ltr'>M5.Beverl.</span> 
     </span>
    </p>
   </div>
   <div class='ocr_carea' id='block_1_8' title="bbox 192 1676 1555 1780">
    <p class='ocr_par' dir='ltr' id='par_1_13' title="bbox 192 1676 1555 1780">
     <span class='ocr_line' id='line_1_27' title="bbox 856 1676 997 1708; baseline -0.007 0"><span class='ocrx_word' id='word_1_222' title='bbox 856 1676 997 1708; x_wconf 82' lang='lat' dir='ltr'>NOTAE</span> 
     </span>
     <span class='ocr_line' id='line_1_28' title="bbox 192 1736 1555 1780; baseline -0.007 -7"><span class='ocrx_word' id='word_1_223' title='bbox 192 1740 296 1773; x_wconf 84' lang='lat' dir='ltr'>ficare</span> <span class='ocrx_word' id='word_1_224' title='bbox 321 1741 445 1773; x_wconf 60' lang='lat' dir='ltr'>nates?</span> <span class='ocrx_word' id='word_1_225' title='bbox 490 1743 615 1773; x_wconf 89' lang='lat' dir='ltr'>Calvos</span> <span class='ocrx_word' id='word_1_226' title='bbox 646 1746 761 1774; x_wconf 89' lang='lat' dir='ltr'>autem</span> <span class='ocrx_word' id='word_1_227' title='bbox 791 1741 896 1772; x_wconf 87' lang='lat' dir='ltr'>fuisse</span> <span class='ocrx_word' id='word_1_228' title='bbox 951 1741 997 1773; x_wconf 89' lang='lat' dir='ltr'>tit</span> <span class='ocrx_word' id='word_1_229' title='bbox 1012 1738 1272 1780; x_wconf 65' lang='lat' dir='ltr'>Hermogenes!</span> <span class='ocrx_word' id='word_1_230' title='bbox 1294 1737 1420 1767; x_wconf 85' lang='lat' dir='ltr'>Videat</span> <span class='ocrx_word' id='word_1_231' title='bbox 1433 1736 1555 1766; x_wconf 81' lang='lat' dir='ltr'>lec&#39;tor.</span> 
     </span>
    </p>
   </div>
   <div class='ocr_carea' id='block_1_9' title="bbox 191 1791 913 2783">
    <p class='ocr_par' dir='ltr' id='par_1_14' title="bbox 191 1791 906 2439">
     <span class='ocr_line' id='line_1_29' title="bbox 191 1791 896 1825; baseline 0.003 -2"><span class='ocrx_word' id='word_1_232' title='bbox 191 1791 295 1823; x_wconf 85' lang='lat' dir='ltr'>Isidis</span> <span class='ocrx_word' id='word_1_233' title='bbox 317 1791 515 1824; x_wconf 85' lang='lat' dir='ltr'>sacerdotes</span> <span class='ocrx_word' id='word_1_234' title='bbox 531 1797 680 1824; x_wconf 87' lang='lat' dir='ltr'>testatur</span> <span class='ocrx_word' id='word_1_235' title='bbox 703 1794 816 1825; x_wconf 74' lang='lat' dir='ltr'>Poeta</span> <span class='ocrx_word' id='word_1_236' title='bbox 835 1793 896 1825; x_wconf 89' lang='lat' dir='ltr'>lib·</span> 
     </span>
     <span class='ocr_line' id='line_1_30' title="bbox 195 1843 898 1885; baseline 0.001 -12"><span class='ocrx_word' id='word_1_237' title='bbox 195 1851 263 1874; x_wconf 74' lang='grc' dir='ltr'>ΧΠ.</span> <span class='ocrx_word' id='word_1_238' title='bbox 279 1843 380 1884; x_wconf 84' lang='lat' dir='ltr'>Epig.</span> <span class='ocrx_word' id='word_1_239' title='bbox 397 1846 450 1875; x_wconf 80' lang='lat'>29.</span> <span class='ocrx_word' id='word_1_240' title='bbox 483 1844 492 1860; x_wconf 88' lang='lat'>‘</span> <span class='ocrx_word' id='word_1_241' title='bbox 506 1844 658 1885; x_wconf 82' lang='lat' dir='ltr'>Linigeri</span> <span class='ocrx_word' id='word_1_242' title='bbox 676 1843 812 1884; x_wconf 84' lang='lat' dir='ltr'>fugiunt</span> <span class='ocrx_word' id='word_1_243' title='bbox 829 1844 898 1874; x_wconf 91' lang='lat' dir='ltr'>cal-</span> 
     </span>
     <span class='ocr_line' id='line_1_31' title="bbox 193 1892 898 1935; baseline 0 -12"><span class='ocrx_word' id='word_1_244' title='bbox 193 1892 239 1933; x_wconf 86' lang='lat' dir='ltr'>vi,</span> <span class='ocrx_word' id='word_1_245' title='bbox 264 1894 471 1935; x_wconf 85' lang='lat' dir='ltr'>sistrataque</span> <span class='ocrx_word' id='word_1_246' title='bbox 498 1895 624 1926; x_wconf 75' lang='lat' dir='ltr'>turba!</span> <span class='ocrx_word' id='word_1_247' title='bbox 670 1896 806 1934; x_wconf 80' lang='lat' dir='ltr'>Legunt</span> <span class='ocrx_word' id='word_1_248' title='bbox 829 1893 898 1933; x_wconf 86' lang='lat' dir='ltr'>alii,</span> 
     </span>
     <span class='ocr_line' id='line_1_32' title="bbox 196 1944 900 1986; baseline 0 -11"><span class='ocrx_word' id='word_1_249' title='bbox 196 1944 243 1975; x_wconf 86' lang='lat' dir='ltr'>Et</span> <span class='ocrx_word' id='word_1_250' title='bbox 255 1945 355 1985; x_wconf 85' lang='lat' dir='ltr'>pilata</span> <span class='ocrx_word' id='word_1_251' title='bbox 366 1947 461 1985; x_wconf 79' lang='lat' dir='ltr'>redit,</span> <span class='ocrx_word' id='word_1_252' title='bbox 476 1956 494 1977; x_wconf 87' lang='lat' dir='ltr'>a</span> <span class='ocrx_word' id='word_1_253' title='bbox 507 1947 588 1986; x_wconf 91' lang='lat' dir='ltr'>pilo,</span> <span class='ocrx_word' id='word_1_254' title='bbox 599 1945 689 1977; x_wconf 86' lang='lat' dir='ltr'>ferro</span> <span class='ocrx_word' id='word_1_255' title='bbox 700 1955 823 1986; x_wconf 83' lang='lat' dir='ltr'>nempe</span> <span class='ocrx_word' id='word_1_256' title='bbox 834 1955 900 1986; x_wconf 91' lang='lat' dir='ltr'>quo</span> 
     </span>
     <span class='ocr_line' id='line_1_33' title="bbox 197 1994 902 2036; baseline -0.001 -11"><span class='ocrx_word' id='word_1_257' title='bbox 197 1994 335 2026; x_wconf 84' lang='lat' dir='ltr'>brachia</span> <span class='ocrx_word' id='word_1_258' title='bbox 359 2001 462 2036; x_wconf 87' lang='lat' dir='ltr'>atque</span> <span class='ocrx_word' id='word_1_259' title='bbox 488 1996 648 2027; x_wconf 83' lang='lat' dir='ltr'>humeros</span> <span class='ocrx_word' id='word_1_260' title='bbox 676 1994 902 2026; x_wconf 82' lang='lat' dir='ltr'>vulnerabant</span> 
     </span>
     <span class='ocr_line' id='line_1_34' title="bbox 194 2046 903 2085; baseline -0.003 -8"><span class='ocrx_word' id='word_1_261' title='bbox 194 2046 247 2077; x_wconf 88' lang='lat' dir='ltr'>illi</span> <span class='ocrx_word' id='word_1_262' title='bbox 269 2046 477 2078; x_wconf 85' lang='lat' dir='ltr'>sacerdotes.</span> <span class='ocrx_word' id='word_1_263' title='bbox 522 2046 714 2077; x_wconf 83' lang='lat' dir='ltr'>Gronovius</span> <span class='ocrx_word' id='word_1_264' title='bbox 735 2046 903 2085; x_wconf 88' lang='lat' dir='ltr'>interpre-</span> 
     </span>
     <span class='ocr_line' id='line_1_35' title="bbox 201 2093 903 2136; baseline -0.003 -9"><span class='ocrx_word' id='word_1_265' title='bbox 201 2101 294 2128; x_wconf 80' lang='lat' dir='ltr'>tatur</span> <span class='ocrx_word' id='word_1_266' title='bbox 323 2097 500 2127; x_wconf 83' lang='lat' dir='ltr'>cohortem</span> <span class='ocrx_word' id='word_1_267' title='bbox 516 2093 802 2136; x_wconf 66' lang='lat' dir='ltr'>praetorianorum</span> <span class='ocrx_word' id='word_1_268' title='bbox 819 2095 903 2125; x_wconf 87' lang='lat' dir='ltr'>mili—</span> 
     </span>
     <span class='ocr_line' id='line_1_36' title="bbox 199 2146 905 2188; baseline -0.003 -10"><span class='ocrx_word' id='word_1_269' title='bbox 199 2151 271 2178; x_wconf 86' lang='lat' dir='ltr'>tum</span> <span class='ocrx_word' id='word_1_270' title='bbox 289 2147 365 2186; x_wconf 89' lang='lat' dir='ltr'>pilis</span> <span class='ocrx_word' id='word_1_271' title='bbox 387 2152 606 2186; x_wconf 86' lang='lat' dir='ltr'>armatorum,</span> <span class='ocrx_word' id='word_1_272' title='bbox 622 2157 698 2188; x_wconf 83' lang='lat' dir='ltr'>quae</span> <span class='ocrx_word' id='word_1_273' title='bbox 722 2146 764 2177; x_wconf 92' lang='lat' dir='ltr'>ad</span> <span class='ocrx_word' id='word_1_274' title='bbox 781 2146 905 2187; x_wconf 88' lang='lat' dir='ltr'>palati-</span> 
     </span>
     <span class='ocr_line' id='line_1_37' title="bbox 199 2197 904 2238; baseline 0 -10"><span class='ocrx_word' id='word_1_275' title='bbox 199 2207 254 2228; x_wconf 90' lang='lat' dir='ltr'>um</span> <span class='ocrx_word' id='word_1_276' title='bbox 271 2198 328 2228; x_wconf 90' lang='lat' dir='ltr'>illo</span> <span class='ocrx_word' id='word_1_277' title='bbox 345 2197 399 2228; x_wconf 90' lang='lat' dir='ltr'>die</span> <span class='ocrx_word' id='word_1_278' title='bbox 411 2199 574 2229; x_wconf 79' lang='lat' dir='ltr'>excubias</span> <span class='ocrx_word' id='word_1_279' title='bbox 588 2202 721 2238; x_wconf 85' lang='lat' dir='ltr'>egerat.</span> <span class='ocrx_word' id='word_1_280' title='bbox 766 2198 832 2229; x_wconf 90' lang='lat' dir='ltr'>Illa</span> <span class='ocrx_word' id='word_1_281' title='bbox 844 2198 904 2238; x_wconf 81' lang='lat' dir='ltr'>igi-</span> 
     </span>
     <span class='ocr_line' id='line_1_38' title="bbox 200 2247 904 2289; baseline -0.001 -10"><span class='ocrx_word' id='word_1_282' title='bbox 200 2252 257 2279; x_wconf 87' lang='lat' dir='ltr'>tur</span> <span class='ocrx_word' id='word_1_283' title='bbox 287 2248 393 2288; x_wconf 89' lang='lat' dir='ltr'>pilata</span> <span class='ocrx_word' id='word_1_284' title='bbox 431 2249 550 2279; x_wconf 87' lang='lat' dir='ltr'>cohors</span> <span class='ocrx_word' id='word_1_285' title='bbox 580 2248 741 2289; x_wconf 83' lang='lat' dir='ltr'>‘jamque</span> <span class='ocrx_word' id='word_1_286' title='bbox 779 2247 904 2288; x_wconf 57' lang='lat' dir='ltr'>rediit}</span> 
     </span>
     <span class='ocr_line' id='line_1_39' title="bbox 200 2298 906 2339; baseline -0.001 -10"><span class='ocrx_word' id='word_1_287' title='bbox 200 2308 324 2339; x_wconf 83' lang='lat' dir='ltr'>nempe</span> <span class='ocrx_word' id='word_1_288' title='bbox 343 2299 376 2329; x_wconf 87' lang='lat' dir='ltr'>in</span> <span class='ocrx_word' id='word_1_289' title='bbox 390 2304 502 2329; x_wconf 81' lang='lat' dir='ltr'>castra</span> <span class='ocrx_word' id='word_1_290' title='bbox 522 2299 740 2339; x_wconf 78' lang='lat' dir='ltr'>praetoriana,</span> <span class='ocrx_word' id='word_1_291' title='bbox 757 2299 765 2315; x_wconf 92' lang='lat'>‘</span> <span class='ocrx_word' id='word_1_292' title='bbox 778 2302 814 2328; x_wconf 89' lang='lat' dir='ltr'>et</span> <span class='ocrx_word' id='word_1_293' title='bbox 828 2298 906 2328; x_wconf 90' lang='lat' dir='ltr'>sub-</span> 
     </span>
     <span class='ocr_line' id='line_1_40' title="bbox 202 2348 905 2389; baseline 0 -11"><span class='ocrx_word' id='word_1_294' title='bbox 202 2348 266 2379; x_wconf 88' lang='lat' dir='ltr'>iit’</span> <span class='ocrx_word' id='word_1_295' title='bbox 298 2358 422 2388; x_wconf 87' lang='lat' dir='ltr'>nempe</span> <span class='ocrx_word' id='word_1_296' title='bbox 441 2349 551 2380; x_wconf 84' lang='lat' dir='ltr'>altera</span> <span class='ocrx_word' id='word_1_297' title='bbox 575 2349 664 2379; x_wconf 92' lang='lat' dir='ltr'>illius</span> <span class='ocrx_word' id='word_1_298' title='bbox 692 2348 796 2389; x_wconf 62' lang='lat' dir='ltr'>vices</span> <span class='ocrx_word' id='word_1_299' title='bbox 813 2348 905 2379; x_wconf 81' lang='lat' dir='ltr'>exci-</span> 
     </span>
     <span class='ocr_line' id='line_1_41' title="bbox 204 2398 313 2439; baseline 0.018 -11"><span class='ocrx_word' id='word_1_300' title='bbox 204 2398 313 2439; x_wconf 76' lang='lat' dir='ltr'>piens·</span> 
     </span>
    </p>

    <p class='ocr_par' dir='ltr' id='par_1_15' title="bbox 206 2448 913 2783">
     <span class='ocr_line' id='line_1_42' title="bbox 247 2448 907 2489; baseline -0.002 -10"><span class='ocrx_word' id='word_1_301' title='bbox 247 2450 379 2489; x_wconf 83' lang='lat' dir='ltr'>Jamque</span> <span class='ocrx_word' id='word_1_302' title='bbox 402 2449 558 2489; x_wconf 78' lang='lat' dir='ltr'>subitque]</span> <span class='ocrx_word' id='word_1_303' title='bbox 604 2449 682 2480; x_wconf 91' lang='lat' dir='ltr'>Hoc</span> <span class='ocrx_word' id='word_1_304' title='bbox 719 2452 788 2480; x_wconf 85' lang='lat' dir='ltr'>est:</span> <span class='ocrx_word' id='word_1_305' title='bbox 829 2448 907 2480; x_wconf 90' lang='lat' dir='ltr'>Jam</span> 
     </span>
     <span class='ocr_line' id='line_1_43' title="bbox 207 2497 909 2540; baseline -0.003 -11"><span class='ocrx_word' id='word_1_306' title='bbox 207 2499 400 2539; x_wconf 82' lang='lat' dir='ltr'>ingreditur</span> <span class='ocrx_word' id='word_1_307' title='bbox 428 2501 593 2540; x_wconf 88' lang='lat' dir='ltr'>templum</span> <span class='ocrx_word' id='word_1_308' title='bbox 624 2500 711 2530; x_wconf 85' lang='lat' dir='ltr'>Deae</span> <span class='ocrx_word' id='word_1_309' title='bbox 743 2497 843 2529; x_wconf 85' lang='lat' dir='ltr'>Isidis</span> <span class='ocrx_word' id='word_1_310' title='bbox 875 2498 909 2528; x_wconf 94' lang='lat' dir='ltr'>in</span> 
     </span>
     <span class='ocr_line' id='line_1_44' title="bbox 206 2547 909 2590; baseline -0.004 -10"><span class='ocrx_word' id='word_1_311' title='bbox 206 2559 328 2590; x_wconf 88' lang='lat' dir='ltr'>campo</span> <span class='ocrx_word' id='word_1_312' title='bbox 342 2549 482 2580; x_wconf 86' lang='lat' dir='ltr'>Martio.</span> <span class='ocrx_word' id='word_1_313' title='bbox 527 2549 673 2580; x_wconf 89' lang='lat' dir='ltr'>Videtur</span> <span class='ocrx_word' id='word_1_314' title='bbox 685 2558 787 2580; x_wconf 90' lang='lat' dir='ltr'>unum</span> <span class='ocrx_word' id='word_1_315' title='bbox 803 2549 886 2588; x_wconf 84' lang='lat' dir='ltr'>‘que</span> <span class='ocrx_word' id='word_1_316' title='bbox 900 2547 909 2560; x_wconf 91' lang='lat'>&#39;</span> 
     </span>
     <span class='ocr_line' id='line_1_45' title="bbox 206 2598 912 2640; baseline -0.004 -9"><span class='ocrx_word' id='word_1_317' title='bbox 206 2599 421 2631; x_wconf 87' lang='lat' dir='ltr'>redundare:</span> <span class='ocrx_word' id='word_1_318' title='bbox 455 2609 559 2640; x_wconf 85' lang='lat' dir='ltr'>quare</span> <span class='ocrx_word' id='word_1_319' title='bbox 590 2600 725 2631; x_wconf 89' lang='lat' dir='ltr'>dubitat</span> <span class='ocrx_word' id='word_1_320' title='bbox 754 2598 912 2630; x_wconf 83' lang='lat' dir='ltr'>Raderus</span> 
     </span>
     <span class='ocr_line' id='line_1_46' title="bbox 207 2648 913 2690; baseline -0.004 -8"><span class='ocrx_word' id='word_1_321' title='bbox 207 2660 287 2682; x_wconf 89' lang='lat' dir='ltr'>num</span> <span class='ocrx_word' id='word_1_322' title='bbox 313 2650 530 2681; x_wconf 82' lang='lat' dir='ltr'>scribendum</span> <span class='ocrx_word' id='word_1_323' title='bbox 557 2650 613 2689; x_wconf 88' lang='lat' dir='ltr'>sit,</span> <span class='ocrx_word' id='word_1_324' title='bbox 636 2653 758 2690; x_wconf 78' lang='lat' dir='ltr'>statque</span> <span class='ocrx_word' id='word_1_325' title='bbox 771 2648 913 2688; x_wconf 81' lang='lat' dir='ltr'>subitque</span> 
     </span>
     <span class='ocr_line' id='line_1_47' title="bbox 207 2699 912 2733; baseline -0.006 0"><span class='ocrx_word' id='word_1_326' title='bbox 207 2702 325 2733; x_wconf 84' lang='lat' dir='ltr'>cohors.</span> <span class='ocrx_word' id='word_1_327' title='bbox 372 2701 462 2731; x_wconf 83' lang='lat' dir='ltr'>Nam</span> <span class='ocrx_word' id='word_1_328' title='bbox 489 2701 618 2731; x_wconf 87' lang='lat' dir='ltr'>reversi</span> <span class='ocrx_word' id='word_1_329' title='bbox 643 2700 692 2730; x_wconf 89' lang='lat' dir='ltr'>illi</span> <span class='ocrx_word' id='word_1_330' title='bbox 717 2699 912 2731; x_wconf 84' lang='lat' dir='ltr'>sacerdotes</span> 
     </span>
     <span class='ocr_line' id='line_1_48' title="bbox 210 2749 912 2783; baseline -0.004 0"><span class='ocrx_word' id='word_1_331' title='bbox 210 2756 342 2783; x_wconf 75' lang='lat' dir='ltr'>stantes</span> <span class='ocrx_word' id='word_1_332' title='bbox 376 2750 490 2781; x_wconf 90' lang='lat' dir='ltr'>Deam</span> <span class='ocrx_word' id='word_1_333' title='bbox 518 2749 733 2781; x_wconf 87' lang='lat' dir='ltr'>adorabant:</span> <span class='ocrx_word' id='word_1_334' title='bbox 762 2749 822 2780; x_wconf 89' lang='lat' dir='ltr'>lib.</span> <span class='ocrx_word' id='word_1_335' title='bbox 841 2758 912 2780; x_wconf 75' lang='lat' dir='ltr'>xn-</span> 
     </span>
    </p>
   </div>
   <div class='ocr_carea' id='block_1_10' title="bbox 212 2800 913 2845">
    <p class='ocr_par' dir='ltr' id='par_1_16' title="bbox 212 2800 913 2845">
     <span class='ocr_line' id='line_1_49' title="bbox 212 2800 913 2845; baseline -0.006 -10"><span class='ocrx_word' id='word_1_336' title='bbox 212 2802 316 2845; x_wconf 85' lang='lat' dir='ltr'>Epig.</span> <span class='ocrx_word' id='word_1_337' title='bbox 336 2804 388 2835; x_wconf 82' lang='lat'>29.</span> <span class='ocrx_word' id='word_1_338' title='bbox 411 2801 420 2819; x_wconf 88' lang='lat'>‘</span> <span class='ocrx_word' id='word_1_339' title='bbox 434 2801 532 2834; x_wconf 83' lang='lat' dir='ltr'>Inter</span> <span class='ocrx_word' id='word_1_340' title='bbox 553 2800 736 2833; x_wconf 77' lang='lat' dir='ltr'>adorantes</span> <span class='ocrx_word' id='word_1_341' title='bbox 752 2809 829 2832; x_wconf 89' lang='lat' dir='ltr'>cum</span> <span class='ocrx_word' id='word_1_342' title='bbox 845 2803 913 2832; x_wconf 83' lang='lat' dir='ltr'>ste-</span> 
     </span>
    </p>
   </div>
   <div class='ocr_carea' id='block_1_11' title="bbox 953 1784 1669 2837">
    <p class='ocr_par' dir='ltr' id='par_1_17' title="bbox 953 1784 1658 1882">
     <span class='ocr_line' id='line_1_50' title="bbox 995 1784 1658 1829; baseline -0.014 -8"><span class='ocrx_word' id='word_1_343' title='bbox 995 1794 1013 1822; x_wconf 82' lang='lat'><strong>3</strong></span> <span class='ocrx_word' id='word_1_344' title='bbox 1038 1790 1200 1829; x_wconf 77' lang='lat' dir='ltr'>Temperat</span> <span class='ocrx_word' id='word_1_345' title='bbox 1211 1787 1290 1827; x_wconf 68' lang='lat' dir='ltr'>haee]</span> <span class='ocrx_word' id='word_1_346' title='bbox 1315 1787 1455 1817; x_wconf 85' lang='lat' dir='ltr'>Scilicet</span> <span class='ocrx_word' id='word_1_347' title='bbox 1468 1784 1550 1815; x_wconf 88' lang='lat' dir='ltr'>hora</span> <span class='ocrx_word' id='word_1_348' title='bbox 1567 1786 1658 1813; x_wconf 88' lang='lat' dir='ltr'>octa-</span> 
     </span>
     <span class='ocr_line' id='line_1_51' title="bbox 953 1838 1421 1882; baseline -0.015 -8"><span class='ocrx_word' id='word_1_349' title='bbox 953 1852 1007 1882; x_wconf 83' lang='lat' dir='ltr'>va,</span> <span class='ocrx_word' id='word_1_350' title='bbox 1022 1851 1087 1882; x_wconf 88' lang='lat' dir='ltr'>qua</span> <span class='ocrx_word' id='word_1_351' title='bbox 1102 1840 1265 1871; x_wconf 85' lang='lat' dir='ltr'>lavabant</span> <span class='ocrx_word' id='word_1_352' title='bbox 1279 1838 1421 1878; x_wconf 83' lang='lat' dir='ltr'>antiqui.</span> 
     </span>
    </p>

    <p class='ocr_par' dir='ltr' id='par_1_18' title="bbox 997 1887 1558 1931">
     <span class='ocr_line' id='line_1_52' title="bbox 997 1887 1558 1931; baseline -0.011 -9"><span class='ocrx_word' id='word_1_353' title='bbox 997 1891 1095 1923; x_wconf 80' lang='lat' dir='ltr'>Prior</span> <span class='ocrx_word' id='word_1_354' title='bbox 1109 1890 1199 1931; x_wconf 80' lang='lat' dir='ltr'>hora]</span> <span class='ocrx_word' id='word_1_355' title='bbox 1221 1889 1375 1929; x_wconf 86' lang='lat' dir='ltr'>Septima</span> <span class='ocrx_word' id='word_1_356' title='bbox 1388 1887 1558 1917; x_wconf 88' lang='lat' dir='ltr'>nimirum.</span> 
     </span>
    </p>

    <p class='ocr_par' dir='ltr' id='par_1_19' title="bbox 957 1933 1659 2023">
     <span class='ocr_line' id='line_1_53' title="bbox 997 1933 1659 1978; baseline -0.012 -6"><span class='ocrx_word' id='word_1_357' title='bbox 997 1944 1017 1972; x_wconf 86' lang='grc'>4</span> <span class='ocrx_word' id='word_1_358' title='bbox 1044 1942 1088 1971; x_wconf 87' lang='lat' dir='ltr'>Et</span> <span class='ocrx_word' id='word_1_359' title='bbox 1102 1939 1280 1978; x_wconf 78' lang='lat' dir='ltr'>immodico]</span> <span class='ocrx_word' id='word_1_360' title='bbox 1308 1938 1383 1968; x_wconf 88' lang='lat' dir='ltr'>Hoc</span> <span class='ocrx_word' id='word_1_361' title='bbox 1399 1941 1464 1975; x_wconf 88' lang='lat' dir='ltr'>est,</span> <span class='ocrx_word' id='word_1_362' title='bbox 1478 1933 1659 1966; x_wconf 87' lang='lat' dir='ltr'>immodice</span> 
     </span>
     <span class='ocr_line' id='line_1_54' title="bbox 957 1985 1573 2023; baseline -0.013 0"><span class='ocrx_word' id='word_1_363' title='bbox 957 1990 1180 2023; x_wconf 77' lang='lat' dir='ltr'>aestuantibus</span> <span class='ocrx_word' id='word_1_364' title='bbox 1198 1989 1338 2020; x_wconf 82' lang='lat' dir='ltr'>thermis</span> <span class='ocrx_word' id='word_1_365' title='bbox 1355 1985 1573 2019; x_wconf 86' lang='lat' dir='ltr'>Neronianis.</span> 
     </span>
    </p>

    <p class='ocr_par' dir='ltr' id='par_1_20' title="bbox 958 2036 1659 2123">
     <span class='ocr_line' id='line_1_55' title="bbox 1000 2036 1659 2080; baseline -0.011 -7"><span class='ocrx_word' id='word_1_366' title='bbox 1000 2046 1017 2072; x_wconf 90' lang='lat'>5</span> <span class='ocrx_word' id='word_1_367' title='bbox 1043 2041 1155 2080; x_wconf 84' lang='lat' dir='ltr'>Stella,</span> <span class='ocrx_word' id='word_1_368' title='bbox 1169 2039 1288 2080; x_wconf 86' lang='lat' dir='ltr'>Nepos]</span> <span class='ocrx_word' id='word_1_369' title='bbox 1312 2038 1423 2069; x_wconf 88' lang='lat' dir='ltr'>Amici</span> <span class='ocrx_word' id='word_1_370' title='bbox 1444 2041 1480 2068; x_wconf 90' lang='lat' dir='ltr'>et</span> <span class='ocrx_word' id='word_1_371' title='bbox 1505 2036 1659 2068; x_wconf 85' lang='lat' dir='ltr'>convivae</span> 
     </span>
     <span class='ocr_line' id='line_1_56' title="bbox 958 2092 1143 2123; baseline -0.011 0"><span class='ocrx_word' id='word_1_372' title='bbox 958 2092 1143 2123; x_wconf 83' lang='lat' dir='ltr'>Martialis.</span> 
     </span>
    </p>

    <p class='ocr_par' dir='ltr' id='par_1_21' title="bbox 960 2139 1663 2281">
     <span class='ocr_line' id='line_1_57' title="bbox 1002 2139 1661 2181; baseline -0.011 -8"><span class='ocrx_word' id='word_1_373' title='bbox 1002 2146 1022 2173; x_wconf 88' lang='grc'><strong>6</strong></span> <span class='ocrx_word' id='word_1_374' title='bbox 1045 2139 1282 2181; x_wconf 79' lang='lat' dir='ltr'>Sigma,ca1›it]</span> <span class='ocrx_word' id='word_1_375' title='bbox 1304 2139 1430 2170; x_wconf 87' lang='lat' dir='ltr'>Lectus</span> <span class='ocrx_word' id='word_1_376' title='bbox 1445 2141 1522 2168; x_wconf 90' lang='lat' dir='ltr'>erat</span> <span class='ocrx_word' id='word_1_377' title='bbox 1533 2143 1661 2167; x_wconf 83' lang='lat' dir='ltr'>mensae</span> 
     </span>
     <span class='ocr_line' id='line_1_58' title="bbox 960 2187 1663 2229; baseline -0.011 -5"><span class='ocrx_word' id='word_1_378' title='bbox 960 2192 1234 2225; x_wconf 83' lang='lat' dir='ltr'>accommodatus</span> <span class='ocrx_word' id='word_1_379' title='bbox 1270 2191 1379 2221; x_wconf 80' lang='lat' dir='ltr'>instar</span> <span class='ocrx_word' id='word_1_380' title='bbox 1408 2189 1518 2229; x_wconf 84' lang='lat' dir='ltr'>sigma</span> <span class='ocrx_word' id='word_1_381' title='bbox 1552 2187 1663 2218; x_wconf 81' lang='lat' dir='ltr'>literae</span> 
     </span>
     <span class='ocr_line' id='line_1_59' title="bbox 960 2240 1480 2281; baseline -0.008 -7"><span class='ocrx_word' id='word_1_382' title='bbox 960 2243 1116 2274; x_wconf 77' lang='lat' dir='ltr'>Graecoe:</span> <span class='ocrx_word' id='word_1_383' title='bbox 1141 2242 1200 2272; x_wconf 89' lang='lat' dir='ltr'>lib.</span> <span class='ocrx_word' id='word_1_384' title='bbox 1215 2250 1293 2272; x_wconf 68' lang='grc' dir='ltr'>ΧΠ.</span> <span class='ocrx_word' id='word_1_385' title='bbox 1310 2240 1410 2281; x_wconf 81' lang='lat' dir='ltr'>Epig.</span> <span class='ocrx_word' id='word_1_386' title='bbox 1427 2242 1480 2270; x_wconf 83' lang='lat'>87.</span> 
     </span>
    </p>

    <p class='ocr_par' dir='ltr' id='par_1_22' title="bbox 961 2288 1666 2431">
     <span class='ocr_line' id='line_1_60' title="bbox 1003 2288 1661 2331; baseline -0.008 -8"><span class='ocrx_word' id='word_1_387' title='bbox 1003 2296 1021 2324; x_wconf 90' lang='grc'>7</span> <span class='ocrx_word' id='word_1_388' title='bbox 1050 2291 1188 2331; x_wconf 69' lang='lat' dir='ltr'>Malo-as]</span> <span class='ocrx_word' id='word_1_389' title='bbox 1219 2292 1312 2323; x_wconf 85' lang='lat' dir='ltr'>Quas</span> <span class='ocrx_word' id='word_1_390' title='bbox 1339 2291 1457 2321; x_wconf 88' lang='lat' dir='ltr'>molles</span> <span class='ocrx_word' id='word_1_391' title='bbox 1486 2288 1575 2319; x_wconf 84' lang='lat' dir='ltr'>dixit</span> <span class='ocrx_word' id='word_1_392' title='bbox 1604 2288 1661 2319; x_wconf 88' lang='lat' dir='ltr'>lib.</span> 
     </span>
     <span class='ocr_line' id='line_1_61' title="bbox 961 2338 1666 2384; baseline -0.01 -9"><span class='ocrx_word' id='word_1_393' title='bbox 961 2354 1018 2376; x_wconf 89' lang='lat'>111.</span> <span class='ocrx_word' id='word_1_394' title='bbox 1043 2344 1144 2384; x_wconf 82' lang='lat' dir='ltr'>Epig.</span> <span class='ocrx_word' id='word_1_395' title='bbox 1172 2345 1225 2373; x_wconf 79' lang='lat'>88.</span> <span class='ocrx_word' id='word_1_396' title='bbox 1250 2343 1305 2372; x_wconf 92' lang='lat' dir='ltr'>De</span> <span class='ocrx_word' id='word_1_397' title='bbox 1331 2340 1474 2371; x_wconf 88' lang='lat' dir='ltr'>lactucis</span> <span class='ocrx_word' id='word_1_398' title='bbox 1498 2343 1533 2369; x_wconf 91' lang='lat' dir='ltr'>et</span> <span class='ocrx_word' id='word_1_399' title='bbox 1556 2338 1666 2379; x_wconf 86' lang='lat' dir='ltr'>porris</span> 
     </span>
     <span class='ocr_line' id='line_1_62' title="bbox 962 2392 1424 2431; baseline -0.013 -5"><span class='ocrx_word' id='word_1_400' title='bbox 962 2395 1091 2426; x_wconf 88' lang='lat' dir='ltr'>dictum</span> <span class='ocrx_word' id='word_1_401' title='bbox 1107 2393 1166 2424; x_wconf 87' lang='lat' dir='ltr'>lib.</span> <span class='ocrx_word' id='word_1_402' title='bbox 1180 2401 1235 2423; x_wconf 88' lang='lat'>111.</span> <span class='ocrx_word' id='word_1_403' title='bbox 1254 2392 1354 2431; x_wconf 86' lang='lat' dir='ltr'>Epig.</span> <span class='ocrx_word' id='word_1_404' title='bbox 1370 2394 1424 2421; x_wconf 85' lang='grc'>47.</span> 
     </span>
    </p>

    <p class='ocr_par' dir='ltr' id='par_1_23' title="bbox 962 2440 1665 2526">
     <span class='ocr_line' id='line_1_63' title="bbox 1007 2440 1665 2481; baseline -0.011 -6"><span class='ocrx_word' id='word_1_405' title='bbox 1007 2448 1047 2475; x_wconf 89' lang='grc'>10</span> <span class='ocrx_word' id='word_1_406' title='bbox 1072 2442 1246 2474; x_wconf 77' lang='lat' dir='ltr'>Ructatrz&#39;x</span> <span class='ocrx_word' id='word_1_407' title='bbox 1261 2441 1400 2481; x_wconf 82' lang='lat' dir='ltr'>mentha]</span> <span class='ocrx_word' id='word_1_408' title='bbox 1425 2440 1515 2472; x_wconf 79' lang='lat' dir='ltr'>Quia</span> <span class='ocrx_word' id='word_1_409' title='bbox 1530 2442 1665 2469; x_wconf 80' lang='lat' dir='ltr'>ructum</span> 
     </span>
     <span class='ocr_line' id='line_1_64' title="bbox 962 2499 1089 2526; baseline -0.016 0"><span class='ocrx_word' id='word_1_410' title='bbox 962 2499 1089 2526; x_wconf 88' lang='lat' dir='ltr'>movet.</span> 
     </span>
    </p>

    <p class='ocr_par' dir='ltr' id='par_1_24' title="bbox 965 2541 1669 2636">
     <span class='ocr_line' id='line_1_65' title="bbox 1007 2541 1669 2584; baseline -0.008 -8"><span class='ocrx_word' id='word_1_411' title='bbox 1007 2545 1119 2576; x_wconf 81' lang='lat' dir='ltr'>Herba</span> <span class='ocrx_word' id='word_1_412' title='bbox 1141 2544 1246 2584; x_wconf 80' lang='lat' dir='ltr'>salax]</span> <span class='ocrx_word' id='word_1_413' title='bbox 1297 2543 1442 2573; x_wconf 84' lang='lat' dir='ltr'>Erucam</span> <span class='ocrx_word' id='word_1_414' title='bbox 1471 2541 1669 2582; x_wconf 80' lang='lat' dir='ltr'>intelligunt</span> 
     </span>
     <span class='ocr_line' id='line_1_66' title="bbox 965 2592 1632 2636; baseline -0.009 -9"><span class='ocrx_word' id='word_1_415' title='bbox 965 2596 1188 2636; x_wconf 84' lang='lat' dir='ltr'>interpretes,</span> <span class='ocrx_word' id='word_1_416' title='bbox 1206 2603 1280 2635; x_wconf 87' lang='lat' dir='ltr'>quae</span> <span class='ocrx_word' id='word_1_417' title='bbox 1298 2592 1472 2623; x_wconf 88' lang='lat' dir='ltr'>libidinem</span> <span class='ocrx_word' id='word_1_418' title='bbox 1489 2593 1632 2622; x_wconf 80' lang='lat' dir='ltr'>excitat.</span> 
     </span>
    </p>

    <p class='ocr_par' dir='ltr' id='par_1_25' title="bbox 967 2642 1669 2789">
     <span class='ocr_line' id='line_1_67' title="bbox 999 2642 1667 2685; baseline -0.012 -7"><span class='ocrx_word' id='word_1_419' title='bbox 999 2650 1035 2678; x_wconf 90' lang='lat'>11</span> <span class='ocrx_word' id='word_1_420' title='bbox 1052 2644 1201 2685; x_wconf 64' lang='lat' dir='ltr'>Rutulos]</span> <span class='ocrx_word' id='word_1_421' title='bbox 1216 2644 1291 2675; x_wconf 81' lang='lat' dir='ltr'>Hoc</span> <span class='ocrx_word' id='word_1_422' title='bbox 1305 2647 1455 2682; x_wconf 87' lang='lat' dir='ltr'>est,ruta</span> <span class='ocrx_word' id='word_1_423' title='bbox 1467 2642 1575 2672; x_wconf 86' lang='lat' dir='ltr'>herba</span> <span class='ocrx_word' id='word_1_424' title='bbox 1588 2650 1667 2672; x_wconf 91' lang='lat' dir='ltr'>con-</span> 
     </span>
     <span class='ocr_line' id='line_1_68' title="bbox 967 2692 1669 2734; baseline -0.011 -5"><span class='ocrx_word' id='word_1_425' title='bbox 967 2699 1057 2730; x_wconf 88' lang='lat' dir='ltr'>ditos</span> <span class='ocrx_word' id='word_1_426' title='bbox 1070 2698 1216 2728; x_wconf 87' lang='lat' dir='ltr'>lacertos</span> <span class='ocrx_word' id='word_1_427' title='bbox 1226 2707 1234 2727; x_wconf 73' lang='grc' dir='ltr'><strong><em>ι</em></strong></span> <span class='ocrx_word' id='word_1_428' title='bbox 1244 2695 1302 2726; x_wconf 92' lang='lat' dir='ltr'>lib.</span> <span class='ocrx_word' id='word_1_429' title='bbox 1312 2703 1377 2725; x_wconf 85' lang='lat' dir='ltr'>vn.</span> <span class='ocrx_word' id='word_1_430' title='bbox 1388 2693 1486 2734; x_wconf 83' lang='lat' dir='ltr'>Epig.</span> <span class='ocrx_word' id='word_1_431' title='bbox 1496 2695 1549 2723; x_wconf 83' lang='grc'>78.</span> <span class='ocrx_word' id='word_1_432' title='bbox 1559 2693 1567 2707; x_wconf 96' lang='lat'>‘</span> <span class='ocrx_word' id='word_1_433' title='bbox 1577 2692 1669 2722; x_wconf 89' lang='lat' dir='ltr'>Dum</span> 
     </span>
     <span class='ocr_line' id='line_1_69' title="bbox 968 2742 1574 2789; baseline -0.013 -8"><span class='ocrx_word' id='word_1_434' title='bbox 968 2748 1125 2781; x_wconf 84' lang='lat' dir='ltr'>saxetani</span> <span class='ocrx_word' id='word_1_435' title='bbox 1142 2751 1289 2789; x_wconf 84' lang='lat' dir='ltr'>ponatur</span> <span class='ocrx_word' id='word_1_436' title='bbox 1304 2745 1415 2777; x_wconf 85' lang='lat' dir='ltr'>cauda</span> <span class='ocrx_word' id='word_1_437' title='bbox 1429 2742 1574 2775; x_wconf 87' lang='lat' dir='ltr'>lacerti.’</span> 
     </span>
    </p>

    <p class='ocr_par' dir='ltr' id='par_1_26' title="bbox 1011 2791 1668 2837">
     <span class='ocr_line' id='line_1_70' title="bbox 1011 2791 1668 2837; baseline -0.012 -6"><span class='ocrx_word' id='word_1_438' title='bbox 1011 2802 1051 2831; x_wconf 82' lang='lat'>12</span> <span class='ocrx_word' id='word_1_439' title='bbox 1076 2800 1121 2831; x_wconf 84' lang='lat' dir='ltr'>Et</span> <span class='ocrx_word' id='word_1_440' title='bbox 1147 2796 1320 2837; x_wconf 79' lang='lat' dir='ltr'>madidum]</span> <span class='ocrx_word' id='word_1_441' title='bbox 1355 2795 1432 2827; x_wconf 89' lang='lat' dir='ltr'>Hoc</span> <span class='ocrx_word' id='word_1_442' title='bbox 1462 2798 1530 2834; x_wconf 77' lang='lat' dir='ltr'>est,</span> <span class='ocrx_word' id='word_1_443' title='bbox 1553 2796 1591 2824; x_wconf 86' lang='lat' dir='ltr'>ut</span> <span class='ocrx_word' id='word_1_444' title='bbox 1620 2791 1668 2824; x_wconf 88' lang='lat' dir='ltr'>ait</span> 
     </span>
    </p>
   </div>
  </div>
 </body>
</html>
