1893 3225
584 201 988 231 Ei‘icssAmMA'rvM
1028 201 1117 230 Lm.
1153 202 1199 231 x.
1544 193 1628 233 747

291 294 380 335 Sed
401 299 551 336 castos
573 295 716 343 docet,
739 298 782 335 et
803 295 904 348 pios
926 307 1112 344 amores,

286 363 448 413 Lusus,
470 363 673 413 delicias,
692 363 986 416 facetiasquc.

285 431 429 485 Cujus
450 433 645 473 carmina
667 432 742 485 qui
763 432 874 472 bene
893 431 1139 481 aestimarit,
1577 433 1629 472 10

288 500 470 541 Nullam
493 500 652 541 dixerit
669 513 768 541 esse
789 501 1066 552 nequiorem,

289 566 470 608 Nullam
493 567 656 608 dixerit
675 581 773 608 esse
793 568 1069 608 sanctiorem.

286 635 423 676 Tales
446 635 616 689 Egeriae
632 635 768 690 Jocos
790 635 926 676 fuisse

288 703 391 744 Udo
414 704 671 745 crediderim
693 704 855 745 Numae
876 704 959 744 sub
982 708 1117 744 antro.

289 771 392 812 Hac
416 772 744 826 condiscipula,
766 772 837 813 vel
860 771 944 812 hac
966 772 1176 824 magistra
1576 771 1631 810 15

289 840 425 880 Esses
447 840 622 881 doctior
643 846 688 881 et
703 840 884 894 pudica,
904 839 1103 893 Sappho.

287 907 374 948 Sed
396 912 541 949 tecum
555 911 718 963 pariter
739 909 955 962 simulque
976 909 1119 949 visam

287 974 437 1016 Durus
459 976 704 1030 Sulpiciam
729 976 886 1017 Phaon
908 981 1092 1016 amaret.

289 1042 475 1085 Frustra
494 1058 503 1085 ε
532 1057 721 1098 namque
743 1057 795 1085 ea
814 1057 898 1085 nec
920 1043 1138 1085 Tonantis
1162 1057 1290 1093 uxor,

289 1109 387 1151 Nec
409 1111 594 1161 Bacchi,
616 1125 695 1152 nec
716 1111 942 1164 Apollinis
962 1113 1112 1165 puella
1575 1110 1631 1151 20

289 1178 457 1234 Erepto
479 1179 566 1221 sibi
587 1180 758 1221 viveret
779 1179 962 1221 Caleno.

172 1301 257 1333 docet
271 1311 366 1341 puros
379 1305 409 1332 et
431 1302 500 1342 pios
520 1312 649 1343 amores,
662 1304 761 1342 jocos,
782 1303 919 1341 deheim,
942 1306 971 1333 et
986 1302 1196 1340 festivitates.
1244 1302 1295 1332 De
1318 1302 1403 1341 cujus
1425 1299 1561 1331 versibus
1578 1300 1632 1339 qui

172 1347 254 1375 recte
269 1344 476 1384 judicaverit,
497 1346 614 1376 nullam
639 1347 759 1377 dixerit
781 1355 844 1377 esse
867 1345 1041 1376 castiorem.
1088 1345 1346 1376 Existimueerz'm
1368 1343 1514 1385 eJ'usmodi
1531 1342 1633 1380 fuisse

172 1387 258 1418 ludos
273 1388 414 1426 AEgeriae
425 1389 481 1418 sub
495 1389 621 1419 humida
636 1390 778 1429 spelunca
796 1390 831 1419 N
832 1398 921 1419 umoe.
966 1388 1038 1419 Hac
1053 1388 1273 1429 condiscipula,
1289 1391 1343 1418 aut
1358 1388 1414 1418 hoc
1430 1386 1595 1425 magistra,
1612 1395 1632 1415 o

174 1430 312 1470 Sappho,
329 1441 410 1461 esses
420 1433 541 1462 doctior
554 1435 584 1462 et
598 1435 696 1463 casta.
741 1433 805 1463 Sed
819 1433 915 1462 durus
928 1430 1036 1461 Phaon
1053 1432 1199 1470 diligeret
1216 1431 1388 1470 Sulpiciam
1401 1433 1499 1460 tecum
1514 1428 1633 1469 pariter

173 1477 204 1504 et
218 1474 310 1503 simul
324 1477 504 1514 spectatam.
550 1475 732 1505 Inutiliter:
756 1475 870 1505 etenim
884 1473 940 1504 illa
955 1483 1008 1505 nec
1020 1484 1099 1505 uxor
1119 1475 1211 1505 Joris
1225 1474 1331 1514 facta,
1352 1483 1408 1504 nec
1424 1473 1554 1511 Bacchi,
1579 1480 1632 1502 nec

175 1516 278 1556 puella
290 1516 446 1556 Apollinis
458 1517 577 1548 viveret
589 1518 716 1557 privata
732 1519 848 1548 Caleno
863 1526 917 1547 suo
931 1516 1065 1548 marito.

785 1592 902 1603 ““““

906 1592 1022 1604 cccccc

219 1642 248 1670 1.
262 1642 280 1670 3
295 1639 418 1679 Legunt
434 1641 580 1671 Van—8
598 1642 715 1671 Probos
732 1651 793 1682 pro
810 1642 878 1682 pios
892 1643 969 1674 cod.
985 1641 1207 1672 Beverl.—ll
1229 1639 1331 1670 Hunc
1348 1648 1396 1669 νε.
1422 1643 1516 1668 recte
1530 1638 1633 1678 aqui-

176 1682 318 1714 busdam
348 1683 503 1714 additum
525 1689 644 1715 censet
658 1685 906 1724 Beverlandns,
922 1690 957 1716 et
970 1684 1197 1715 consulendos
1212 1684 1285 1713 vnit
1298 1681 1504 1723 Scaligerum
1522 1681 1554 1710 in
1567 1681 1632 1720 Ep.

173 1731 210 1757 et
227 1725 417 1756 Heraldnm
435 1726 467 1757 in
482 1726 630 1767 Apolog.
650 1728 951 1759 '1'e1·tulliani.—l4
967 1727 1130 1759 Credimus
1143 1727 1208 1756 Ms.
1225 1725 1361 1756 Beverl.
1381 1729 1417 1754 et
1433 1734 1479 1754 vs.
1497 1726 1548 1754 15.
1565 1733 1634 1754 cum

171 1769 335 1808 discipula,
360 1775 395 1799 et
412 1779 459 1799 vs.
472 1771 522 1799 18.
550 1770 747 1802 Pean.—18.
767 1773 805 1802 19
827 1773 836 1788 ‘
851 1771 907 1802 Sic
923 1770 1059 1812 legend.
1073 1769 1230 1800 existimo
1244 1769 1332 1799 hunc
1348 1768 1367 1798 Ι.
1381 1767 1490 1798 Phaon
1502 1770 1635 1804 amaret,

174 1812 320 1843 Frustra.
336 1811 482 1852 Namque
496 1811 562 1852 &cl
577 1812 720 1844 Hei-ald.

833 1866 974 1899 NOTAE

218 1935 256 1962 10
282 1931 379 1970 Cujus
404 1932 558 1972 carmina]
597 1932 683 1963 Post
698 1933 787 1964 hune
803 1943 878 1964 ver-

936 1932 1009 1962 Dea
1022 1937 1122 1971 grata
1138 1929 1325 1961 Camaenis:
1340 1928 1405 1959 Illa
1418 1928 1540 1959 Numae
1555 1937 1632 1959 con-

173 1992 243 2014 sum
260 1982 417 2022 [rectius,
435 1988 512 2023 post
528 1992 577 2013 vs.
595 1982 664 2023 11.]
677 1984 732 2014 alii
748 1983 879 2015 addunt
928 1982 993 2022 jux
1011 1980 1259 2021 consiliumque
1277 1978 1369 2010 fuit)

173 2033 287 2073 istum,
305 2034 436 2064 Nullam
457 2033 573 2064 dixerit
602 2043 665 2063 esse
692 2033 878 2073 nequiorem.

174 2085 310 2115 Etenim
342 2085 434 2115 lusus
465 2078 501 2114 et
528 2084 667 2115 delicias
696 2084 878 2124 conjugum

172 2135 360 2175 scripserat
375 2135 526 2175 Sulpicia
541 2146 550 2173 ;
573 2145 614 2165 ex
627 2135 746 2176 quibus
761 2135 879 2176 nequi-

178 2196 217 2217 or
244 2185 361 2217 haberi
393 2191 553 2225 potera13
591 2190 626 2216 at
651 2185 877 2216 consideratis

174 2237 246 2276 ejus
262 2236 424 2276 moribus,
440 2236 632 2267 castissima
653 2235 803 2276 judicari
819 2236 877 2266 de-

175 2287 260 2320 buit.

220 2341 260 2369 13
284 2338 441 2378 AEgerioe]
465 2339 551 2371 Quae
568 2336 636 2368 fuit
652 2338 774 2368 Numae
798 2347 876 2369 con-

168 2391 245 2431 jux,
260 2389 303 2420 de
319 2400 386 2431 qna
412 2390 470 2421 lib.
486 2399 537 2421 vr.
565 2390 666 2430 Epig.
691 2392 745 2420 47.
773 2400 793 2420 a
810 2400 877 2430 qua

176 2441 338 2472 divinitus
365 2441 478 2472 doceri
503 2451 538 2472 se
563 2441 596 2471 in
621 2446 718 2472 antro
736 2440 876 2472 Aricino

176 2491 327 2531 fingebat
354 2491 478 2522 Numa.
513 2491 658 2522 Ovidius
675 2500 734 2522 ιιι.
758 2491 876 2522 Fasto—

180 2551 271 2572 rum:
289 2541 298 2558 ‘
313 2541 448 2581 AEgeria
461 2546 514 2572 est
528 2550 603 2582 quae
614 2541 748 2582 praebet
760 2550 876 2581 aquas,

979 2036 1019 2064 16
1052 2030 1191 2072 Sappho]
1229 2030 1370 2061 Potin-ia
1399 2030 1560 2069 celebris,
1590 2030 1632 2060 de

935 2094 1001 2126 qua
1044 2083 1104 2114 lib.
1136 2091 1200 2112 vn.
1231 2081 1330 2122 Epig.
1361 2083 1414 2112 69.
1442 2091 1518 2121 quae
1545 2081 1632 2111 Pha-

935 2144 1033 2165 onem
1072 2132 1206 2173 perdite
1243 2131 1384 2170 amavit,
1417 2142 1437 2161 a
1463 2141 1528 2172 quo
1567 2131 1633 2162 fuit

934 2188 1128 2222 contemta3
1154 2188 1201 2222 at,
1228 2182 1336 2223 inquit
1350 2181 1475 2221 Poeta,
1489 2181 1633 2222 Sulpici-

933 2245 986 2266 am
1005 2235 1158 2272 arsisset,
1186 2243 1249 2264 nec
1273 2242 1364 2273 aegre
1388 2233 1523 2264 tulisset
1548 2233 1631 2273 Sap-

931 2287 1011 2327 pho.

974 2339 1016 2367 20
1041 2336 1108 2366 Nec
1133 2334 1268 2375 Bacchi]
1304 2333 1455 2365 Ariadne
1485 2343 1630 2374 nempe:

930 2387 1079 2427 Daphne
1109 2395 1189 2416 vero
1216 2385 1258 2416 ab
1282 2384 1441 2425 Apolline
1464 2384 1631 2416 adamata.

932 2438 1064 2469 Horum
1082 2437 1229 2467 omnium
1244 2440 1324 2466 nota
1335 2436 1482 2468 historia.

975 2492 1015 2520 21
1043 2487 1171 2528 Caleno]
1193 2487 1246 2519 De
1263 2496 1330 2528 quo
1344 2487 1443 2529 Epig.
1461 2490 1514 2520 38.
1532 2486 1630 2520 infra.
