1893 3225
250 253 334 295 906
724 263 774 292 M.
807 261 919 292 VAL.
952 260 1225 291 MARTIALIS

364 357 604 399 Custodem
626 356 822 412 Scythici
843 357 983 399 fuisse
1005 358 1111 398 luci.
1672 369 1700 400 o

364 426 456 466 Sed
479 438 629 475 causa,
651 430 699 466 ut
719 439 955 476 memorem,
978 432 1022 466 et
1043 426 1138 479 ipse
1153 425 1318 479 jactas,

365 494 487 534 Dirae
508 492 626 533 filius
649 497 719 533 est
739 494 1020 547 rapacitatis.

364 559 421 601 Et
441 561 544 614 quid
565 565 611 601 tu
633 560 779 601 fatuos
808 561 1028 614 rudesque
1052 560 1227 615 quaeris,

366 628 535 669 Illudas
557 628 731 681 quibus,
752 629 1012 681 auferasque
1036 628 1256 668 mentem?

369 696 491 737 Huic
515 709 688 750 semper
712 697 818 737 vitio
837 701 960 749 pater
978 696 1116 736 fuisti.
1639 696 1695 736 10

250 802 349 832 lucum
367 800 546 841 Scythicum
561 803 693 830 narrant
705 800 814 840 po'e'loe.
860 799 922 830 Sed
936 800 1029 841 filius
1050 800 1126 830 ‹lira›
1148 798 1334 839 rapacitatis
1360 809 1450 830 causa
1471 803 1529 839 est,
1543 802 1577 830 ut
1592 809 1702 830 narras

249 848 342 884 atque
359 844 423 883 ipse
437 844 599 883 praedicas,
648 844 689 873 Et
712 844 784 883 quid
801 846 834 873 tu
850 843 963 882 quoeris
979 844 1133 873 dementes
1150 845 1242 882 atque
1256 843 1426 882 imperitos,
1442 842 1550 882 quibus
1565 842 1701 883 imponas

249 890 340 926 atque
353 886 478 924 auferas
492 883 648 916 mentem?
671 886 799 926 Semper
811 885 1006 926 patersuistz'
1020 885 1090 915 huic
1102 885 1189 916 vitio.

859 979 1096 991 “mua“

249 1040 402 1072 busdam.
450 1041 529 1071 Nidi
546 1051 608 1081 pro
625 1041 685 1072 lucz·
702 1042 735 1072 in
752 1051 858 1081 marg.
876 1042 929 1073 ed.
948 1042 1145 1082 Langii.-6
1160 1041 1261 1072 Malit
1281 1041 1336 1071 De
1354 1041 1450 1080 Rooy
1473 1039 1534 1071 Sed
1549 1049 1651 1078 causa,
1665 1044 1701 1071 ut

248 1087 427 1122 memorant,
444 1085 604 1114 nonnulla
621 1089 733 1115 tamen
761 1085 986 1124 dubitatione,
1002 1085 1099 1125 cujus
1122 1085 1167 1115 ita
1186 1084 1389 1114 mentionem
1406 1082 1490 1114 facit
1507 1082 1701 1123 Anonymus

246 1128 280 1156 in
296 1127 359 1166 Ep.
375 1128 502 1158 Critica
517 1127 604 1157 libro
620 1127 771 1167 ejusdem
786 1129 841 1158 De
861 1128 957 1168 Rooy
970 1128 1109 1168 praetixa
1125 1140 1130 1156 z
1147 1129 1156 1145 ⁶
1172 1127 1311 1158 Haesisti
1329 1127 1361 1156 in
1377 1127 1439 1157 hoc
1456 1126 1543 1165 loco,
1556 1126 1599 1156 V.
1616 1125 1654 1157 C.
1668 1126 1701 1155 in

248 1170 401 1209 Conjcct.
420 1180 452 1210 p.
469 1173 520 1200 77.
537 1179 646 1210 neque
660 1171 779 1200 mirum
797 1181 805 1201 ε
835 1177 996 1210 corrupta
1011 1172 1080 1201 illic
1098 1171 1220 1208 onmia,
1239 1179 1348 1210 neque
1372 1169 1597 1208 interpretum
1616 1169 1702 1208 quis-

249 1221 347 1252 quam
364 1211 472 1243 facem
490 1213 663 1252 praetulit;
688 1220 721 1244 at
737 1213 894 1244 destituti
908 1214 1012 1244 etiam
1030 1213 1114 1244 Cod.
1129 1213 1259 1243 Thuani
1275 1212 1424 1249 fuerunt,
1449 1212 1505 1251 qui
1520 1213 1700 1242 sanitatem

246 1255 335 1285 solus
350 1256 536 1294 praestabit,
560 1256 747 1287 mutatione
765 1257 861 1286 unius
879 1257 1043 1287 literulae:
1067 1256 1150 1295 legit
1167 1256 1254 1286 euim
1272 1255 1362 1286 Dirce
1376 1254 1468 1295 filius
1490 1264 1522 1284 es
1546 1254 1702 1294 rapacita-

248 1299 305 1328 tis:
332 1298 428 1335 Euge
453 1308 531 1329 vero
548 1303 584 1329 et
608 1299 714 1329 belle!
743 1299 798 1329 lux
813 1308 831 1329 e
849 1299 1018 1330 tenebris!
1046 1299 1160 1329 Facile
1179 1307 1267 1328 nuuc
1290 1298 1403 1337 priora
1420 1297 1589 1328 restitues,
1635 1297 1703 1326 Ex·

247 1341 372 1371 tulerat
386 1341 495 1371 Poe‘ta
518 1341 694 1371 avaritiam
718 1342 860 1372 hominis
876 1352 884 1378 3
902 1352 989 1372 nuuc
1007 1341 1122 1372 addit:
1149 1341 1220 1371 Hac
1236 1350 1337 1378 causa,
1352 1343 1386 1370 ut
1403 1343 1580 1376 memorant,
1594 1342 1624 1369 et
1639 1339 1703 1378 ipse

239 1384 356 1422 jactas,
372 1384 561 1424 Diroefilins
573 1395 604 1414 es
620 1384 888 1424 rapacitatis.’—S
907 1385 949 1415 Ut
961 1385 1047 1424 quid,
1073 1384 1261 1414 Scriverius
1277 1384 1307 1413 iu
1331 1383 1392 1413 Ed.
1414 1383 1490 1412 anni
1509 1384 1601 1412 1650.
1645 1382 1702 1419 At,

247 1427 319 1464 quid
336 1427 478 1467 conjicit
499 1428 554 1457 De
573 1428 677 1467 Rooy.
723 1427 844 1458 Editor
871 1427 993 1468 Delph.
1014 1427 1193 1467 legendum
1219 1430 1339 1456 censet
1355 1426 1488 1465 Ecquid,
1512 1430 1549 1455 ut
1572 1424 1630 1455 lib.
1649 1433 1700 1455 XI.

248 1469 347 1509 Epig.
366 1472 395 1499 l.

906 1511 1044 1543 NOTAE

290 1584 310 1611 S
336 1581 381 1612 Et
406 1581 494 1621 quid]
521 1580 588 1612 Alii
614 1584 648 1612 ut
671 1581 764 1622 quid.-
787 1582 851 1612 hoc
876 1586 944 1612 est:
1003 1581 1058 1611 nia
1084 1580 1279 1611 necessaria
1304 1589 1403 1611 avare
1429 1588 1587 1610 recusans
1602 1588 1705 1610 causa

248 1630 301 1662 Au
325 1636 423 1671 putas
453 1642 511 1662 nos
542 1642 615 1663 esse
643 1632 835 1672 dementes,
865 1643 948 1673 quos
1003 1630 1096 1662 fuisti
1125 1631 1334 1671 rapacitatis,
1378 1630 1446 1661 Alii
1469 1630 1517 1659 sic
1533 1629 1702 1669 interpre-

247 1680 350 1712 t'acile
372 1681 434 1712 hac
450 1682 668 1713 excusatione
687 1692 765 1712 usus
783 1682 950 1723 decipias,
1005 1687 1141 1713 tantur:
1167 1682 1220 1712 Tu
1234 1691 1367 1721 semper
1383 1680 1480 1711 fuisti
1492 1684 1590 1720 pater
1604 1680 1703 1720 hujus

249 1736 444 1771 praetexens
470 1741 592 1773 nempe
621 1732 670 1763 tui
692 1731 753 1764 filii
780 1734 948 1774 rapacita-
1006 1734 1092 1773 vitii,
1109 1733 1259 1764 avaritia),
1276 1732 1432 1763 nimirum
1447 1736 1481 1762 et
1494 1730 1705 1772 rapacitatis.

250 1787 318 1813 tem
335 1783 347 1813 ?
1005 1783 1149 1815 Judicet
1164 1784 1282 1814 lector.

294 1836 333 1864 10
358 1833 442 1865 Huic
457 1835 589 1875 semper]
610 1834 702 1866 Huic
719 1839 776 1866 tuo
792 1834 860 1866 filio
881 1845 950 1866 om-

838 2058 888 2088 {N
927 2058 1130 2088 ZOILUM.

255 2119 417 2160 CRINE
441 2118 580 2166 ruber,
601 2116 722 2170 niger
744 2128 833 2163 ore,
865 2115 1012 2155 brevis
1035 2114 1159 2168 pede,
1180 2114 1343 2154 lumine
1363 2114 1512 2163 laesus,

310 2187 424 2227 Rem
447 2198 649 2237 magnam
670 2187 874 2237 praestas,
897 2183 1040 2231 Zoile,
1060 2183 1098 2222 si
1120 2183 1261 2223 bonus
1282 2195 1343 2222 es.

294 2296 400 2327 Ruber
415 2295 546 2336 capillis,
560 2294 650 2333 niger
663 2302 727 2332 ore,
743 2293 843 2323 brevis
852 2295 942 2334 pede,
953 2297 1062 2334 captus
1073 2294 1170 2332 oculo,
1187 2302 1206 2323 o
1223 2291 1414 2331 Zoile‚facis
1426 2302 1491 2324 rem
1503 2301 1658 2332 magnam,
1672 2293 1703 2323 εἰ

252 2339 367 2380 probus
377 2348 418 2370 eS.

862 2388 1097 2400 eeeeeeeeeeee

296 2453 311 2480 1
329 2449 444 2480 Fronte
461 2447 596 2489 quidam
608 2447 674 2478 Ms.
691 2456 746 2487 ap.
764 2445 968 2477 Beverland.
991 2446 1108 2476 Luscus
1123 2446 1235 2486 vulgg.
1251 2454 1310 2486 pro
1326 2447 1425 2476 Ioesus.

898 2536 1042 2567 NOTAE

296 2610 315 2638 2
339 2604 441 2645 Zoile]
465 2604 519 2634 De
533 2612 598 2643 quo
615 2602 740 2642 saepius
754 2601 880 2632 dictum
897 2610 948 2630 su·
1007 2602 1110 2632 animi
1128 2606 1340 2642 argumenta.

255 2668 329 2700 pra.
375 2656 596 2688 Lineamenta
610 2663 690 2685 vero
704 2652 855 2693 corporis
873 2654 951 2682 sunt
