1893 3225
212 205 324 246 1050
697 217 746 244 M.
780 217 890 245 vn„
927 217 1201 247 MAR'rlAms

804 351 1077 393 CLXXIV.

532 440 1001 472 HERMAPHRODl'rUS
1038 443 1361 474 MARMORErs.

219 506 494 549 MASCULUS
519 509 696 551 intravit
717 510 862 552 fontes
881 525 890 552 2
924 513 1099 553 emersit
1121 516 1365 566 utrumque.

269 575 382 616 Pars
406 580 472 617 est
490 590 578 617 una
599 579 735 631 patris
754 594 764 620 :
797 585 944 620 cetera
965 581 1117 620 matris
1139 580 1286 622 habet.

254 674 327 704 Illas
342 675 499 714 ingressus
514 676 694 714 estfontes:
718 679 796 709 exiit
820 681 980 719 utriusque
1007 689 1128 711 sexus:
1149 679 1237 710 habet
1255 690 1346 710 unam
1360 685 1483 720 partem
1495 680 1666 721 genitoris:

209 717 343 757 reliquas
356 728 434 750 vero
449 720 625 758 genitricis.

874 764 1013 796 NOTAE

255 827 269 854 l
299 825 428 866 Fontes]
453 826 650 857 Salmacidis
669 837 803 868 nempe.
830 829 913 859 Ovi·
1013 832 1033 860 2
1059 831 1184 871 Patris]
1230 830 1392 861 Mercurii
1417 841 1549 872 nempe.
1597 832 1669 863 Ma-

210 875 285 905 dius
302 876 389 907 Met.
413 886 461 907 iv.
475 876 549 908 fuse
566 877 652 908 lianc
681 878 830 910 fabulam
855 879 914 910 de·
970 881 1040 919 tris,
1055 881 1354 912 scilicetVeneris.

206 925 335 958 scribit.

812 1054 1067 1096 CLXXV.

760 1144 895 1175 DANA
908 1147 931 1175 E
969 1147 1126 1176 PICTA.

209 1207 316 1249 CUR
335 1222 360 1248 a
383 1212 423 1249 te
445 1210 637 1262 pretium
663 1211 834 1261 Danae,
856 1220 1060 1267 regnator
1081 1214 1277 1268 Olympi,

267 1275 474 1330 Accepit,
496 1278 631 1330 gratis
654 1280 692 1319 si
716 1280 794 1320 tibi
818 1281 942 1323 Leda
963 1282 1113 1323 dedit?

251 1382 372 1430 QRex
388 1382 544 1423 Deorum,
562 1395 655 1424 quare
673 1386 789 1416 Dana‘e'
804 1387 914 1418 sumsit
942 1399 960 1418 a
985 1391 1015 1419 te
1031 1389 1211 1427 mercedem,
1227 1388 1253 1417 si
1271 1387 1357 1418 Leda
1381 1388 1440 1419 tibi
1455 1388 1597 1420 obsecuta
1622 1392 1665 1420 cst

204 1429 321 1464 gratas.

815 1482 830 1492 ν
836 1482 851 1492 e
857 1482 1055 1494 “Oeneo“-

250 1524 264 1551 1
292 1521 429 1553 Serratae
446 1522 521 1554 cod.
537 1523 569 1553 in
582 1532 690 1564 marg.
709 1524 762 1555 ed.
781 1525 858 1556 Par.
878 1527 1039 1556 1617.—2
1064 1526 1127 1557 Sed
1144 1526 1187 1557 id.

865 1605 1010 1637 NOTAE

251 1672 265 1699 l
295 1670 360 1699 Cur
376 1669 450 1710 ate]
473 1670 614 1711 Jupiter
630 1670 663 1701 in
692 1681 808 1703 aurum
826 1682 906 1703 con·
965 1682 1044 1704 vero
1061 1672 1174 1703 factus
1193 1682 1332 1714 cycnus,
1347 1675 1410 1704 διο.

205 1729 320 1750 versus
336 1720 487 1761 corrupit
503 1721 662 1761 Danaen,
687 1723 752 1753 &c.
779 1723 906 1754 Ledam

795 1865 1074 1908 CLXXVI.

660 1955 885 1985 PERSONA
909 1956 1219 1986 GERMANICA.

207 2020 313 2061 SUM
334 2020 458 2074 figuli
478 2023 604 2063 lusus
626 2023 707 2064 rufi
732 2037 924 2077 persona
945 2024 1124 2065 Batavi.

264 2088 379 2140 Quae
401 2096 448 2131 tu
471 2090 661 2142 derides,
682 2092 778 2133 haec
801 2092 927 2134 timet
949 2106 1025 2134 ora
1047 2106 1168 2147 puer.

248 2189 521 2231 Sumjocusfiguli
535 2201 666 2231 persona
685 2191 764 2221 Rnsz'
781 2192 923 2223 Batari:
946 2202 1023 2232 puer
1039 2192 1149 2223 metuit
1165 2192 1228 2222 laoec
1245 2201 1298 2222 ora
1312 2200 1379 2230 (μα’
1395 2194 1430 2222 tu
1448 2190 1580 2220 derides.

816 2266 1051 2278 “erotem“

248 2311 262 2338 1
291 2308 386 2340 Russz'
403 2308 479 2339 cod.
499 2309 717 2348 Beverlandi,
736 2310 790 2350 qui
809 2309 857 2340 sic
875 2315 992 2341 notat:
1019 2310 1209 2351 ‘Josephus
1226 2319 1301 2341 xrx.
1320 2308 1439 2349 Antiq.
1465 2308 1508 2339 de
1524 2308 1665 2339 Batavis

203 2351 448 2383 Germanorum
470 2350 552 2383 flore
569 2357 604 2382 et
625 2352 830 2383 satellitibus
849 2353 936 2384 Caii.
982 2354 1148 2384 Homines
1174 2353 1305 2383 robusti
1331 2352 1498 2392 corporis,
1518 2352 1664 2382 hostium

201 2394 350 2435 impetus
364 2395 525 2435 excipere
552 2395 654 2434 soliti,
680 2395 739 2426 sed
764 2400 887 2426 natura
913 2397 1080 2435 iracundi,
1118 2396 1209 2437 quod
1227 2397 1438 2436 plerumque,
1464 2394 1544 2436 quid
1570 2394 1666 2432 fiant,

203 2447 270 2468 non
284 2437 490 2478 intelligant.
527 2438 598 2469 Per
622 2439 704 2468 iram
731 2438 845 2479 itaque
873 2444 986 2470 sontes
1007 2440 1110 2479 juxta
1135 2444 1240 2480 atque
1267 2439 1418 2470 insontes
1449 2437 1666 2469 trucidarunt

200 2480 443 2513 interfectores
471 2481 627 2513 Caesaris.
673 2481 795 2512 Silius:
822 2482 920 2514 ‘Jam
938 2492 1023 2522 puer
1052 2483 1221 2513 auricomo
1250 2481 1497 2522 pert'ormidate
1512 2482 1666 2512 Batavo!

203 2524 293 2556 Quia
315 2525 431 2566 itaque
459 2528 557 2555 erant
585 2523 735 2555 homines
763 2524 918 2566 quadrati
942 2530 977 2556 et
1001 2524 1246 2564 formidabiles,
1271 2526 1483 2564 innocentes,
1512 2522 1665 2554 vafritiei

202 2573 376 2608 expertes,
400 2567 477 2598 ideo
501 2567 587 2598 tales
614 2576 676 2608 pro
704 2567 854 2608 corporis
880 2568 1084 2600 satellitibus
1105 2568 1253 2599 habuere
1267 2568 1457 2608 Principes,
1507 2567 1664 2598 Lucanus

202 2610 211 2626 ‘
225 2610 356 2641 truces’
374 2615 483 2642 vocat.
508 2610 660 2640 Martial.
677 2618 725 2641 Vl.
743 2613 796 2642 82.
810 2610 908 2649 dicit,
930 2620 1045 2642 omnes
1060 2612 1131 2653 ejus
1150 2611 1289 2643 laudare
1307 2612 1564 2651 Epigrammata
1579 2619 1667 2650 prae·

204 2658 358 2693 terquam
374 2655 383 2670 ⁴
399 2663 496 2684 aures
514 2652 686 2690 Batavas:
702 2654 724 2683 i.
742 2663 772 2683 e.
789 2659 916 2693 praeter
938 2654 1089 2686 homines
1111 2654 1307 2695 quadratos,
1325 2653 1473 2685 vafritiei
1489 2657 1664 2693 expertes,

202 2700 237 2726 et
253 2697 308 2737 qui
324 2697 613 2737 Epigrammatum
631 2697 777 2736 linguam
796 2702 831 2727 et
851 2707 991 2728 acumen
1010 2698 1282 2739 exprobrationis
1296 2698 1423 2728 sentire
1440 2697 1495 2727 vix
1512 2700 1664 2743 possunt,

204 2739 246 2769 ob
273 2740 453 2771 candorem
480 2743 515 2769 et
544 2740 721 2779 ingenuam
740 2740 978 2772 rusticitatem.
1019 2742 1122 2772 Feros
1145 2746 1179 2772 et
1209 2741 1370 2772 immanes
1396 2744 1515 2770 nautas
1540 2741 1663 2769 ‘vastis

205 2782 395 2814 moribus.’'
442 2781 581 2813 Habent
602 2783 679 2813 Επεὶ
700 2782 776 2813 edd.
798 2788 881 2815 vett.
