1893 3225
535 240 943 271 EPIGRAMMATUM
980 241 1074 271 Lm.
1108 243 1194 273 vir.
1510 234 1595 275 559

671 431 720 460 IN
758 431 1046 462 RACCARAM.

127 498 176 539 Sl
200 498 307 552 quid
330 511 445 553 opus
463 498 606 548 fuerit,
629 499 718 540 scis
739 512 809 539 me
829 513 918 540 non
941 513 1040 540 csse
1061 500 1313 554 rogandum,

184 567 262 608 Bis
283 567 410 608 nobis
431 567 557 617 dicis,
582 568 797 617 Baccara,
820 572 972 622 terque
991 568 1078 609 die.

126 634 345 689 Appellat
364 634 506 688 rigida
521 635 658 676 tristis
680 647 749 674 me
769 647 883 675 voce
905 635 1133 676 Secundus
1161 649 1171 676 :

181 701 340 752 Audis,
361 703 437 743 sed
460 703 621 751 nescis,
645 703 860 752 Baccara,
883 704 990 757 quid
1014 704 1072 744 sit
1094 717 1226 757 opus.

125 771 288 811 Pensio
310 776 353 812 te
375 784 522 812 coram
543 772 704 824 petitur
725 772 928 825 clareque
949 772 1187 825 palamque
1205 785 1215 812 ε

180 837 339 888 Audis,
362 839 437 879 sed
458 840 618 888 nescis,
641 839 858 888 Baccara,
881 840 987 892 quid
1008 840 1065 880 sit
1087 851 1214 892 opus.

124 905 233 946 Esse
252 920 414 959 queror
435 908 691 961 gelidasque
713 907 819 948 mihi
841 908 1052 960 tritasque
1074 907 1298 947 lacernas:

177 971 340 1023 Audis,
363 975 443 1015 sed
464 975 623 1022 nescis,
648 976 866 1024 Baccara,
889 975 998 1028 quid
1031 976 1091 1015 sit
1112 988 1242 1028 opus.

122 1039 225 1081 Hoc
247 1054 360 1094 opus
381 1046 460 1092 est,
483 1044 632 1083 subito
654 1044 737 1084 fias
757 1047 808 1084 ut
828 1043 967 1084 sidere
987 1047 1160 1094 mutus;

176 1107 339 1150 Dicere
361 1123 413 1150 ne
434 1112 599 1163 possis,
625 1112 827 1153 Baccara
848 1144 860 1162 ,
883 1112 990 1165 quid
1014 1112 1072 1152 sit
1097 1123 1232 1164 opus.
1535 1112 1590 1152 10

1564 775 1592 814 <Ji

162 1220 192 1251 Ο
211 1220 366 1259 Baccara,
377 1220 424 1251 bis
439 1223 467 1251 et
485 1223 535 1251 ter
543 1221 682 1251 diedicis
694 1221 789 1256 nobis,
805 1220 876 1251 Scis
892 1231 939 1251 me
953 1231 1014 1251 non
1028 1231 1092 1252 esse
1107 1222 1270 1259 orandam,
1289 1221 1317 1250 si
1332 1221 1407 1260 quid
1419 1230 1494 1261 opus
1510 1222 1587 1260 fue·

116 1263 172 1294 rit.
219 1263 377 1294 Secundus
391 1264 545 1294 creditor
565 1273 700 1294 morosas
726 1274 771 1294 me
783 1267 867 1294 vocat
886 1273 995 1303 aspera
1012 1274 1100 1294 voce:
1122 1265 1225 1300 andis,
1240 1265 1293 1294 sed
1310 1264 1452 1305 ignoras,
1463 1274 1482 1295 o
1500 1265 1586 1296 Bac-

115 1316 200 1343 cara,
217 1306 291 1346 quid
304 1307 345 1336 sit
356 1317 438 1346 οριιε.
485 1307 526 1337 Te
540 1310 691 1346 proesente
704 1307 810 1346 pensio
831 1307 950 1346 petitur
963 1311 1068 1346 aperte
1084 1310 1115 1337 et
1132 1307 1305 1345 manifeste.
1355 1307 1535 1348 Aascffltas,
1552 1313 1587 1339 at

116 1350 257 1389 ignoras,
274 1359 292 1379 o
314 1350 464 1384 Baccara,
480 1350 553 1389 qaid
579 1350 620 1379 sit
643 1360 727 1389 opas.
775 1349 947 1389 Expostulo
964 1360 1009 1380 me
1023 1348 1134 1380 habere
1150 1350 1291 1380 lacernas
1306 1350 1386 1379 leves
1401 1353 1431 1380 et
1445 1350 1561 1381 laceras
1574 1362 1583 1380 .·

116 1393 281 1429 auscultas,
295 1396 326 1422 at
340 1392 480 1431 ignoras,
492 1402 511 1423 o
526 1393 680 1429 Baccara,
697 1392 770 1431 qaid
782 1392 824 1422 sit
841 1402 927 1432 opus.
973 1393 1045 1423 Hoc
1069 1402 1145 1432 opas
1161 1396 1218 1431 est,
1233 1402 1252 1423 ο
1280 1392 1436 1432 Baccara,
1453 1398 1579 1433 repente

117 1435 251 1474 elinguis
260 1436 383 1475 evadas,
395 1445 572 1476 percussus
584 1435 696 1475 sidere,
711 1445 749 1465 ne
763 1434 904 1475 proferre
919 1445 1013 1475 queas
1025 1434 1102 1476 quid
1112 1435 1154 1466 sit
1167 1445 1249 1476 opuS.

729 1508 968 1520 eeeeeeeeeeee

163 1553 178 1580 1
203 1551 323 1591 Siquid
335 1550 519 1591 opnsfuerit
534 1551 592 1582 tibi
608 1551 814 1582 Beverlandi
831 1552 962 1582 Ms.—4
979 1553 1079 1583 Amris
1093 1556 1124 1582 et
1138 1553 1239 1583 nescis
1254 1553 1364 1584 codex
1377 1553 1559 1585 Pulmanni
1580 1567 1587 1585 :

118 1594 174 1623 alii
191 1595 330 1633 legunt:
367 1597 397 1624 et
413 1595 508 1624 nescit
540 1594 681 1624 Baccara
711 1595 784 1634 quid
815 1594 857 1624 sit
884 1594 983 1634 opas?
1030 1595 1093 1625 ma
1114 1597 1203 1626 enim
1226 1596 1431 1635 saepiuscule
1447 1596 1589 1628 dixerat

119 1637 285 1676 Martiali,
298 1636 398 1674 Pete,
416 1636 533 1677 siquid
552 1637 610 1666 tibi
626 1641 784 1676 opus—5
801 1637 915 1667 Pensio
933 1647 988 1667 car
1002 1647 1020 1667 a
1031 1648 1079 1667 me
1092 1638 1211 1677 petitur
1223 1638 1331 1668 codex
1345 1639 1587 1671 Pulmanni.—-

118 1682 138 1709 6
162 1680 263 1710 Audis
272 1683 301 1710 et
318 1681 416 1711 nescis
430 1680 462 1709 in
479 1679 598 1710 eodem
618 1679 839 1710 codice.-10
864 1680 979 1710 Dicere
993 1690 1048 1710 nec
1060 1682 1161 1720 possis
1177 1681 1384 1712 Beverlandi
1403 1682 1470 1713 Ms.

782 1754 923 1786 NOTAE

161 1824 180 1851 3
206 1818 367 1860 Appellat]
391 1818 550 1850 Creditor
563 1818 695 1849 scilicet
722 1828 741 1848 a
769 1828 823 1849 me
879 1828 934 1849 sus
958 1823 1032 1849 est:
1058 1819 1176 1849 Sidere
1200 1828 1364 1859 percussa
1391 1820 1591 1860 tua'iingua.

119 1872 224 1912 exigit
238 1870 358 1901 foenus.
879 1875 1025 1901 arescat.
1049 1869 1146 1900 Idem
1164 1869 1248 1900 dixit
1269 1870 1327 1900 lib.
1347 1879 1401 1901 xr.
1415 1870 1518 1911 Epig.
1533 1874 1587 1901 86.

160 1927 178 1953 5
206 1921 334 1961 Pensio]
358 1919 493 1950 AEdium
520 1929 644 1960 nempe
675 1919 822 1951 conduc-
880 1920 1018 1950 ‘Sidere
1030 1920 1376 1960 percussaestsubito
1388 1920 1589 1960 tibi‚Zoile,

119 1979 247 2004 tarum.
615 1963 625 1969 ’
879 1969 1016 2011 lingua?

161 2026 181 2054 9
205 2023 281 2054 Fias
303 2025 338 2052 ut
360 2020 477 2060 sidere]
499 2021 668 2051 sideratio
686 2020 823 2051 morbus
924 2026 964 2054 10
991 2023 1075 2058 Quid
1090 2022 1132 2053 sz't
1155 2021 1245 2063 opas]
1271 2023 1325 2053 Ne
1343 2021 1498 2063 proferas
1515 2023 1587 2054 haec

118 2078 181 2112 est,
199 2084 264 2115 quo
278 2074 370 2104 laesae
393 2074 531 2104 arbores
550 2077 728 2103 arescunt:
745 2072 824 2102 hinc
879 2074 997 2113 verba,
1009 2074 1131 2114 quibus
1148 2074 1370 2104 circumvenis
1384 2074 1589 2114 amicos,qui

119 2125 336 2156 siderationis
351 2135 472 2156 nomen
491 2124 695 2155 translatum
713 2129 766 2154 est
782 2124 824 2154 ad
879 2124 1027 2156 credunt
1044 2129 1080 2155 te
1097 2125 1163 2155 tuis
1178 2125 1352 2165 promissis
1368 2130 1549 2157 staturum.

116 2176 296 2216 bominem,
320 2176 416 2216 cujus
427 2182 551 2216 corpus
568 2174 707 2205 arescit.
742 2175 825 2205 Sen-

760 2282 946 2324 XCIII.

670 2371 737 2401 AD
770 2371 1027 2401 NARNIAM.

120 2442 344 2491 NARN1A‚
366 2440 563 2481 sulfureo
587 2451 720 2491 quam
741 2439 911 2491 gurgite
933 2438 1150 2480 candidus
1172 2440 1313 2480 amnis

176 2508 353 2558 Circuit,
375 2507 558 2560 ancipiti
578 2507 656 2547 vix
678 2505 883 2546 adeunda
897 2506 1021 2559 jugo,

163 2606 194 2638 Ο
210 2607 335 2639 Narnia
351 2608 406 2639 vix
416 2608 556 2639 adeunda
563 2606 645 2646 jugo
663 2606 809 2646 ancipiti,
832 2616 924 2647 quam
937 2606 1037 2646 cingit
1058 2606 1159 2637 amnis
1172 2605 1260 2637 albus
1286 2604 1426 2643 sulfureo
1440 2607 1584 2646 gurgite,

774 2682 912 2713 NOTAE

162 2749 177 2777 1
205 2746 344 2786 Narnia]
380 2747 528 2778 Umbriae
574 2747 668 2786 urbs,
707 2745 822 2786 hodie,
917 2749 937 2777 2
963 2746 1107 2786 Ancipiti
1124 2745 1222 2786 jugo]
1246 2746 1325 2777 Hoc
1342 2750 1408 2783 est,
1437 2746 1582 2786 gemino,

121 2798 237 2836 Nerui,
253 2808 351 2839 quain
369 2797 475 2838 cingit
492 2797 598 2829 amnis
610 2798 694 2838 Nar,
710 2796 822 2837 hodie,
872 2798 1094 2838 nempejugo
1107 2799 1231 2829 montis
1247 2797 1430 2839 Apennini·

122 2850 241 2888 Negra.
