1893 3225
270 224 356 276 594
753 236 800 265 M.
836 237 895 266 VA
905 236 945 266 L.
979 236 1011 266 M
1020 236 1048 266 Α
1056 236 1174 267 R'rm
1184 237 1258 267 ms

269 331 374 374 Hac
396 337 499 374 cute
520 332 682 375 Ledaeo
703 333 895 374 vestitur
915 332 1066 386 pullus
1086 333 1131 374 in
1154 346 1262 375 ovo:

325 400 456 442 Talia
476 401 630 442 lunata
649 402 818 455 splenia
839 402 978 443 fronte
1007 402 1171 442 sedent.

269 467 389 520 Quid
410 469 492 510 tibi
512 483 613 510 cum
635 470 799 524 phiala,
818 471 1001 523 ligulam
1024 484 1123 512 cum
1143 471 1318 511 mittere
1337 482 1494 523 posses
1512 484 1522 512 :

325 536 502 579 Mittere
523 551 621 579 cum
642 552 798 591 posses
819 538 886 580 vel
909 538 1138 579 cochleare
1157 538 1294 578 mihi?

267 603 434 657 Magna
450 606 579 645 nimis
598 605 834 658 loquimur,
857 605 1089 647 cochleam
1107 619 1207 646 cum
1228 607 1397 646 mittere
1416 619 1599 660 posses:
1669 609 1729 652 25

322 672 527 725 Denique
547 686 644 714 cum
667 686 825 726 posses
847 673 1030 723 mittere,
1054 673 1210 723 Paule,
1233 674 1353 714 nihil.

263 781 371 811 spuma
383 771 509 802 Batava
526 774 625 802 mutat
635 772 795 803 ctz’surz'em
814 773 996 804 Romanam.
1044 773 1157 804 Pullus
1169 773 1201 804 in
1217 784 1271 804 ovo
1289 774 1404 804 Ledoeo
1414 773 1558 805 induitur
1569 774 1626 805 hac
1636 775 1731 815 pelle:

262 814 381 854 splenia
397 814 569 853 hujusmodi
585 815 701 845 lzoerent
719 816 835 846 lunatoe
851 816 969 854 fronti.
1016 816 1100 851 Quid
1123 817 1183 847 tibi
1194 827 1264 847 cum
1278 817 1396 856 phiala,
1411 827 1479 848 cum
1493 818 1592 857 possis
1603 818 1729 849 mittere

263 858 405 896 ligulam,
420 861 474 887 aut
490 868 557 887 cum
568 859 666 897 possis
682 860 804 889 mittere
820 860 858 889 ad
875 869 922 889 me
937 857 1115 890 cochleare?
1162 860 1375 890 Praedz'camus
1390 861 1484 891 nimis
1496 861 1645 902 grandia,
1657 871 1728 892 cum

259 900 360 940 possis
380 900 506 932 mittere
522 901 672 932 cochleam
688 911 700 938 ;
726 904 864 942 tandem,
879 912 898 932 0
915 902 1028 942 Paule,
1043 912 1112 932 cum
1128 903 1220 933 liceat
1234 903 1360 934 mittere
1375 903 1468 934 nihil.

877 976 1115 988 eeeeeeeeeeee

263 1017 383 1049 Codex
398 1018 550 1050 Florent.
577 1020 942 1061 spwnuqueflava.—22
967 1021 1054 1051 Talia
1070 1022 1179 1051 limata
1204 1019 1410 1052 Beverlandi
1427 1020 1582 1053 Ms.—25
1609 1020 1728 1053 Codex

261 1061 445 1092 Pulmanni
463 1073 471 1093 z
495 1063 634 1093 cochlear
648 1073 717 1094 cum
732 1064 857 1094 mittere
864 1064 976 1104 possis.

924 1127 1066 1159 NOTAE

303 1181 341 1210 21
369 1180 442 1210 Hac
470 1181 553 1222 cute]
587 1180 664 1212 Hoc
693 1186 758 1220 est,
774 1191 838 1212 ova
865 1182 965 1222 cycni
1021 1182 1084 1219 lus,
1098 1182 1153 1212 vel
1171 1182 1344 1222 spathula,
1362 1183 1416 1213 vel
1432 1192 1602 1214 mensura.

258 1230 386 1261 habent
403 1236 518 1261 cutem
536 1242 630 1273 {eque
647 1242 809 1263 crassam.
1062 1235 1105 1263 24
1131 1232 1310 1273 Cocltleare]
1334 1234 1419 1264 Erat
1435 1243 1570 1274 quoque
1583 1232 1728 1275 liquido·

302 1283 344 1312 22
368 1281 509 1322 Splcnia]
548 1282 676 1313 fascia?
704 1288 795 1322 suut,
821 1293 895 1324 quae
916 1283 965 1314 ita
1020 1293 1093 1315 rum
1110 1293 1280 1323 mensura,
1298 1283 1356 1314 sed
1373 1283 1482 1314 minor
1498 1284 1613 1323 ligula.
1650 1284 1725 1316 Lib.

258 1330 294 1362 in
320 1331 433 1362 fronte
461 1333 766 1372 componebantur,
793 1338 831 1364 ut
856 1333 963 1365 Lunae
1021 1343 1098 1365 ΧΠ.
1114 1334 1214 1374 Epig.
1232 1337 1307 1365 121.
1329 1334 1617 1366 Cochlealimacis
1634 1339 1728 1366 testa

258 1392 385 1414 cornua
411 1384 655 1423 exprimerent.
701 1383 776 1415 Lib.
802 1393 843 1415 11.
860 1384 963 1425 Epig.
1019 1389 1072 1415 est
1095 1394 1176 1415 sane
1204 1384 1342 1415 minoris
1367 1384 1470 1416 etiam
1494 1385 1596 1426 pretii
1623 1395 1726 1427 quam

257 1435 313 1464 29.
1018 1435 1183 1466 cochlear.
1228 1434 1355 1465 Melius
1389 1444 1470 1465 vero
1507 1445 1584 1466 cum
1613 1435 1728 1467 Poeta

299 1486 340 1514 23
363 1483 523 1523 Ligulam]
561 1485 617 1514 De
643 1495 709 1525 qua
731 1485 790 1515 lib.
808 1494 842 1516 v.
860 1485 962 1525 Epig.
1018 1485 1147 1525 egisset
1171 1484 1299 1515 Paulus
1319 1485 1399 1515 nihil
1422 1486 1606 1527 mittendo,
1623 1496 1724 1528 quam

256 1538 309 1568 20.
325 1540 360 1567 et
373 1537 430 1568 lib.
445 1545 519 1568 xiv.
535 1537 635 1577 Epig.
654 1540 727 1568 1:20.
746 1541 821 1568 erat
835 1536 963 1578 gladio·
1018 1535 1165 1576 phialam
1177 1540 1245 1566 tam
1259 1540 1408 1567 tenuem.

872 1663 1124 1706 XXXIV.

772 1755 825 1784 IN
860 1754 1206 1785 JACTATOREM.

254 1822 401 1864 ARCH
412 1834 615 1865 ETYPUM
639 1822 775 1877 Myos
797 1828 1024 1876 argentum
1056 1828 1099 1864 te
1124 1822 1236 1863 dicis
1257 1822 1431 1863 hahere.

312 1891 447 1942 Quod
470 1892 562 1932 sine
584 1895 627 1932 te
649 1890 813 1931 factum
836 1895 922 1940 est,
943 1891 1026 1931 hoc
1049 1891 1190 1944 magis
1213 1889 1506 1945 archetypum
1527 1893 1606 1931 est.

296 1992 459 2024 Praedz'cas
484 1995 514 2022 te
535 1991 645 2022 habere
666 1994 830 2030 argentum
847 1991 1047 2032 archetypum
1062 1992 1176 2033 Myos.-
1199 1993 1278 2032 quod
1293 1991 1420 2030 factum
1443 1994 1490 2022 est
1513 1990 1581 2022 sine
1607 1994 1652 2031 te,
1663 1990 1719 2022 hoc

257 2036 361 2076 magis
384 2036 588 2076 urchetypurn
614 2038 671 2066 est.

878 2087 1097 2099 eeeeeeeeee

295 2132 337 2163 In
350 2132 415 2164 hoc
431 2131 686 2172 Epigrammate
705 2141 770 2162 000
789 2131 922 2162 variant
940 2130 1037 2162 codd.
1054 2135 1114 2163 aut
1129 2130 1207 2162 libri
1225 2131 1393 2172 impressi.

916 2205 1056 2237 NOTAE

295 2263 311 2291 l
336 2259 565 2300 Archetypum]
604 2259 681 2290 Hoc
709 2259 894 2291 distichum
908 2259 955 2290 sic
1010 2265 1048 2290 ut
1065 2265 1245 2301 argentum
1262 2260 1405 2300 factum,
1425 2260 1460 2291 id
1474 2263 1540 2299 est,
1556 2269 1648 2298 vasa,
1665 2269 1716 2290 ar-

251 2311 404 2350 explicat
428 2310 604 2341 Turnebus
632 2311 688 2341 lib.
706 2320 784 2342 XXI.
803 2320 880 2351 cap.
900 2313 954 2342 24.
1011 2311 1105 2350 genti
1123 2311 1211 2342 enin]
1230 2310 1315 2342 facti
1328 2311 1465 2342 nomine
1482 2320 1561 2341 vasa
1577 2319 1717 2340 censen-

250 2362 337 2402 Ego,
351 2361 472 2402 inquit,
485 2362 651 2401 argutiam
665 2361 850 2402 jocumque
874 2361 955 2400 Epi·
1012 2366 1067 2391 tur
1084 2366 1259 2401 argentea,
1274 2362 1300 2392 si
1325 2362 1396 2392 sine
1422 2365 1457 2392 te
1481 2360 1539 2399 sit,
1562 2364 1597 2390 et
1613 2360 1639 2390 si
1658 2359 1716 2390 ab·

250 2412 446 2451 granunatis
474 2412 580 2442 latere
609 2419 690 2452 puro
716 2412 750 2442 iu
780 2411 955 2452 vocabulo,
1010 2411 1066 2449 sis,
1094 2413 1199 2452 magis
1229 2412 1275 2442 sit
1302 2413 1523 2453 archetypum
1539 2421 1546 2440 z
1585 2409 1619 2441 id
1650 2415 1717 2451 est,

239 2461 365 2499 fuctum
376 2465 436 2501 est,
446 2462 508 2493 hoc
525 2471 644 2493 sensu:
670 2462 764 2493 Dicis
780 2466 813 2493 te
827 2461 955 2492 habere
1010 2461 1116 2500 pluris
1133 2466 1326 2501 censeatur,
1343 2462 1585 2503 antiquiusque
1603 2461 1714 2492 videa-

249 2517 442 2543 toreumata
472 2517 635 2551 argentea
662 2513 775 2552 operis
808 2512 952 2553 antiqui,
1011 2515 1075 2543 tur.
1122 2511 1210 2542 Vide
1228 2512 1329 2552 Epig.
1341 2516 1372 2543 6.
1391 2522 1505 2553 supra.

248 2572 324 2603 quae
341 2562 477 2603 quidem
503 2562 614 2601 magni
633 2562 674 2593 ab
692 2563 846 2593 omnibus
870 2563 950 2593 olim
1049 2562 1158 2602 l'lJyos]
1183 2562 1362 2594 Coelatoris
1380 2564 1520 2604 egregii.

248 2612 520 2644 aestimabantur.
553 2612 679 2644 Jocans
697 2613 864 2644 Martialis
880 2614 948 2644 ait:
1047 2614 1067 2642 2
1093 2614 1182 2648 Quod
1197 2613 1323 2654 sinete]
1348 2613 1425 2645 Hoc
1443 2614 1630 2655 est,inquit
1646 2614 1713 2644 Ra-

246 2662 301 2693 Tu
322 2662 389 2693 ista
409 2663 552 2694 verbosa
568 2664 797 2694 ostentatione
817 2664 951 2703 argenti
1006 2663 1121 2703 derus,
1139 2673 1218 2694 vasa
1239 2674 1316 2705 quae
1335 2670 1371 2695 tu
1393 2674 1460 2696 non
1485 2665 1631 2705 attigisti
1647 2673 1711 2695 nec

248 2714 298 2744 tui
315 2713 553 2753 etjactatione
571 2720 711 2744 ventosa
736 2714 877 2744 multum
895 2714 952 2744 de·
1006 2714 1217 2753 adulterasti,
1255 2715 1362 2756 magis
1402 2716 1589 2757 archetypa
1620 2719 1710 2747 sunt.

247 2762 351 2794 trahis
378 2764 502 2803 presto,
531 2768 567 2794 et
597 2762 701 2795 efficis
727 2769 764 2796 ut
789 2774 871 2795 vasa
894 2769 952 2796 tna
1008 2765 1123 2805 Eligat
1139 2766 1260 2796 lector.

247 2815 398 2847 convivis
413 2815 577 2846 molestiae
596 2821 630 2846 et
648 2815 750 2846 taedio
762 2816 827 2846 siut
842 2827 851 2855 ;
868 2815 952 2847 adeo
