1893 3225
280 217 363 259 91:2³

755 226 802 254 M.
839 226 946 255 VAL.
983 225 1254 256 MARt'iAnls

282 324 353 364 Da
376 324 558 373 veniam,
581 323 747 363 servire
768 320 853 362 tuis
871 320 989 374 quod
1012 321 1112 361 nolo
1135 319 1366 371 Kalendis,
1700 324 1728 364 5

338 391 394 433 Et
414 404 503 444 qua
523 404 617 431 sum
639 390 824 442 genitus,
846 389 993 430 vivere
1016 390 1111 429 luce
1131 389 1246 430 volo.

282 458 433 499 Natali
454 459 616 511 pallere
640 471 740 508 suo,
761 471 817 498 ne
838 457 968 498 calda
989 457 1168 497 Sabello

338 526 494 578 Desit3
526 532 584 575 et,
601 529 648 566 ut
665 524 881 579 liquidum
904 529 1024 578 potet
1043 522 1220 565 Alauda
1241 536 1421 573 merum,

279 593 476 635 Turbida
495 593 672 634 solicito
694 593 989 633 transmittere
1009 592 1202 634 Caecuba
1222 604 1381 641 sacco;

340 661 485 714 Atque
505 661 615 701 inter
636 673 811 701 mensas
831 661 909 710 ire,
931 660 1071 701 redire
1094 673 1224 711 suas3

1674 660 1728 701 10

282 729 500 783 Excipere
519 729 615 777 hos,
640 728 758 777 illos,
782 734 826 768 et
845 732 941 769 tota
962 741 1139 782 surgere
1161 740 1303 776 coena,

338 797 561 837 Marmora
583 796 827 836 calcantem
848 795 1072 848 frigidiora
1092 795 1215 848 gelu:

280 863 395 915 Quae
416 864 528 904 ratio
550 867 630 911 est,
652 863 747 903 haec
764 867 920 916 sponte
941 866 1016 904 tua
1034 863 1222 916 perferre
1244 864 1440 918 patique,

336 931 450 982 Quae
474 935 514 971 te
536 931 572 971 si
586 930 740 984 jubeat
759 943 839 971 rex
861 930 1161 985 dominusque,
1182 932 1345 985 neges?

273 1041 306 1070 in
318 1039 390 1071 urbe
402 1051 413 1077 ;
436 1041 558 1079 ignosce
572 1041 652 1079 quod
668 1038 734 1068 nolo
745 1037 861 1068 servire
877 1036 940 1066 tuis
955 1034 1119 1075 Kalendis,
1135 1038 1165 1066 et
1175 1036 1275 1075 placet
1291 1037 1392 1067 vivere
1408 1035 1586 1074 genialiter
1599 1035 1660 1074 die,
1671 1044 1728 1075 quo

275 1086 367 1113 natus
392 1093 468 1113 sum.
513 1083 653 1114 Anxium
675 1090 739 1112 esse
761 1090 814 1110 sao
835 1079 950 1118 natali,
967 1088 1002 1108 ne
1027 1087 1112 1119 aqua
1127 1079 1228 1109 calida
1251 1078 1375 1120 deficiat
1398 1078 1565 1117 Sabellum,
1579 1081 1670 1118 atque
1693 1082 1727 1108 ut

275 1125 397 1156 Alauda
413 1126 495 1156 bibat
510 1135 627 1156 merum
643 1124 806 1164 liquidum,
821 1125 852 1153 et
863 1131 949 1152 sacco
960 1121 1080 1152 solicito
1094 1120 1245 1157 desaecare
1259 1122 1391 1153 Caecuba
1414 1121 1551 1160 turbida,
1573 1124 1666 1160 atque
1681 1121 1726 1150 ire

274 1172 304 1198 et
324 1169 428 1199 redire
444 1169 525 1198 inter
549 1178 622 1198 suas
647 1176 789 1201 mensam
815 1165 956 1204 excipere
978 1164 1046 1202 hos,
1062 1163 1144 1202 illos,
1167 1168 1197 1194 et
1214 1167 1280 1195 tola
1301 1175 1384 1195 coena
1407 1174 1545 1202 surgere,
1559 1165 1728 1194 calcantem

274 1220 428 1241 marmora
447 1210 624 1250 frigidiora
638 1211 711 1248 gelu
727 1220 736 1239 .-
769 1218 835 1248 quse
851 1217 941 1238 causa
965 1210 1009 1238 est
1031 1217 1087 1237 cur
1109 1207 1173 1237 haec
1187 1206 1337 1247 perferri-3,
1353 1211 1382 1238 et
1393 1207 1530 1247 patiaris
1545 1210 1649 1246 sponte
1663 1210 1728 1245 tua,

274 1264 341 1293 quoe
355 1254 433 1285 nolis
441 1254 561 1293 facere,
577 1254 604 1283 si
616 1263 671 1284 rex
689 1255 717 1283 et
732 1251 873 1282 dominus
890 1251 1018 1289 imperet
1031 1247 1118 1280 tibi?

933 1325 966 1356 N
971 1323 1078 1356 OTAE

317 1398 335 1425 5
350 1393 424 1425 Tuis
439 1392 605 1433 Kalendis]
623 1391 662 1422 In
680 1394 777 1422 sexto
792 1399 872 1421 casu
888 1398 894 1418 :
910 1389 973 1420 hoc

275 1451 340 1483 est,
356 1444 443 1485 quod
462 1444 528 1474 tuis
552 1442 715 1473 Kalendis
744 1441 822 1471 nolo
840 1440 872 1470 in
890 1439 975 1470 urbe

274 1492 558 1535 occupariofficiis
576 1491 798 1532 pi·aestandis;
816 1489 874 1521 sed
889 1490 976 1520 malo

273 1555 352 1577 rure
370 1544 550 1585 genialiter
567 1543 700 1580 vivere3
718 1541 807 1583 quod
832 1541 866 1572 in
893 1540 977 1571 urbe

272 1596 347 1627 fleri
376 1594 550 1636 nequibat,
577 1598 615 1624 ut
643 1593 769 1624 docent
797 1594 977 1631 sequentes

276 1655 404 1684 versus,
418 1654 501 1686 quos
519 1653 641 1674 novum
660 1643 882 1682 Epigramma
898 1648 976 1670 con-

274 1697 418 1727 stituere
446 1700 574 1735 negant
601 1693 700 1724 inulti
719 1704 726 1723 :
756 1691 816 1722 sed
834 1700 876 1721 ne
893 1689 975 1721 ordo

274 1747 395 1778 indicis
411 1744 652 1783 confundatur,
665 1743 748 1774 nihil
762 1741 898 1772 mutavi.

317 1800 335 1828 7
349 1797 401 1838 [l]
416 1795 528 1827 Natali
538 1794 667 1835 pallere]
684 1794 723 1824 In
739 1792 845 1823 veteri
857 1790 974 1822 codice

272 1849 321 1879 sic
352 1846 576 1886 distinguitur
606 1844 669 1874 hoc
705 1842 923 1883 Epigramma
956 1849 975 1870 a

275 1896 498 1939 praecedenti‚
529 1900 563 1926 et
592 1894 714 1925 lemma
749 1891 910 1922 scribitur
937 1891 974 1920 de

273 1948 404 1979 Sabello.
450 1946 518 1978 Sed
548 1945 667 1976 melior
684 1943 818 1974 videtur
832 1940 972 1980 inscrip-

274 2001 322 2031 tio
344 2007 444 2040 quam
463 1996 665 2037 subjecimus
681 2003 723 2024 ex
742 1991 880 2023 Radero
903 1989 973 2030 [De

272 2050 369 2080 stulta
413 2048 527 2078 natalis
568 2044 742 2076 celebrandi
782 2042 881 2082 curm]
926 2040 971 2071 A-

272 2100 404 2131 laudam
438 2108 498 2139 pro
538 2096 656 2138 quovis
692 2094 792 2126 obvio
830 2093 975 2124 conviva

272 2150 459 2183 nominavit
484 2148 605 2181 Poeta.
662 2146 729 2177 Hic
759 2154 839 2186 ergo
862 2143 974 2184 agitur

1029 1393 1159 1420 tantum
1185 1389 1227 1420 de
1258 1390 1362 1421 nimia
1387 1389 1508 1421 natalis
1533 1387 1729 1420 celebrandi

1029 1449 1122 1475 cura,
1136 1450 1201 1481 quo
1217 1439 1272 1471 die
1289 1440 1344 1471 uni
1365 1440 1465 1481 genio
1486 1438 1729 1480 indulgendum

1031 1489 1134 1520 docet
1150 1491 1332 1526 Martialis,
1348 1495 1452 1531 atque
1470 1490 1519 1521 ita
1534 1494 1587 1520 est
1603 1497 1729 1529 praece-

1032 1541 1144 1572 dentis
1162 1540 1424 1582 Epigrammatis
1440 1539 1665 1571 continuatio.

1077 1592 1128 1622 Ne
1143 1591 1245 1631 calda]
1269 1592 1324 1622 De
1335 1600 1400 1632 qua
1415 1589 1474 1621 lib.
1491 1598 1515 1621 1.
1541 1589 1640 1630 Epig.
1656 1591 1707 1622 12.

1075 1643 1095 1671 9
1121 1641 1268 1681 Coecuba]
1286 1642 1341 1673 De
1355 1640 1476 1682 quibus
1491 1640 1548 1671 lib.
1561 1649 1602 1672 ιι.
1630 1640 1730 1680 Epig.

1032 1694 1085 1722 40.
1116 1692 1179 1723 hoc
1210 1696 1274 1730 est,
1306 1701 1426 1731 magna
1457 1690 1729 1732 praecipitatione

1032 1741 1154 1773 colare.
1200 1741 1287 1772 Vide
1303 1742 1364 1773 lib.
1380 1750 1456 1773 xxv.
1482 1741 1584 1781 Epig.
1599 1743 1672 1772 104.

1074 1794 1113 1824 12
1138 1792 1316 1832 Marmora]
1329 1791 1437 1823 Nudis
1447 1790 1591 1831 pedibus
1603 1800 1727 1821 mensae

1030 1841 1277 1872 accumbebant
1304 1845 1459 1879 veteres;
1486 1840 1728 1871 advenientem

1030 1901 1109 1922 vero
1126 1891 1303 1922 convivam
1329 1891 1506 1932 excepturi
1529 1901 1600 1931 prae
1626 1891 1729 1922 nimia

1028 1940 1246 1972 festinatione
1265 1942 1372 1972 soleas
1398 1946 1516 1982 petere
1532 1941 1730 1982 nequibant,

1027 2000 1130 2033 atque
1164 1992 1214 2022 ita
1247 1991 1345 2022 nudis
1376 1991 1521 2032 pedibus
1551 1991 1731 2023 calcabant

1028 2051 1209 2081 marmora,
1224 2042 1344 2083 quibus
1370 2046 1479 2073 strata
1505 2047 1604 2073 erant
1619 2051 1728 2074 coena-

1028 2093 1115 2125 cula.

939 2275 1069 2315 LXI.

834 2364 895 2393 DE
934 2364 1173 2394 LlGURRA.

445 2435 666 2483 VERSUS,
687 2437 728 2474 et
748 2433 880 2473 breve
901 2431 1186 2484 vividumque
1208 2443 1395 2481 carmen,

446 2504 500 2544 ln
522 2507 563 2543 te
584 2514 637 2542 ne
659 2501 821 2541 faciam
841 2499 991 2548 times,
1014 2498 1226 2552 Ligurra3

319 2604 349 2635 Ο
374 2602 523 2642 Ligurra,
544 2600 656 2631 metuis
673 2609 708 2630 ηε
721 2597 852 2629 scribam
867 2597 900 2627 in
916 2600 947 2628 te
970 2606 1086 2636 versuS,
1109 2600 1139 2628 et
1165 2597 1304 2628 vividum
1326 2601 1356 2628 et
1382 2596 1471 2628 breve
1485 2605 1620 2636 carmen,
1633 2600 1723 2637 aeque

928 2673 1068 2705 NOTAE

320 2747 334 2774 l
366 2742 569 2782 Vividumque
581 2740 717 2780 carmen]
747 2738 832 2768 Vide
852 2737 911 2769 lib.
928 2747 975 2769 vr.

278 2794 442 2834 EpigM-
486 2793 541 2824 Sic
569 2796 602 2822 et
635 2791 692 2821 lib.
712 2799 762 2821 xi.
792 2790 891 2830 Epig.
920 2791 973 2821 43.

1032 2738 1175 2769 ‘Vivida
1205 2748 1280 2770 cum
1311 2747 1432 2779 poscas
1463 2738 1726 2779 Epigrammata,

1033 2794 1166 2822 mortua
1182 2788 1304 2830 ponis,‘
1323 2792 1386 2821 διο.
