1893 3225
255 209 342 250 9⁴14
746 222 793 251 Μ,
830 221 942 250 viii„
976 220 1250 251 MAR'riAms

917 409 1055 450 XIV.

829 500 939 530 mxc
962 500 1034 529 TU
1055 500 1078 529 c
1100 500 1145 528 A.

257 565 536 608 CLAUDERE
558 580 658 621 quae
679 581 829 608 coenas
849 568 1026 609 lactuca
1049 568 1221 608 solebat
1241 580 1441 617 avorum,

312 635 398 676 Dic
419 635 540 685 mihi,
563 649 640 676 cur
659 642 834 677 nostras
858 637 1033 677 inchoat
1056 636 1134 676 illa
1155 635 1324 688 dapes?

297 751 359 781 Dic
373 751 461 790 milii,
478 761 531 781 cur
547 752 667 782 lactuca
681 752 723 782 sit
740 752 863 783 initium
874 755 1050 782 nostrorum
1066 751 1236 791 epularum,
1248 760 1317 790 (μα’
1329 751 1442 782 solebat
1457 761 1520 783 esse
1523 750 1603 792 finis
1614 762 1706 784 coenoe

252 803 391 824 avorum.

913 836 1053 868 NOTAE

296 904 315 932 2
352 901 414 931 Dic
438 900 531 940 mihi]
559 901 703 932 Causam
734 901 850 932 attulit
881 902 955 941 ipse
1011 910 1116 931 coenae
1133 901 1300 932 lactucam
1323 901 1541 941 apponebant
1556 902 1713 940 Veteres,

254 951 312 982 lib.
331 960 381 982 xl.
401 952 499 992 Epig.
512 955 564 981 53.
589 956 597 968 ⁶
616 951 730 982 Prima
744 951 806 982 tibi
820 951 956 982 dabitur
1013 951 1283 991 quoniaminsita
1295 951 1486 992 frigiditate
1510 952 1711 983 ebrietatem

252 1002 364 1033 ventri
383 1003 519 1034 lactuca
534 1002 725 1033 move-udo!
744 1003 782 1033 In
796 1001 862 1033 fine
877 1012 956 1034 vero
1014 1005 1177 1036 retundit.

926 1139 1042 1180 XV.

786 1229 936 1258 LlGNA
974 1229 1186 1258 ACAPNA.

255 1296 303 1336 Si
329 1298 473 1338 vicina
494 1297 572 1339 tibi
596 1297 814 1339 Nomento
834 1309 933 1338 rura
952 1297 1168 1347 coluntur,

313 1364 385 1405 Ad
407 1366 558 1407 villam
578 1379 747 1413 moneo,
769 1366 948 1414 rustice,
968 1366 1084 1418 ligna
1105 1365 1236 1406 feras.

306 1466 336 1495 ()
355 1467 478 1503 rustice,
494 1467 522 1497 sz'
534 1467 614 1497 colas
625 1475 718 1505 agros
724 1466 823 1505 juxta
842 1468 1042 1506 Nomentum,
1056 1476 1158 1497 moneo
1170 1469 1202 1497 ul
1223 1469 1327 1506 portes
1341 1466 1428 1505 ligna
1443 1467 1482 1497 ad
1494 1466 1610 1497 villum.

851 1541 1072 1552 “cmm“

296 1588 366 1619 Pro
383 1598 498 1628 acapna
510 1587 637 1618 Tliuau.
654 1585 727 1617 cod.
741 1587 909 1617 actum—2
934 1584 1030 1615 Mane
1046 1585 1091 1615 bis
1106 1586 1145 1615 ad
1158 1595 1186 1616 v.
1204 1585 1269 1616 Ms.
1285 1584 1422 1616 Beverl.

912 1673 942 1704 N
949 1672 1050 1703 OTAE

297 1739 402 1777 Ligna
417 1738 548 1779 acapna]
560 1739 635 1770 Hoc
653 1742 801 1780 est‚q11ae
818 1739 959 1769 incensa
1012 1739 1115 1778 sicca,
1133 1738 1346 1780 proindeque
1363 1747 1426 1768 non
1444 1737 1526 1777 igni,
1543 1735 1601 1767 sed
1619 1735 1710 1767 fumo

254 1799 318 1820 nou
333 1788 474 1821 fumant.
518 1791 730 1821 Nomentum
757 1794 871 1819 antem
900 1798 959 1829 op·
1012 1789 1195 1820 excitando
1212 1789 1357 1827 idonea3
1381 1794 1484 1828 atque
1506 1788 1555 1818 ita
1570 1786 1712 1818 ferenda

254 1841 369 1880 pidum
397 1845 472 1871 erat
489 1841 698 1879 Latinorum,
721 1839 763 1870 ad
789 1839 958 1869 decimum
1012 1841 1091 1870 illuc
1106 1840 1198 1880 ligna
1215 1848 1348 1880 acapna
1360 1842 1477 1869 monet
1502 1837 1710 1878 Poeta‚quae

255 1891 297 1921 ab
314 1891 408 1921 Urbe
433 1891 578 1931 lapidem
610 1891 726 1928 situm,
752 1891 809 1920 ubi
841 1890 957 1920 multae
1011 1891 1142 1922 scilicet
1154 1890 1282 1922 fumum
1300 1899 1365 1921 non
1381 1889 1551 1920 exhalent.

254 1941 396 1982 paludes
411 1953 418 1979 ;
450 1942 538 1973 unde
554 1942 622 1973 illic
650 1942 741 1982 ligna
771 1951 834 1972 non
862 1946 961 1972 eraut

920 2061 1057 2103 XVI.

889 2153 915 2181 R
940 2154 966 2182 A
989 2154 1012 2181 Ρ
1033 2154 1080 2183 A.

259 2219 305 2260 H
312 2231 381 2260 AEC
406 2220 488 2261 tibi
509 2221 695 2261 brumali
716 2221 952 2274 gaudentia
973 2220 1133 2272 frigore
1155 2232 1262 2272 rapa

318 2288 433 2338 Quae
456 2289 628 2338 damus,
648 2290 691 2329 iu
715 2289 832 2330 coelo
851 2289 1072 2329 Romulus
1094 2302 1194 2329 esse
1216 2289 1337 2329 solet.

294 2388 449 2435 ’Romulus
463 2388 496 2418 in
511 2388 583 2418 coelo
599 2388 674 2418 solet
694 2388 847 2418 comedere
872 2388 937 2418 hoec
951 2397 1040 2428 rapa,
1055 2397 1123 2427 quoe
1146 2387 1205 2417 tibi
1220 2389 1369 2418 donamus
1392 2386 1563 2426 gaudentia
1578 2387 1712 2427 hyemali

271 2440 358 2460 rzffor
378 2455 385 2462 .

247 2429 273 2467 s
299 2454 316 2470 ⁶
359 2440 375 2461 ε
912 2472 1054 2504 NOTAE

300 2539 316 2567 l
356 2537 534 2569 Gaudentia
556 2537 698 2577 frigore]
732 2539 953 2577 Quonempe
1008 2538 1055 2567 sia
1072 2538 1164 2568 Deos
1194 2538 1299 2578 pasci,
1322 2547 1438 2568 verum
1460 2537 1563 2568 etiam
1588 2536 1709 2567 vilibus

254 2586 407 2618 dulciora
422 2586 507 2619 fiunt
520 2592 555 2619 et
567 2589 707 2629 majora.
753 2588 951 2619 Pliniuslib.
1008 2587 1209 2628 quibusdam
1236 2588 1333 2627 cibis,
1348 2592 1388 2619 ut
1404 2587 1586 2618 Romulum
1602 2586 1708 2626 rapis.

259 2647 370 2669 xvnt.
389 2648 464 2679 cap.
483 2641 534 2671 13.
1008 2639 1117 2670 Credo
1130 2639 1172 2669 dc
1186 2644 1390 2679 paupertate
1401 2639 1490 2670 illius
1503 2638 1634 2678 saeculi,
1645 2647 1710 2679 quo

299 2692 319 2720 2
343 2690 470 2722 Incoelo
488 2690 652 2731 Romulus]
682 2691 862 2722 Turnebus
894 2690 952 2722 lib,
1012 2689 1176 2720 Romulus
1207 2690 1352 2729 vixerat,
1381 2689 1524 2730 proinde
1554 2689 1650 2730 quasi
1674 2689 1709 2719 iu

257 2748 368 2771 xvni.
395 2751 472 2781 cap.
488 2744 537 2773 13.
571 2741 768 2773 Credidisse
799 2741 956 2772 videntur
1012 2742 1096 2771 coelo
1123 2741 1239 2771 iisdem
1267 2741 1352 2772 cibis
1369 2741 1514 2780 victitet,
1539 2740 1658 2782 quibus
1675 2740 1707 2769 in

257 2791 369 2822 Prisci
387 2802 451 2823 nou
470 2797 600 2823 tautum
618 2797 756 2824 nectare
775 2797 809 2824 et
827 2792 956 2824 ambro·
1013 2797 1105 2823 terra
1119 2791 1285 2823 alebatur.
