<?xml version="1.0" encoding="UTF-8"?>
<!DOCTYPE html PUBLIC "-//W3C//DTD XHTML 1.0 Transitional//EN"
    "http://www.w3.org/TR/xhtml1/DTD/xhtml1-transitional.dtd">
<html xmlns="http://www.w3.org/1999/xhtml" xml:lang="en" lang="en">
 <head>
  <title>
</title>
<meta http-equiv="Content-Type" content="text/html;charset=utf-8" />
  <meta name='ocr-system' content='tesseract 3.04.00' />
  <meta name='ocr-capabilities' content='ocr_page ocr_carea ocr_par ocr_line ocrx_word'/>
</head>
<body>
  <div class='ocr_page' id='page_1' title='image "./epigrammataexedi02martuoft_0033.png"; bbox 0 0 1924 3225; ppageno 0'>
   <div class='ocr_carea' id='block_1_1' title="bbox 0 106 13 664">
    <p class='ocr_par' dir='ltr' id='par_1_1' title="bbox 0 106 13 664">
     <span class='ocr_line' id='line_1_1' title="bbox 0 106 13 664; baseline 0 2561"><span class='ocrx_word' id='word_1_1' title='bbox 0 106 13 664; x_wconf 95' lang='lat' dir='ltr'> </span> 
     </span>
    </p>
   </div>
   <div class='ocr_carea' id='block_1_2' title="bbox 594 233 1644 275">
    <p class='ocr_par' dir='ltr' id='par_1_2' title="bbox 594 233 1644 275">
     <span class='ocr_line' id='line_1_2' title="bbox 594 233 1644 275; baseline 0 -1"><span class='ocrx_word' id='word_1_2' title='bbox 594 245 997 275; x_wconf 68' lang='lat' dir='ltr'>EPIGRAMMA&#39;FUM</span> <span class='ocrx_word' id='word_1_3' title='bbox 1034 244 1126 273; x_wconf 73' lang='lat' dir='ltr'>me.</span> <span class='ocrx_word' id='word_1_4' title='bbox 1162 244 1249 275; x_wconf 71' lang='lat' dir='ltr'>vu,</span> <span class='ocrx_word' id='word_1_5' title='bbox 1563 233 1644 275; x_wconf 69' lang='lat'>521</span> 
     </span>
    </p>
   </div>
   <div class='ocr_carea' id='block_1_3' title="bbox 754 435 1089 567">
    <p class='ocr_par' dir='ltr' id='par_1_3' title="bbox 754 435 1089 567">
     <span class='ocr_line' id='line_1_3' title="bbox 788 435 1046 476; baseline 0 0"><span class='ocrx_word' id='word_1_6' title='bbox 788 435 1046 476; x_wconf 85' lang='lat' dir='ltr'>XXXIX.</span> 
     </span>
     <span class='ocr_line' id='line_1_4' title="bbox 754 537 1089 567; baseline 0 0"><span class='ocrx_word' id='word_1_7' title='bbox 754 537 785 566; x_wconf 90' lang='lat' dir='ltr'>D</span> <span class='ocrx_word' id='word_1_8' title='bbox 803 538 829 567; x_wconf 84' lang='lat' dir='ltr'>E</span> <span class='ocrx_word' id='word_1_9' title='bbox 873 538 898 566; x_wconf 91' lang='lat' dir='ltr'>c</span> <span class='ocrx_word' id='word_1_10' title='bbox 914 537 953 566; x_wconf 82' lang='lat' dir='ltr'>AE</span> <span class='ocrx_word' id='word_1_11' title='bbox 972 537 998 566; x_wconf 74' lang='grc' dir='ltr'>ι,</span> <span class='ocrx_word' id='word_1_12' title='bbox 1015 537 1027 565; x_wconf 93' lang='lat'>1</span> <span class='ocrx_word' id='word_1_13' title='bbox 1046 537 1089 567; x_wconf 90' lang='lat'>0.</span> 
     </span>
    </p>
   </div>
   <div class='ocr_carea' id='block_1_4' title="bbox 363 617 1348 1213">
    <p class='ocr_par' dir='ltr' id='par_1_4' title="bbox 366 617 1273 737">
     <span class='ocr_line' id='line_1_5' title="bbox 366 617 1273 670; baseline 0 -14"><span class='ocrx_word' id='word_1_14' title='bbox 366 617 652 657; x_wconf 73' lang='lat' dir='ltr'>DisCURSUS</span> <span class='ocrx_word' id='word_1_15' title='bbox 673 617 837 666; x_wconf 78' lang='lat' dir='ltr'>varios,</span> <span class='ocrx_word' id='word_1_16' title='bbox 859 629 1108 670; x_wconf 79' lang='lat' dir='ltr'>vagumque</span> <span class='ocrx_word' id='word_1_17' title='bbox 1130 628 1273 666; x_wconf 83' lang='lat' dir='ltr'>mane,</span> 
     </span>
     <span class='ocr_line' id='line_1_6' title="bbox 366 683 1094 737; baseline -0.003 -12"><span class='ocrx_word' id='word_1_18' title='bbox 366 684 425 725; x_wconf 85' lang='lat' dir='ltr'>Et</span> <span class='ocrx_word' id='word_1_19' title='bbox 442 684 599 733; x_wconf 83' lang='lat' dir='ltr'>fastus,</span> <span class='ocrx_word' id='word_1_20' title='bbox 620 687 661 724; x_wconf 90' lang='lat' dir='ltr'>et</span> <span class='ocrx_word' id='word_1_21' title='bbox 681 697 761 724; x_wconf 82' lang='lat' dir='ltr'>ave</span> <span class='ocrx_word' id='word_1_22' title='bbox 783 683 1094 737; x_wconf 85' lang='lat' dir='ltr'>potentiorum,</span> 
     </span>
    </p>

    <p class='ocr_par' dir='ltr' id='par_1_5' title="bbox 364 751 1204 873">
     <span class='ocr_line' id='line_1_7' title="bbox 364 751 1204 805; baseline 0 -13"><span class='ocrx_word' id='word_1_23' title='bbox 364 752 475 793; x_wconf 84' lang='lat' dir='ltr'>Cum</span> <span class='ocrx_word' id='word_1_24' title='bbox 494 751 679 805; x_wconf 85' lang='lat' dir='ltr'>perferre</span> <span class='ocrx_word' id='word_1_25' title='bbox 698 752 883 805; x_wconf 87' lang='lat' dir='ltr'>patique</span> <span class='ocrx_word' id='word_1_26' title='bbox 898 751 993 805; x_wconf 82' lang='lat' dir='ltr'>jam</span> <span class='ocrx_word' id='word_1_27' title='bbox 1012 754 1204 804; x_wconf 77' lang='lat' dir='ltr'><strong>negaret,</strong></span> 
     </span>
     <span class='ocr_line' id='line_1_8' title="bbox 364 818 1153 873; baseline -0.001 -13"><span class='ocrx_word' id='word_1_28' title='bbox 364 819 515 873; x_wconf 80' lang='lat' dir='ltr'>Coepit</span> <span class='ocrx_word' id='word_1_29' title='bbox 534 820 690 873; x_wconf 84' lang='lat' dir='ltr'>fingere</span> <span class='ocrx_word' id='word_1_30' title='bbox 713 818 878 860; x_wconf 74' lang='lat' dir='ltr'>Caelius</span> <span class='ocrx_word' id='word_1_31' title='bbox 896 819 1153 873; x_wconf 81' lang='lat' dir='ltr'>podagram.</span> 
     </span>
    </p>

    <p class='ocr_par' dir='ltr' id='par_1_6' title="bbox 363 885 1348 1076">
     <span class='ocr_line' id='line_1_9' title="bbox 364 885 1348 941; baseline 0.001 -14"><span class='ocrx_word' id='word_1_32' title='bbox 364 885 506 936; x_wconf 85' lang='lat' dir='ltr'>Quam</span> <span class='ocrx_word' id='word_1_33' title='bbox 531 886 635 927; x_wconf 90' lang='lat' dir='ltr'>dum</span> <span class='ocrx_word' id='word_1_34' title='bbox 654 887 748 928; x_wconf 84' lang='lat' dir='ltr'>vult</span> <span class='ocrx_word' id='word_1_35' title='bbox 768 887 898 926; x_wconf 83' lang='lat' dir='ltr'>nimis</span> <span class='ocrx_word' id='word_1_36' title='bbox 920 888 1168 941; x_wconf 83' lang='lat' dir='ltr'>approbare</span> <span class='ocrx_word' id='word_1_37' title='bbox 1187 899 1348 938; x_wconf 84' lang='lat' dir='ltr'>veram,</span> 
     </span>
     <span class='ocr_line' id='line_1_10' title="bbox 363 954 1186 1009; baseline 0.001 -14"><span class='ocrx_word' id='word_1_38' title='bbox 363 954 421 995; x_wconf 80' lang='lat' dir='ltr'>Et</span> <span class='ocrx_word' id='word_1_39' title='bbox 443 968 576 995; x_wconf 81' lang='lat' dir='ltr'>sanas</span> <span class='ocrx_word' id='word_1_40' title='bbox 597 955 698 995; x_wconf 85' lang='lat' dir='ltr'>linit</span> <span class='ocrx_word' id='word_1_41' title='bbox 720 955 975 1009; x_wconf 78' lang='lat' dir='ltr'>obligatque</span> <span class='ocrx_word' id='word_1_42' title='bbox 996 956 1186 1009; x_wconf 81' lang='lat' dir='ltr'>plantas,</span> 
     </span>
     <span class='ocr_line' id='line_1_11' title="bbox 365 1022 1056 1076; baseline 0 -13"><span class='ocrx_word' id='word_1_43' title='bbox 365 1022 628 1076; x_wconf 83' lang='lat' dir='ltr'>Inceditque</span> <span class='ocrx_word' id='word_1_44' title='bbox 648 1023 784 1076; x_wconf 77' lang='lat' dir='ltr'>gradu</span> <span class='ocrx_word' id='word_1_45' title='bbox 803 1022 1026 1064; x_wconf 78' lang='lat' dir='ltr'>laborioso</span> <span class='ocrx_word' id='word_1_46' title='bbox 1045 1036 1056 1076; x_wconf 85' lang='lat'><em>3</em></span> 
     </span>
    </p>

    <p class='ocr_par' dir='ltr' id='par_1_7' title="bbox 363 1088 1316 1213">
     <span class='ocr_line' id='line_1_12' title="bbox 364 1088 1316 1144; baseline 0.002 -14"><span class='ocrx_word' id='word_1_47' title='bbox 364 1090 616 1143; x_wconf 84' lang='lat' dir='ltr'>(Quantum</span> <span class='ocrx_word' id='word_1_48' title='bbox 638 1104 741 1132; x_wconf 86' lang='lat' dir='ltr'>cura</span> <span class='ocrx_word' id='word_1_49' title='bbox 761 1095 926 1144; x_wconf 80' lang='lat' dir='ltr'>potest,</span> <span class='ocrx_word' id='word_1_50' title='bbox 947 1096 993 1131; x_wconf 87' lang='lat' dir='ltr'>et</span> <span class='ocrx_word' id='word_1_51' title='bbox 1013 1103 1084 1131; x_wconf 82' lang='lat' dir='ltr'>ars</span> <span class='ocrx_word' id='word_1_52' title='bbox 1106 1090 1268 1132; x_wconf 83' lang='lat' dir='ltr'>doloris</span> <span class='ocrx_word' id='word_1_53' title='bbox 1283 1088 1316 1144; x_wconf 92' lang='lat'>!)</span> 
     </span>
     <span class='ocr_line' id='line_1_13' title="bbox 363 1158 1134 1213; baseline 0 -14"><span class='ocrx_word' id='word_1_54' title='bbox 363 1158 494 1200; x_wconf 82' lang='lat' dir='ltr'>Desit</span> <span class='ocrx_word' id='word_1_55' title='bbox 508 1159 670 1212; x_wconf 82' lang='lat' dir='ltr'>fingere</span> <span class='ocrx_word' id='word_1_56' title='bbox 693 1159 858 1200; x_wconf 85' lang='lat' dir='ltr'>Caelius</span> <span class='ocrx_word' id='word_1_57' title='bbox 880 1159 1134 1213; x_wconf 81' lang='lat' dir='ltr'>podagram.</span> 
     </span>
    </p>
   </div>
   <div class='ocr_carea' id='block_1_5' title="bbox 1623 887 1651 927">
    <p class='ocr_par' dir='ltr' id='par_1_8' title="bbox 1623 887 1651 927">
     <span class='ocr_line' id='line_1_14' title="bbox 1623 887 1651 927; textangle 90"><span class='ocrx_word' id='word_1_58' title='bbox 1623 887 1651 927; x_wconf 68' lang='lat' dir='ltr'>Ul</span> 
     </span>
    </p>
   </div>
   <div class='ocr_carea' id='block_1_6' title="bbox 189 1277 1654 1491">
    <p class='ocr_par' dir='ltr' id='par_1_9' title="bbox 189 1277 1654 1491">
     <span class='ocr_line' id='line_1_15' title="bbox 235 1277 1654 1320; baseline 0 -10"><span class='ocrx_word' id='word_1_59' title='bbox 235 1280 313 1310; x_wconf 83' lang='lat' dir='ltr'>Cum</span> <span class='ocrx_word' id='word_1_60' title='bbox 337 1277 452 1309; x_wconf 76' lang='lat' dir='ltr'>Coelius</span> <span class='ocrx_word' id='word_1_61' title='bbox 465 1278 535 1317; x_wconf 77' lang='lat' dir='ltr'>jam</span> <span class='ocrx_word' id='word_1_62' title='bbox 550 1279 643 1309; x_wconf 79' lang='lat' dir='ltr'>nollet</span> <span class='ocrx_word' id='word_1_63' title='bbox 666 1278 736 1319; x_wconf 76' lang='lat' dir='ltr'>pati</span> <span class='ocrx_word' id='word_1_64' title='bbox 751 1281 780 1309; x_wconf 77' lang='lat' dir='ltr'>et</span> <span class='ocrx_word' id='word_1_65' title='bbox 794 1280 925 1310; x_wconf 78' lang='lat' dir='ltr'>tolerare</span> <span class='ocrx_word' id='word_1_66' title='bbox 940 1279 1042 1310; x_wconf 69' lang='lat' dir='ltr'>varios</span> <span class='ocrx_word' id='word_1_67' title='bbox 1056 1279 1224 1319; x_wconf 75' lang='lat' dir='ltr'>discursus,</span> <span class='ocrx_word' id='word_1_68' title='bbox 1238 1283 1330 1319; x_wconf 80' lang='lat' dir='ltr'>atque</span> <span class='ocrx_word' id='word_1_69' title='bbox 1341 1289 1461 1310; x_wconf 81' lang='lat' dir='ltr'>errores</span> <span class='ocrx_word' id='word_1_70' title='bbox 1473 1279 1654 1320; x_wconf 77' lang='lat' dir='ltr'>matutinos,</span> 
     </span>
     <span class='ocr_line' id='line_1_16' title="bbox 189 1321 1653 1363; baseline 0 -9"><span class='ocrx_word' id='word_1_71' title='bbox 189 1326 219 1354; x_wconf 79' lang='lat' dir='ltr'>et</span> <span class='ocrx_word' id='word_1_72' title='bbox 241 1321 427 1362; x_wconf 78' lang='lat' dir='ltr'>superbiam,</span> <span class='ocrx_word' id='word_1_73' title='bbox 451 1326 480 1352; x_wconf 85' lang='lat' dir='ltr'>et</span> <span class='ocrx_word' id='word_1_74' title='bbox 496 1323 698 1352; x_wconf 72' lang='lat' dir='ltr'>salutationes</span> <span class='ocrx_word' id='word_1_75' title='bbox 716 1322 951 1362; x_wconf 74' lang='lat' dir='ltr'>potentiorum;</span> <span class='ocrx_word' id='word_1_76' title='bbox 975 1323 1090 1363; x_wconf 75' lang='lat' dir='ltr'>incepit</span> <span class='ocrx_word' id='word_1_77' title='bbox 1105 1323 1251 1353; x_wconf 77' lang='lat' dir='ltr'>sinmlare</span> <span class='ocrx_word' id='word_1_78' title='bbox 1267 1324 1449 1363; x_wconf 81' lang='lat' dir='ltr'><em>podagram,</em></span> <span class='ocrx_word' id='word_1_79' title='bbox 1474 1333 1563 1363; x_wconf 82' lang='lat' dir='ltr'><em>quam</em></span> <span class='ocrx_word' id='word_1_80' title='bbox 1579 1326 1653 1354; x_wconf 80' lang='lat' dir='ltr'>dum</span> 
     </span>
     <span class='ocr_line' id='line_1_17' title="bbox 190 1364 1653 1406; baseline -0.001 -10"><span class='ocrx_word' id='word_1_81' title='bbox 190 1366 284 1396; x_wconf 80' lang='lat' dir='ltr'>nimis</span> <span class='ocrx_word' id='word_1_82' title='bbox 298 1364 382 1405; x_wconf 79' lang='lat' dir='ltr'>cupit</span> <span class='ocrx_word' id='word_1_83' title='bbox 397 1365 610 1395; x_wconf 82' lang='lat' dir='ltr'>demonstrare</span> <span class='ocrx_word' id='word_1_84' title='bbox 625 1375 738 1400; x_wconf 79' lang='lat' dir='ltr'>veram,</span> <span class='ocrx_word' id='word_1_85' title='bbox 751 1369 843 1406; x_wconf 76' lang='lat' dir='ltr'>atque</span> <span class='ocrx_word' id='word_1_86' title='bbox 859 1366 981 1402; x_wconf 79' lang='lat' dir='ltr'>oblinit,</span> <span class='ocrx_word' id='word_1_87' title='bbox 997 1370 1027 1396; x_wconf 78' lang='lat' dir='ltr'>et</span> <span class='ocrx_word' id='word_1_88' title='bbox 1040 1366 1142 1404; x_wconf 81' lang='lat' dir='ltr'>1lligut</span> <span class='ocrx_word' id='word_1_89' title='bbox 1155 1366 1279 1406; x_wconf 75' lang='lat' dir='ltr'>plantas</span> <span class='ocrx_word' id='word_1_90' title='bbox 1291 1375 1398 1405; x_wconf 80' lang='lat' dir='ltr'><em>sanas,</em></span> <span class='ocrx_word' id='word_1_91' title='bbox 1413 1370 1505 1405; x_wconf 79' lang='lat' dir='ltr'>utque</span> <span class='ocrx_word' id='word_1_92' title='bbox 1516 1365 1653 1396; x_wconf 69' lang='lat' dir='ltr'>ambulat</span> 
     </span>
     <span class='ocr_line' id='line_1_18' title="bbox 189 1408 1652 1449; baseline 0 -10"><span class='ocrx_word' id='word_1_93' title='bbox 189 1409 310 1439; x_wconf 76' lang='lat' dir='ltr'>incessu</span> <span class='ocrx_word' id='word_1_94' title='bbox 325 1408 462 1448; x_wconf 82' lang='lat' dir='ltr'>molesto,</span> <span class='ocrx_word' id='word_1_95' title='bbox 486 1409 530 1448; x_wconf 86' lang='lat' dir='ltr'>(o</span> <span class='ocrx_word' id='word_1_96' title='bbox 545 1411 696 1448; x_wconf 79' lang='lat' dir='ltr'>quantum</span> <span class='ocrx_word' id='word_1_97' title='bbox 711 1410 791 1439; x_wconf 72' lang='lat' dir='ltr'>valet</span> <span class='ocrx_word' id='word_1_98' title='bbox 808 1418 888 1439; x_wconf 80' lang='lat' dir='ltr'>cura</span> <span class='ocrx_word' id='word_1_99' title='bbox 904 1412 934 1439; x_wconf 80' lang='lat' dir='ltr'>et</span> <span class='ocrx_word' id='word_1_100' title='bbox 949 1418 1001 1440; x_wconf 78' lang='lat' dir='ltr'>urs</span> <span class='ocrx_word' id='word_1_101' title='bbox 1015 1408 1179 1449; x_wconf 57' lang='lat' dir='ltr'>doloris-‚U</span> <span class='ocrx_word' id='word_1_102' title='bbox 1216 1409 1335 1440; x_wconf 66' lang='lat' dir='ltr'>Caelius</span> <span class='ocrx_word' id='word_1_103' title='bbox 1349 1411 1479 1440; x_wconf 73' lang='lat' dir='ltr'>cessavit</span> <span class='ocrx_word' id='word_1_104' title='bbox 1505 1409 1652 1440; x_wconf 74' lang='lat' dir='ltr'>simulare</span> 
     </span>
     <span class='ocr_line' id='line_1_19' title="bbox 190 1453 373 1491; baseline 0 -11"><span class='ocrx_word' id='word_1_105' title='bbox 190 1453 373 1491; x_wconf 73' lang='lat' dir='ltr'>podagram.</span> 
     </span>
    </p>
   </div>
   <div class='ocr_carea' id='block_1_7' title="bbox 804 1503 1038 1515">
    <p class='ocr_par' dir='ltr' id='par_1_10' title="bbox 804 1503 1038 1515">
     <span class='ocr_line' id='line_1_20' title="bbox 804 1503 1038 1515; baseline 0 -1"><span class='ocrx_word' id='word_1_106' title='bbox 804 1503 1038 1515; x_wconf 63' lang='lat' dir='ltr'>eeeeeeeeeeee</span> 
     </span>
    </p>
   </div>
   <div class='ocr_carea' id='block_1_8' title="bbox 194 1557 1654 1632">
    <p class='ocr_par' dir='ltr' id='par_1_11' title="bbox 194 1557 1654 1632">
     <span class='ocr_line' id='line_1_21' title="bbox 239 1557 1654 1606; baseline 0.002 -18"><span class='ocrx_word' id='word_1_107' title='bbox 239 1557 347 1606; x_wconf 65' lang='lat' dir='ltr'>Hujus</span> <span class='ocrx_word' id='word_1_108' title='bbox 361 1557 623 1599; x_wconf 83' lang='lat' dir='ltr'>Epigrammatis</span> <span class='ocrx_word' id='word_1_109' title='bbox 636 1558 739 1590; x_wconf 85' lang='lat' dir='ltr'>lectio</span> <span class='ocrx_word' id='word_1_110' title='bbox 756 1568 821 1591; x_wconf 87' lang='lat' dir='ltr'>non</span> <span class='ocrx_word' id='word_1_111' title='bbox 840 1560 992 1591; x_wconf 82' lang='lat' dir='ltr'>variatur</span> <span class='ocrx_word' id='word_1_112' title='bbox 1019 1560 1053 1590; x_wconf 86' lang='lat' dir='ltr'>in</span> <span class='ocrx_word' id='word_1_113' title='bbox 1070 1558 1337 1600; x_wconf 81' lang='lat' dir='ltr'>exemplaribus,</span> <span class='ocrx_word' id='word_1_114' title='bbox 1354 1564 1413 1591; x_wconf 86' lang='lat' dir='ltr'>aut</span> <span class='ocrx_word' id='word_1_115' title='bbox 1426 1558 1567 1602; x_wconf 84' lang='lat' dir='ltr'>scriptis</span> <span class='ocrx_word' id='word_1_116' title='bbox 1594 1563 1654 1591; x_wconf 83' lang='lat' dir='ltr'>aut</span> 
     </span>
     <span class='ocr_line' id='line_1_22' title="bbox 194 1609 341 1632; baseline 0 -1"><span class='ocrx_word' id='word_1_117' title='bbox 194 1609 341 1632; x_wconf 77' lang='lat' dir='ltr'>excusis.</span> 
     </span>
    </p>
   </div>
   <div class='ocr_carea' id='block_1_9' title="bbox 196 1644 1654 1852">
    <p class='ocr_par' dir='ltr' id='par_1_12' title="bbox 196 1644 1654 1852">
     <span class='ocr_line' id='line_1_23' title="bbox 850 1644 1025 1678; baseline 0.011 -2"><span class='ocrx_word' id='word_1_118' title='bbox 850 1644 990 1676; x_wconf 76' lang='lat' dir='ltr'>NOTAE</span> <span class='ocrx_word' id='word_1_119' title='bbox 1022 1669 1025 1678; x_wconf 31' lang='grc' dir='ltr'><strong>Α</strong></span> 
     </span>
     <span class='ocr_line' id='line_1_24' title="bbox 238 1706 1372 1749; baseline 0.003 -12"><span class='ocrx_word' id='word_1_120' title='bbox 238 1711 251 1738; x_wconf 90' lang='lat' dir='ltr'>l</span> <span class='ocrx_word' id='word_1_121' title='bbox 285 1708 463 1747; x_wconf 79' lang='lat' dir='ltr'>Vagumque</span> <span class='ocrx_word' id='word_1_122' title='bbox 492 1706 596 1746; x_wconf 81' lang='lat' dir='ltr'>mane]</span> <span class='ocrx_word' id='word_1_123' title='bbox 629 1708 686 1738; x_wconf 94' lang='lat' dir='ltr'>De</span> <span class='ocrx_word' id='word_1_124' title='bbox 720 1709 895 1740; x_wconf 84' lang='lat' dir='ltr'>matutinis</span> <span class='ocrx_word' id='word_1_125' title='bbox 949 1709 1058 1740; x_wconf 85' lang='lat' dir='ltr'>ironia</span> <span class='ocrx_word' id='word_1_126' title='bbox 1072 1709 1129 1740; x_wconf 87' lang='lat' dir='ltr'>lib.</span> <span class='ocrx_word' id='word_1_127' title='bbox 1147 1709 1372 1749; x_wconf 73' lang='lat' dir='ltr'>v.Epig.22.</span> 
     </span>
     <span class='ocr_line' id='line_1_25' title="bbox 196 1758 1654 1801; baseline 0.001 -12"><span class='ocrx_word' id='word_1_128' title='bbox 196 1758 460 1789; x_wconf 83' lang='lat' dir='ltr'>salutationibus</span> <span class='ocrx_word' id='word_1_129' title='bbox 490 1759 619 1789; x_wconf 83' lang='lat' dir='ltr'>dictum</span> <span class='ocrx_word' id='word_1_130' title='bbox 653 1759 710 1790; x_wconf 90' lang='lat' dir='ltr'>lib.</span> <span class='ocrx_word' id='word_1_131' title='bbox 738 1768 761 1790; x_wconf 92' lang='lat'>1.</span> <span class='ocrx_word' id='word_1_132' title='bbox 793 1761 893 1801; x_wconf 70' lang='lat' dir='ltr'>Epig,</span> <span class='ocrx_word' id='word_1_133' title='bbox 992 1763 1013 1790; x_wconf 78' lang='lat'><strong>9</strong></span> <span class='ocrx_word' id='word_1_134' title='bbox 1038 1759 1150 1800; x_wconf 76' lang='lat' dir='ltr'>Desit]</span> <span class='ocrx_word' id='word_1_135' title='bbox 1193 1760 1264 1790; x_wconf 83' lang='lat' dir='ltr'>Per</span> <span class='ocrx_word' id='word_1_136' title='bbox 1293 1760 1561 1791; x_wconf 81' lang='lat' dir='ltr'>contractionem</span> <span class='ocrx_word' id='word_1_137' title='bbox 1592 1769 1654 1801; x_wconf 86' lang='lat' dir='ltr'>pro</span> 
     </span>
     <span class='ocr_line' id='line_1_26' title="bbox 198 1809 1653 1852; baseline 0.001 -12"><span class='ocrx_word' id='word_1_138' title='bbox 198 1812 251 1841; x_wconf 82' lang='lat'>56.</span> <span class='ocrx_word' id='word_1_139' title='bbox 948 1809 1054 1849; x_wconf 77' lang='lat' dir='ltr'>desiit,</span> <span class='ocrx_word' id='word_1_140' title='bbox 1076 1819 1152 1840; x_wconf 85' lang='lat' dir='ltr'>nam</span> <span class='ocrx_word' id='word_1_141' title='bbox 1176 1819 1213 1840; x_wconf 85' lang='lat' dir='ltr'>re</span> <span class='ocrx_word' id='word_1_142' title='bbox 1236 1810 1309 1850; x_wconf 87' lang='lat' dir='ltr'>ipsa</span> <span class='ocrx_word' id='word_1_143' title='bbox 1324 1815 1502 1852; x_wconf 79' lang='lat' dir='ltr'>correptus</span> <span class='ocrx_word' id='word_1_144' title='bbox 1520 1815 1572 1842; x_wconf 85' lang='lat' dir='ltr'>est</span> <span class='ocrx_word' id='word_1_145' title='bbox 1594 1820 1653 1852; x_wconf 81' lang='lat' dir='ltr'>po·-</span> 
     </span>
    </p>
   </div>
   <div class='ocr_carea' id='block_1_10' title="bbox 236 1858 1066 1901">
    <p class='ocr_par' dir='ltr' id='par_1_13' title="bbox 236 1858 1066 1901">
     <span class='ocr_line' id='line_1_27' title="bbox 236 1858 1066 1901; baseline 0.004 -12"><span class='ocrx_word' id='word_1_146' title='bbox 236 1862 255 1890; x_wconf 77' lang='lat'>8</span> <span class='ocrx_word' id='word_1_147' title='bbox 281 1860 441 1895; x_wconf 79' lang='lat' dir='ltr'>Quantum</span> <span class='ocrx_word' id='word_1_148' title='bbox 465 1858 554 1900; x_wconf 85' lang='lat' dir='ltr'><em>cura]</em></span> <span class='ocrx_word' id='word_1_149' title='bbox 582 1860 711 1892; x_wconf 84' lang='lat' dir='ltr'>Eadem</span> <span class='ocrx_word' id='word_1_150' title='bbox 738 1870 817 1892; x_wconf 83' lang='lat' dir='ltr'>usus</span> <span class='ocrx_word' id='word_1_151' title='bbox 842 1865 896 1892; x_wconf 87' lang='lat' dir='ltr'>est</span> <span class='ocrx_word' id='word_1_152' title='bbox 950 1860 1066 1901; x_wconf 70' lang='lat' dir='ltr'>(legra.</span> 
     </span>
    </p>
   </div>
   <div class='ocr_carea' id='block_1_11' title="bbox 529 2099 1317 2131">
    <p class='ocr_par' dir='ltr' id='par_1_14' title="bbox 529 2099 1317 2131">
     <span class='ocr_line' id='line_1_28' title="bbox 529 2099 1317 2131; baseline 0.001 -2"><span class='ocrx_word' id='word_1_153' title='bbox 529 2099 841 2130; x_wconf 79' lang='lat' dir='ltr'><strong>EPITAPHIUM</strong></span> <span class='ocrx_word' id='word_1_154' title='bbox 876 2099 1054 2130; x_wconf 87' lang='lat' dir='ltr'><strong>PATRIS</strong></span> <span class='ocrx_word' id='word_1_155' title='bbox 1090 2100 1317 2131; x_wconf 76' lang='lat' dir='ltr'><strong>ETRUSCI.</strong></span> 
     </span>
    </p>
   </div>
   <div class='ocr_carea' id='block_1_12' title="bbox 193 2178 1362 2302">
    <p class='ocr_par' dir='ltr' id='par_1_15' title="bbox 193 2178 1362 2302">
     <span class='ocr_line' id='line_1_29' title="bbox 193 2178 1278 2234; baseline -0.002 -12"><span class='ocrx_word' id='word_1_156' title='bbox 193 2180 290 2222; x_wconf 82' lang='lat' dir='ltr'>ch</span> <span class='ocrx_word' id='word_1_157' title='bbox 305 2179 431 2234; x_wconf 50' lang='lat' dir='ltr'>,iacet</span> <span class='ocrx_word' id='word_1_158' title='bbox 450 2179 525 2221; x_wconf 86' lang='lat' dir='ltr'>ille</span> <span class='ocrx_word' id='word_1_159' title='bbox 549 2193 697 2229; x_wconf 83' lang='lat' dir='ltr'>senex,</span> <span class='ocrx_word' id='word_1_160' title='bbox 719 2178 921 2232; x_wconf 85' lang='lat' dir='ltr'>Augusta</span> <span class='ocrx_word' id='word_1_161' title='bbox 941 2183 1070 2220; x_wconf 81' lang='lat' dir='ltr'>notus</span> <span class='ocrx_word' id='word_1_162' title='bbox 1092 2179 1139 2219; x_wconf 89' lang='lat' dir='ltr'>in</span> <span class='ocrx_word' id='word_1_163' title='bbox 1161 2179 1278 2229; x_wconf 85' lang='lat' dir='ltr'>aula,</span> 
     </span>
     <span class='ocr_line' id='line_1_30' title="bbox 253 2248 1362 2302; baseline -0.001 -13"><span class='ocrx_word' id='word_1_164' title='bbox 253 2248 439 2290; x_wconf 85' lang='lat' dir='ltr'>Pectore</span> <span class='ocrx_word' id='word_1_165' title='bbox 459 2261 547 2289; x_wconf 89' lang='lat' dir='ltr'>non</span> <span class='ocrx_word' id='word_1_166' title='bbox 567 2248 720 2290; x_wconf 86' lang='lat' dir='ltr'>humili</span> <span class='ocrx_word' id='word_1_167' title='bbox 742 2261 909 2302; x_wconf 76' lang='lat' dir='ltr'>passus</span> <span class='ocrx_word' id='word_1_168' title='bbox 931 2256 1165 2301; x_wconf 88' lang='lat' dir='ltr'>utrumque</span> <span class='ocrx_word' id='word_1_169' title='bbox 1188 2248 1331 2288; x_wconf 86' lang='lat' dir='ltr'>Deum</span> <span class='ocrx_word' id='word_1_170' title='bbox 1351 2261 1362 2300; x_wconf 92' lang='lat'>;</span> 
     </span>
    </p>
   </div>
   <div class='ocr_carea' id='block_1_13' title="bbox 239 2369 1652 2411">
    <p class='ocr_par' dir='ltr' id='par_1_16' title="bbox 239 2369 1652 2411">
     <span class='ocr_line' id='line_1_31' title="bbox 239 2369 1652 2411; baseline 0.001 -10"><span class='ocrx_word' id='word_1_171' title='bbox 239 2369 395 2408; x_wconf 76' lang='lat' dir='ltr'>Hicjacet</span> <span class='ocrx_word' id='word_1_172' title='bbox 409 2370 461 2401; x_wconf 84' lang='lat' dir='ltr'>ille</span> <span class='ocrx_word' id='word_1_173' title='bbox 475 2380 571 2401; x_wconf 73' lang='lat' dir='ltr'>senex</span> <span class='ocrx_word' id='word_1_174' title='bbox 587 2371 730 2409; x_wconf 82' lang='lat' dir='ltr'>cognitus</span> <span class='ocrx_word' id='word_1_175' title='bbox 744 2370 775 2401; x_wconf 80' lang='lat' dir='ltr'>in</span> <span class='ocrx_word' id='word_1_176' title='bbox 789 2371 860 2401; x_wconf 77' lang='lat' dir='ltr'>nula</span> <span class='ocrx_word' id='word_1_177' title='bbox 880 2370 1026 2410; x_wconf 77' lang='lat' dir='ltr'>Augusta</span> <span class='ocrx_word' id='word_1_178' title='bbox 1041 2380 1151 2411; x_wconf 79' lang='lat' dir='ltr'>passus</span> <span class='ocrx_word' id='word_1_179' title='bbox 1175 2373 1339 2411; x_wconf 81' lang='lat' dir='ltr'>utrumque</span> <span class='ocrx_word' id='word_1_180' title='bbox 1359 2369 1463 2401; x_wconf 81' lang='lat' dir='ltr'>Deum</span> <span class='ocrx_word' id='word_1_181' title='bbox 1487 2370 1577 2402; x_wconf 81' lang='lat' dir='ltr'>corde</span> <span class='ocrx_word' id='word_1_182' title='bbox 1592 2380 1652 2402; x_wconf 84' lang='lat' dir='ltr'>non</span> 
     </span>
    </p>
   </div>
   <div class='ocr_carea' id='block_1_14' title="bbox 804 2453 1040 2465">
    <p class='ocr_par' dir='ltr' id='par_1_17' title="bbox 804 2453 1040 2465">
     <span class='ocr_line' id='line_1_32' title="bbox 804 2453 1040 2465; baseline 0.004 -1"><span class='ocrx_word' id='word_1_183' title='bbox 804 2453 1040 2465; x_wconf 65' lang='lat' dir='ltr'>eeeeeeeeeeee</span> 
     </span>
    </p>
   </div>
   <div class='ocr_carea' id='block_1_15' title="bbox 237 2501 1651 2623">
    <p class='ocr_par' dir='ltr' id='par_1_18' title="bbox 237 2501 1651 2623">
     <span class='ocr_line' id='line_1_33' title="bbox 237 2501 1651 2545; baseline -0.001 -9"><span class='ocrx_word' id='word_1_184' title='bbox 237 2507 258 2536; x_wconf 85' lang='lat'>2</span> <span class='ocrx_word' id='word_1_185' title='bbox 282 2503 389 2536; x_wconf 82' lang='lat' dir='ltr'>Codd.</span> <span class='ocrx_word' id='word_1_186' title='bbox 406 2504 487 2535; x_wconf 86' lang='lat' dir='ltr'>Vat.</span> <span class='ocrx_word' id='word_1_187' title='bbox 509 2508 545 2535; x_wconf 90' lang='lat' dir='ltr'>et</span> <span class='ocrx_word' id='word_1_188' title='bbox 568 2503 719 2535; x_wconf 88' lang='lat' dir='ltr'>Florent.</span> <span class='ocrx_word' id='word_1_189' title='bbox 735 2503 920 2535; x_wconf 59' lang='lat' dir='ltr'>exhibent:</span> <span class='ocrx_word' id='word_1_190' title='bbox 943 2514 1052 2545; x_wconf 79' lang='lat' dir='ltr'>passus</span> <span class='ocrx_word' id='word_1_191' title='bbox 1075 2505 1278 2544; x_wconf 49' lang='lat' dir='ltr'>utroque—4</span> <span class='ocrx_word' id='word_1_192' title='bbox 1311 2501 1390 2535; x_wconf 74' lang='grc' dir='ltr'>ΑΜ.</span> <span class='ocrx_word' id='word_1_193' title='bbox 1419 2502 1514 2536; x_wconf 88' lang='lat' dir='ltr'>Junt.</span> <span class='ocrx_word' id='word_1_194' title='bbox 1540 2502 1651 2535; x_wconf 84' lang='lat' dir='ltr'>Colin.</span> 
     </span>
     <span class='ocr_line' id='line_1_34' title="bbox 848 2591 993 2623; baseline 0 0"><span class='ocrx_word' id='word_1_195' title='bbox 848 2591 993 2623; x_wconf 75' lang='lat' dir='ltr'>NOTAE</span> 
     </span>
    </p>
   </div>
   <div class='ocr_carea' id='block_1_16' title="bbox 198 2663 1652 2861">
    <p class='ocr_par' dir='ltr' id='par_1_19' title="bbox 198 2663 1652 2810">
     <span class='ocr_line' id='line_1_35' title="bbox 239 2663 1652 2709; baseline 0 -12"><span class='ocrx_word' id='word_1_196' title='bbox 239 2669 257 2698; x_wconf 91' lang='grc'>1</span> <span class='ocrx_word' id='word_1_197' title='bbox 282 2666 349 2698; x_wconf 81' lang='lat' dir='ltr'>Hic</span> <span class='ocrx_word' id='word_1_198' title='bbox 368 2666 469 2707; x_wconf 77' lang='lat' dir='ltr'>jacet]</span> <span class='ocrx_word' id='word_1_199' title='bbox 494 2669 548 2699; x_wconf 89' lang='lat' dir='ltr'>De</span> <span class='ocrx_word' id='word_1_200' title='bbox 571 2668 717 2699; x_wconf 83' lang='lat' dir='ltr'>Etrusco</span> <span class='ocrx_word' id='word_1_201' title='bbox 733 2673 842 2709; x_wconf 86' lang='lat' dir='ltr'>patre,</span> <span class='ocrx_word' id='word_1_202' title='bbox 859 2672 896 2699; x_wconf 84' lang='lat' dir='ltr'>et</span> <span class='ocrx_word' id='word_1_203' title='bbox 948 2677 1028 2698; x_wconf 89' lang='lat' dir='ltr'>num</span> <span class='ocrx_word' id='word_1_204' title='bbox 1044 2676 1168 2707; x_wconf 84' lang='lat' dir='ltr'>nempe</span> <span class='ocrx_word' id='word_1_205' title='bbox 1185 2664 1382 2707; x_wconf 81' lang='lat' dir='ltr'>propitium,</span> <span class='ocrx_word' id='word_1_206' title='bbox 1408 2669 1510 2706; x_wconf 86' lang='lat' dir='ltr'>atque</span> <span class='ocrx_word' id='word_1_207' title='bbox 1533 2663 1652 2697; x_wconf 84' lang='lat' dir='ltr'>adver-</span> 
     </span>
     <span class='ocr_line' id='line_1_36' title="bbox 198 2717 1652 2760; baseline 0 -11"><span class='ocrx_word' id='word_1_208' title='bbox 198 2719 344 2749; x_wconf 89' lang='lat' dir='ltr'>Etrusco</span> <span class='ocrx_word' id='word_1_209' title='bbox 370 2717 439 2748; x_wconf 81' lang='lat' dir='ltr'>filio</span> <span class='ocrx_word' id='word_1_210' title='bbox 467 2717 596 2750; x_wconf 84' lang='lat' dir='ltr'>dictum</span> <span class='ocrx_word' id='word_1_211' title='bbox 628 2719 688 2751; x_wconf 88' lang='lat' dir='ltr'>lib.</span> <span class='ocrx_word' id='word_1_212' title='bbox 720 2728 767 2751; x_wconf 88' lang='lat' dir='ltr'>v1.</span> <span class='ocrx_word' id='word_1_213' title='bbox 797 2719 895 2760; x_wconf 84' lang='lat' dir='ltr'>Epig.</span> <span class='ocrx_word' id='word_1_214' title='bbox 948 2729 1035 2758; x_wconf 83' lang='lat' dir='ltr'>sum,</span> <span class='ocrx_word' id='word_1_215' title='bbox 1062 2719 1119 2760; x_wconf 86' lang='lat' dir='ltr'>qui</span> <span class='ocrx_word' id='word_1_216' title='bbox 1149 2718 1257 2749; x_wconf 85' lang='lat' dir='ltr'>iratus</span> <span class='ocrx_word' id='word_1_217' title='bbox 1281 2718 1315 2748; x_wconf 83' lang='lat' dir='ltr'>in</span> <span class='ocrx_word' id='word_1_218' title='bbox 1346 2717 1483 2747; x_wconf 78' lang='lat' dir='ltr'>exilium</span> <span class='ocrx_word' id='word_1_219' title='bbox 1510 2717 1652 2749; x_wconf 85' lang='lat' dir='ltr'>miserat</span> 
     </span>
     <span class='ocr_line' id='line_1_37' title="bbox 198 2767 1650 2810; baseline 0.001 -11"><span class='ocrx_word' id='word_1_220' title='bbox 198 2771 252 2800; x_wconf 84' lang='grc'>83.</span> <span class='ocrx_word' id='word_1_221' title='bbox 949 2771 1147 2809; x_wconf 86' lang='lat' dir='ltr'>Etruscum,</span> <span class='ocrx_word' id='word_1_222' title='bbox 1170 2770 1324 2810; x_wconf 77' lang='lat' dir='ltr'>placatus</span> <span class='ocrx_word' id='word_1_223' title='bbox 1345 2777 1424 2799; x_wconf 85' lang='lat' dir='ltr'>vero</span> <span class='ocrx_word' id='word_1_224' title='bbox 1440 2767 1583 2799; x_wconf 84' lang='lat' dir='ltr'>eundem</span> <span class='ocrx_word' id='word_1_225' title='bbox 1598 2778 1650 2800; x_wconf 89' lang='lat' dir='ltr'>re-</span> 
     </span>
    </p>

    <p class='ocr_par' dir='ltr' id='par_1_20' title="bbox 239 2818 1518 2861">
     <span class='ocr_line' id='line_1_38' title="bbox 239 2818 1518 2861; baseline 0.001 -11"><span class='ocrx_word' id='word_1_226' title='bbox 239 2821 259 2850; x_wconf 88' lang='lat'>2</span> <span class='ocrx_word' id='word_1_227' title='bbox 282 2819 398 2849; x_wconf 74' lang='lat' dir='ltr'>Passus</span> <span class='ocrx_word' id='word_1_228' title='bbox 412 2821 574 2860; x_wconf 79' lang='lat' dir='ltr'>utrumque</span> <span class='ocrx_word' id='word_1_229' title='bbox 588 2819 707 2860; x_wconf 80' lang='lat' dir='ltr'>Deum]</span> <span class='ocrx_word' id='word_1_230' title='bbox 729 2820 896 2853; x_wconf 83' lang='lat' dir='ltr'>Domitia·</span> <span class='ocrx_word' id='word_1_231' title='bbox 951 2824 1148 2852; x_wconf 84' lang='lat' dir='ltr'>vocaverat.</span> <span class='ocrx_word' id='word_1_232' title='bbox 1186 2819 1262 2852; x_wconf 91' lang='lat' dir='ltr'>Lib.</span> <span class='ocrx_word' id='word_1_233' title='bbox 1280 2828 1329 2852; x_wconf 77' lang='lat' dir='ltr'>vx.</span> <span class='ocrx_word' id='word_1_234' title='bbox 1349 2818 1452 2861; x_wconf 85' lang='lat' dir='ltr'>Epig.</span> <span class='ocrx_word' id='word_1_235' title='bbox 1466 2820 1518 2851; x_wconf 80' lang='grc'>83.</span> 
     </span>
    </p>
   </div>
  </div>
 </body>
</html>
