1893 3225
234 189 346 232 1026
708 200 756 227 M.
791 198 851 227 VA
863 199 900 227 L.
935 198 1210 227 MAR‘rlAffls

899 388 1031 430 CIX.

723 478 928 508 CALICES

962 477 1209 508 GEMMATI.

233 550 532 592 GEMMATUM
557 547 780 602 Scythicis
800 551 850 587 ut
869 547 1015 587 luceat
1035 546 1212 598 ignibus
1236 558 1403 594 aurum,

287 617 487 672 Aspice:
519 619 626 672 quot
644 615 806 669 digitos
829 615 956 656 exuit
977 615 1063 655 iste
1086 614 1232 655 calix!

278 731 322 761 Ut
336 738 447 760 aurum
459 729 649 769 gemmatum
663 726 823 766 splendeat
841 723 1001 766 Scythicis
1007 724 1162 765 flammis,
1177 724 1242 755 cide
1258 726 1330 764 quot
1347 723 1464 763 digitos
1478 722 1624 763 spoliavit
1635 723 1691 754 hoc

228 774 380 815 poculum.

890 810 1035 841 NOTAE

277 884 291 912 1
317 880 473 922 Scythicis
498 876 636 918 ignibus]
662 875 739 907 Hoc
755 879 820 911 est,
846 884 932 906 sma-

231 931 356 972 ragdis.
373 931 429 962 Sic
446 931 579 961 locutus
592 933 643 960 est
657 926 780 966 Poeta,
791 925 852 956 lib.
866 935 933 956 ΧΠ.

233 982 334 1024 Epig.
365 984 416 1012 15.
475 980 564 1011 Vide
589 978 649 1010 lib.
672 988 722 1009 1v.
760 977 859 1018 Epig.
883 980 935 1009 28.

228 1034 238 1050 ⁴
252 1033 356 1064 Indos
370 1030 613 1072 sardonychas,
629 1029 773 1070 Scythas
790 1037 937 1068 smarag-

230 1082 315 1115 dos.'

1031 878 1051 906 2
1077 876 1159 911 Quot
1172 874 1276 914 exuit]
1300 874 1428 915 Digitis
1442 873 1530 905 enim
1548 883 1690 914 gemmae

990 925 1275 964 detrahebantur,
1300 930 1338 956 ut
1355 924 1485 965 poculis
1502 925 1692 955 insereren-

992 980 1058 1008 tur.
1101 976 1225 1008 Juven.
1250 975 1322 1007 Sat.
1341 985 1374 1007 v.
1398 979 1406 991 ‘
1426 975 1514 1006 Nam
1531 975 1631 1013 vitro,
1654 979 1693 1004 ut

993 1027 1101 1064 multi,
1114 1037 1264 1067 gemmas
1280 1027 1322 1058 ad
1340 1027 1462 1068 pocula
1480 1025 1644 1058 transfert
1660 1023 1692 1055 A

995 1078 1136 1114 digitis?

910 1219 1015 1260 CX.

708 1309 951 1340 AMPULLA
988 1308 1216 1338 POTORIA.

233 1381 345 1423 HAc
366 1381 473 1422 licet
492 1380 537 1420 in
559 1391 745 1432 gemma,
768 1391 868 1432 quae
889 1382 1036 1419 servat
1056 1377 1235 1419 nomina
1258 1377 1423 1427 Cosmi,

286 1448 552 1496 Luxurioso,
571 1446 719 1495 bibas,
743 1445 782 1485 si
804 1445 961 1486 foliata
987 1445 1102 1485 sitis.

274 1560 305 1592 O
323 1560 544 1600 intemperans,
564 1558 592 1588 si
612 1558 686 1588 sicis
701 1556 834 1596 foliata,
858 1559 944 1596 potes
966 1559 1074 1596 potare
1096 1557 1127 1588 in
1155 1558 1212 1588 hac
1232 1567 1368 1597 gemma,
1385 1567 1454 1598 quae
1479 1556 1569 1589 habet
1585 1566 1695 1588 nomen

235 1603 348 1635 Cosmi.

846 1652 959 1663 aeaeaeaeaeae

965 1651 1081 1664 eeeeee

274 1721 289 1749 1
318 1717 653 1756 Gemmaeisfruatque
668 1716 876 1747 Beverlandi
893 1717 960 1747 Ms.
985 1725 1046 1757 pro
1060 1726 1195 1756 gemma,
1210 1726 1276 1757 qnae
1293 1719 1408 1747 sert-at.

892 1803 923 1834 N
930 1802 960 1834 O
965 1803 1036 1834 '1'AE

275 1883 286 1910 1
318 1879 396 1915 Quae
417 1877 535 1918 servat]
561 1878 730 1909 Nimirum
748 1877 933 1909 Cosmiana

230 1931 324 1963 dicta
362 1940 382 1960 a
416 1930 540 1961 Cosmo
577 1929 818 1970 unguentario.
860 1930 869 1946 ⁴
889 1929 934 1959 Et

231 1980 420 2014 Cosmianis
447 1980 522 2021 ipse
547 1979 640 2010 fusus
673 1979 831 2020 ampullis
848 1978 869 2010 :'
900 1984 935 2010 et

229 2033 288 2064 lib.
308 2041 360 2064 xn.
388 2032 489 2072 Epig.
505 2034 557 2062 50.
591 2032 600 2048 ‘
615 2030 797 2062 Profertur
822 2031 936 2062 Cosmi

230 2093 320 2115 nunc
336 2083 414 2114 mihi
431 2083 542 2113 siccus
559 2081 670 2123 onyx.’
696 2081 858 2123 Ampulla
879 2091 935 2113 vas

231 2139 306 2165 erat
321 2132 585 2174 unguentarium
601 2143 611 2171 ;
634 2133 693 2164 sed
706 2133 805 2164 luxus
823 2142 864 2164 eo
879 2133 936 2163 de-

232 2189 383 2224 venerat,
409 2188 448 2215 ut
464 2183 505 2214 ad
522 2183 706 2215 bibendum
730 2184 790 2214 illa
801 2188 936 2215 uteren-

231 2239 287 2267 tur
304 2235 462 2267 Romani.
508 2234 639 2265 Plinius
657 2234 715 2265 lib.
732 2243 787 2266 111.
812 2245 888 2275 cap.
903 2238 935 2265 3.

989 1878 1062 1910 ‘At
1093 1879 1231 1910 hercule
1250 1880 1322 1920 jam
1353 1877 1491 1920 quidem
1530 1878 1633 1909 etiam
1661 1878 1695 1909 in

990 1935 1075 1970 potu
1092 1930 1248 1962 addunt.’
1292 1931 1434 1971 Supple,
1447 1933 1622 1970 unguenta
1635 1938 1691 1960 ex-

990 1981 1094 2012 otica.

1034 2035 1053 2063 2
1078 2031 1253 2072 SIfoliatu]
1277 2032 1364 2065 Quae
1384 2032 1431 2062 sie
1457 2029 1611 2070 explicat
1625 2028 1695 2059 Pli-

991 2083 1066 2113 nius
1096 2084 1155 2115 lib.
1183 2093 1267 2114 X111.
1305 2093 1382 2124 cap.
1411 2086 1440 2114 1.
1475 2082 1484 2099 ‘
1505 2080 1695 2112 Nardinum

991 2135 1062 2166 sive
1074 2133 1230 2166 foliatum
1245 2139 1380 2166 constat
1393 2132 1584 2174 omphacio,
1601 2130 1693 2162 bala—

992 2185 1084 2224 nino,
1108 2185 1229 2225 juuco,
1259 2189 1369 2225 costo,
1402 2183 1519 2223 nardo,
1551 2190 1695 2218 amomo,

993 2235 1142 2275 myrrha,
1161 2234 1339 2266 balsamo!

902 2382 1035 2423 CXI.

786 2472 1162 2502 cRYs'rALMNA.

233 2541 514 2583 FRANGERE
536 2540 641 2582 dum
663 2540 840 2590 metuis,
860 2540 1024 2593 frangis
1048 2540 1330 2594 crystallina:
1362 2549 1551 2596 peccant

289 2610 469 2652 Securae
491 2610 673 2651 nimium
695 2609 975 2662 solicitaeque
998 2623 1174 2651 manus.

271 2719 358 2751 Dum
374 2720 464 2752 times
471 2718 625 2759 frangere
648 2718 842 2759 crystallina,
854 2717 1008 2758 frangis.-
1032 2729 1139 2751 manus
1163 2720 1256 2752 nimis
1283 2731 1395 2752 secura
1420 2726 1448 2753 et
1468 2722 1563 2755 nimis
1586 2725 1689 2756 anxit.»

228 2766 368 2804 peccant.
