1893 3225
556 241 958 273 EMGRAMMATUM
995 243 1086 272 mn.
1120 242 1211 272 ΧΠ.
1519 232 1601 273 931

814 338 959 369 NOTAE

195 408 215 436 4
242 404 343 435 Times
377 403 534 443 lagenam]
572 402 688 434 Times
726 411 848 442 nempe
905 401 1004 442 Epig.
1019 404 1072 433 43.
1090 406 1125 433 et
1142 401 1200 433 lib.
1219 410 1268 433 lv.
1285 401 1385 443 Epig.
1400 404 1453 433 69.

155 460 358 486 venenatum
382 454 551 495 poculum.
597 452 685 484 Vide
711 453 767 484 lib.
800 462 848 484 ιν.

782 597 971 640 XCIII.

712 690 778 721 AD
813 689 1045 720 PRISGUM.

154 763 293 804 SAEPE
316 772 466 812 rogare
486 758 599 800 soles
620 757 762 812 qualis
785 757 881 807 sim,
901 757 1069 807 Prisce,
1089 756 1282 808 futurus,

214 830 260 871 Si
282 828 385 869 fiam
401 827 620 880 locuples,
643 827 816 880 simque
837 830 1020 880 repente
1040 829 1213 879 potens.

154 897 414 950 Quenquam
434 908 568 948 posse
587 899 717 948 putas
737 905 880 935 mores
901 906 1077 934 narrare
1099 894 1267 936 futuros
1285 895 1303 935 ’ἱ

210 965 296 1006 Dic
317 963 439 1014 mihi,
463 963 502 1004 si
523 962 607 1004 fias
628 967 674 1004 tu
693 963 780 1011 leo,
803 962 950 1015 qualis
974 961 1089 1002 eris?

193 1070 224 1101 Ο
242 1069 363 1107 Prisce,
385 1069 432 1099 tui
454 1068 547 1099 moris
561 1071 606 1099 est
622 1067 727 1099 crebro
749 1068 938 1108 percontari,
959 1068 1058 1108 qualis
1073 1068 1132 1098 sim
1148 1068 1295 1107 futurus,
1317 1069 1344 1099 si
1367 1067 1451 1099 dives
1467 1070 1603 1107 eimadam

148 1116 178 1144 et
192 1113 294 1144 subito
309 1112 369 1142 sim
381 1114 500 1151 potens.
549 1111 702 1142 Credisne
718 1121 888 1152 quenquam
901 1121 990 1151 posse
1001 1111 1103 1143 dicere
1118 1121 1216 1143 mores
1225 1111 1371 1151 futuros.
1364 1110 1379 1134 '2
1401 1112 1464 1143 Dic
1477 1113 1564 1153 mihi,
1577 1113 1607 1143 si

149 1159 184 1186 tu
199 1157 311 1187 evadas
325 1155 382 1192 lev,
405 1155 504 1194 qualis
520 1153 599 1186 eris.
592 1152 608 1176 ἲ

806 1196 839 1226 N
844 1195 947 1227 OTAE

191 1265 211 1292 4
237 1260 275 1292 Si
291 1260 358 1301 fias
383 1263 416 1290 tu
442 1258 503 1299 leo]
526 1259 652 1290 Sensus
677 1263 751 1290 est:
778 1259 848 1290 Leo
902 1258 964 1290 bus
986 1268 1107 1291 usurus
1129 1264 1194 1299 est,
1216 1269 1338 1301 nempe
1355 1260 1531 1301 superbis3
1548 1270 1606 1291 seu

148 1310 399 1343 futurusieonis
420 1314 576 1341 naturam
590 1309 766 1340 habiturus
781 1313 850 1349 est,
903 1316 1023 1341 tenues
1038 1315 1074 1342 et
1089 1310 1271 1343 debiliores
1300 1316 1353 1342 est
1368 1321 1605 1352 oppressurus,

152 1368 254 1404 atque
271 1362 320 1392 ita
344 1360 439 1391 dives
457 1360 591 1391 futurus
615 1360 728 1391 divitis
748 1361 849 1392 mori·
905 1366 941 1392 et
958 1365 1115 1403 tanquam
1132 1362 1185 1394 leo
1201 1361 1434 1394 devoraturus.

776 1527 955 1570 XCIV.

707 1618 770 1646 DE
804 1617 1049 1648 FABULLA.

264 1682 376 1735 QUA
397 1683 622 1726 moechum
643 1684 813 1725 ratione
833 1684 1028 1726 basiaret

265 1751 425 1792 Coram
446 1752 635 1805 conjuge
656 1752 819 1806 reperit
841 1752 1040 1793 Fabulla.

264 1819 460 1860 Parvum
480 1819 630 1860 basiat
650 1832 792 1872 usque
812 1820 1074 1861 morionem:

264 1886 397 1927 Hunc
417 1885 568 1927 multis
588 1887 706 1940 rapit
725 1887 890 1927 osculis
912 1886 1162 1929 madentem

261 1953 474 1995 Moechus
495 1954 708 2007 protinus,
727 1960 771 1995 et
791 1955 882 1995 suis
901 1956 1117 2009 repletum
1572 1959 1601 2000 5

265 2020 446 2062 Ridenti
468 2021 656 2062 dominae
677 2022 830 2062 statim
850 2023 1048 2064 remittit.

262 2088 440 2140 Quanto
459 2089 597 2130 morio
618 2090 757 2144 major
777 2094 842 2131 est
861 2091 1070 2132 maritus!

192 2203 323 2236 Fabulla
339 2205 530 2245 excogitavit
553 2215 614 2246 qua
636 2205 756 2237 ratione
780 2206 970 2238 oscularetur
992 2208 1168 2238 adulterum
1182 2218 1285 2240 coram
1299 2209 1425 2241 marito.
1470 2210 1599 2252 Semper

148 2248 303 2278 osculatur
321 2258 452 2288 parcum
474 2250 671 2279 sannionem:
693 2251 818 2289 repente
843 2250 966 2281 adulter
994 2250 1073 2281 hunc
1096 2251 1181 2290 rapit
1207 2253 1301 2282 udum
1316 2253 1421 2283 multis
1437 2253 1544 2288 basiis,
1544 2221 1598 2285 pet

148 2290 214 2321 suis
228 2292 377 2331 repletum
391 2292 526 2322 remittit
537 2292 646 2322 statim
661 2292 793 2322 dominoe
807 2292 943 2323 ridenti:
965 2296 1079 2333 quanto
1093 2294 1191 2333 major
1205 2298 1250 2326 est
1265 2297 1373 2327 sannio
1385 2297 1533 2327 maritus
1531 2296 1542 2317 t

752 2365 991 2379 eeeeeeeeeeee

191 2421 209 2449 5
235 2418 402 2450 Proximus
414 2419 591 2451 Palat.-—7
614 2420 734 2451 Marito
750 2421 815 2453 Ms.
831 2420 865 2452 in
882 2431 987 2462 marg.
1004 2422 1058 2454 ed.
1074 2423 1155 2455 Par.
1171 2426 1263 2457 1617.

799 2518 941 2551 NOTAE

190 2581 209 2609 7
235 2578 360 2614 Quanto
373 2578 484 2619 morio]
507 2579 583 2612 Hoc
609 2586 681 2613 est:
705 2582 842 2616 Quanto
896 2583 1010 2616 ficium
1048 2594 1114 2616 non
1152 2585 1415 2626 animadvertat,
1445 2587 1499 2617 vei
1529 2586 1596 2617 ani-

148 2628 304 2660 stolidior
329 2633 383 2661 est
408 2629 561 2671 maritus,
590 2631 646 2672 qui
672 2631 735 2664 hoc
762 2633 841 2665 arti·
895 2635 1114 2668 madvertens
1126 2636 1300 2678 patiatur!
