<?xml version="1.0" encoding="UTF-8"?>
<!DOCTYPE html PUBLIC "-//W3C//DTD XHTML 1.0 Transitional//EN"
    "http://www.w3.org/TR/xhtml1/DTD/xhtml1-transitional.dtd">
<html xmlns="http://www.w3.org/1999/xhtml" xml:lang="en" lang="en">
 <head>
  <title>
</title>
<meta http-equiv="Content-Type" content="text/html;charset=utf-8" />
  <meta name='ocr-system' content='tesseract 3.04.00' />
  <meta name='ocr-capabilities' content='ocr_page ocr_carea ocr_par ocr_line ocrx_word'/>
</head>
<body>
  <div class='ocr_page' id='page_1' title='image "./epigrammataexedi02martuoft_0260.png"; bbox 0 0 1893 3225; ppageno 0'>
   <div class='ocr_carea' id='block_1_1' title="bbox 205 213 1189 253">
    <p class='ocr_par' dir='ltr' id='par_1_1' title="bbox 205 213 1189 253">
     <span class='ocr_line' id='line_1_1' title="bbox 205 213 1189 253; baseline 0.002 -3"><span class='ocrx_word' id='word_1_1' title='bbox 205 213 286 250; x_wconf 62' lang='lat'>14:3⁴</span> <span class='ocrx_word' id='word_1_2' title='bbox 684 222 730 250; x_wconf 78' lang='lat' dir='ltr'>M.</span> <span class='ocrx_word' id='word_1_3' title='bbox 769 223 878 252; x_wconf 70' lang='lat' dir='ltr'>vAi„</span> <span class='ocrx_word' id='word_1_4' title='bbox 913 224 979 252; x_wconf 71' lang='lat' dir='ltr'>MA</span> <span class='ocrx_word' id='word_1_5' title='bbox 994 215 1189 253; x_wconf 54' lang='lat' dir='ltr'>firmins</span> 
     </span>
    </p>
   </div>
   <div class='ocr_carea' id='block_1_2' title="bbox 732 341 1132 462">
    <p class='ocr_par' dir='ltr' id='par_1_2' title="bbox 732 341 1132 462">
     <span class='ocr_line' id='line_1_2' title="bbox 807 341 1056 383; baseline -0.004 0"><span class='ocrx_word' id='word_1_6' title='bbox 807 341 1056 383; x_wconf 87' lang='lat' dir='ltr'><strong>XXXVI.</strong></span> 
     </span>
     <span class='ocr_line' id='line_1_3' title="bbox 732 432 1132 462; baseline 0.005 -2"><span class='ocrx_word' id='word_1_7' title='bbox 732 432 793 461; x_wconf 85' lang='lat' dir='ltr'>1N</span> <span class='ocrx_word' id='word_1_8' title='bbox 842 433 1132 462; x_wconf 71' lang='lat' dir='ltr'>MUNNAM.</span> 
     </span>
    </p>
   </div>
   <div class='ocr_carea' id='block_1_3' title="bbox 204 496 1664 1027">
    <p class='ocr_par' dir='ltr' id='par_1_3' title="bbox 204 496 1664 1027">
     <span class='ocr_line' id='line_1_4' title="bbox 204 496 1309 554; baseline 0.005 -18"><span class='ocrx_word' id='word_1_9' title='bbox 204 496 431 537; x_wconf 69' lang='lat' dir='ltr'><strong>IMPROBA</strong></span> <span class='ocrx_word' id='word_1_10' title='bbox 455 496 672 540; x_wconf 62' lang='lat' dir='ltr'>Massiliae</span> <span class='ocrx_word' id='word_1_11' title='bbox 695 500 906 554; x_wconf 88' lang='lat' dir='ltr'>quicquid</span> <span class='ocrx_word' id='word_1_12' title='bbox 929 500 1113 542; x_wconf 80' lang='lat' dir='ltr'>fumaria</span> <span class='ocrx_word' id='word_1_13' title='bbox 1134 505 1309 554; x_wconf 83' lang='lat' dir='ltr'>cogunt,</span> 
     </span>
     <span class='ocr_line' id='line_1_5' title="bbox 268 565 1248 621; baseline 0.003 -16"><span class='ocrx_word' id='word_1_14' title='bbox 268 565 445 619; x_wconf 79' lang='lat' dir='ltr'>Accipit</span> <span class='ocrx_word' id='word_1_15' title='bbox 465 570 641 607; x_wconf 81' lang='lat' dir='ltr'>aetatem</span> <span class='ocrx_word' id='word_1_16' title='bbox 664 567 871 621; x_wconf 84' lang='lat' dir='ltr'>quisquis</span> <span class='ocrx_word' id='word_1_17' title='bbox 892 569 949 609; x_wconf 81' lang='lat' dir='ltr'>ab</span> <span class='ocrx_word' id='word_1_18' title='bbox 972 568 1071 621; x_wconf 82' lang='lat' dir='ltr'>igne</span> <span class='ocrx_word' id='word_1_19' title='bbox 1095 569 1248 618; x_wconf 79' lang='lat' dir='ltr'>cadus,</span> 
     </span>
     <span class='ocr_line' id='line_1_6' title="bbox 205 632 1300 682; baseline 0.005 -10"><span class='ocrx_word' id='word_1_20' title='bbox 205 632 247 673; x_wconf 90' lang='lat' dir='ltr'><strong>A</strong></span> <span class='ocrx_word' id='word_1_21' title='bbox 270 638 325 680; x_wconf 87' lang='lat' dir='ltr'>te,</span> <span class='ocrx_word' id='word_1_22' title='bbox 345 632 528 682; x_wconf 86' lang='lat' dir='ltr'>Munna,</span> <span class='ocrx_word' id='word_1_23' title='bbox 548 635 697 677; x_wconf 84' lang='lat' dir='ltr'>venit:</span> <span class='ocrx_word' id='word_1_24' title='bbox 726 634 899 676; x_wconf 85' lang='lat' dir='ltr'>miseris</span> <span class='ocrx_word' id='word_1_25' title='bbox 915 639 962 676; x_wconf 85' lang='lat' dir='ltr'>tu</span> <span class='ocrx_word' id='word_1_26' title='bbox 982 636 1119 677; x_wconf 87' lang='lat' dir='ltr'>mittis</span> <span class='ocrx_word' id='word_1_27' title='bbox 1143 637 1300 677; x_wconf 84' lang='lat' dir='ltr'>amicis</span> 
     </span>
     <span class='ocr_line' id='line_1_7' title="bbox 262 699 1231 756; baseline 0.004 -16"><span class='ocrx_word' id='word_1_28' title='bbox 262 699 350 741; x_wconf 87' lang='lat' dir='ltr'>Per</span> <span class='ocrx_word' id='word_1_29' title='bbox 369 701 495 752; x_wconf 85' lang='lat' dir='ltr'>freta,</span> <span class='ocrx_word' id='word_1_30' title='bbox 517 715 596 756; x_wconf 87' lang='lat' dir='ltr'>per</span> <span class='ocrx_word' id='word_1_31' title='bbox 615 703 768 756; x_wconf 83' lang='lat' dir='ltr'>longas</span> <span class='ocrx_word' id='word_1_32' title='bbox 791 703 941 745; x_wconf 86' lang='lat' dir='ltr'>toxica</span> <span class='ocrx_word' id='word_1_33' title='bbox 962 717 1086 745; x_wconf 82' lang='lat' dir='ltr'>saeva</span> <span class='ocrx_word' id='word_1_34' title='bbox 1106 704 1203 745; x_wconf 81' lang='lat' dir='ltr'>vias</span> <span class='ocrx_word' id='word_1_35' title='bbox 1222 718 1231 745; x_wconf 88' lang='lat'>:</span> 
     </span>
     <span class='ocr_line' id='line_1_8' title="bbox 205 767 1664 825; baseline 0.004 -17"><span class='ocrx_word' id='word_1_36' title='bbox 205 767 303 809; x_wconf 83' lang='lat' dir='ltr'>Nec</span> <span class='ocrx_word' id='word_1_37' title='bbox 323 768 443 810; x_wconf 83' lang='lat' dir='ltr'>facili</span> <span class='ocrx_word' id='word_1_38' title='bbox 464 771 625 824; x_wconf 84' lang='lat' dir='ltr'>pretio,</span> <span class='ocrx_word' id='word_1_39' title='bbox 647 771 727 811; x_wconf 85' lang='lat' dir='ltr'>sed</span> <span class='ocrx_word' id='word_1_40' title='bbox 748 784 837 825; x_wconf 92' lang='lat' dir='ltr'>quo</span> <span class='ocrx_word' id='word_1_41' title='bbox 860 777 1072 813; x_wconf 80' lang='lat' dir='ltr'>contenta</span> <span class='ocrx_word' id='word_1_42' title='bbox 1094 773 1271 813; x_wconf 86' lang='lat' dir='ltr'><strong>Falerni</strong></span> <span class='ocrx_word' id='word_1_43' title='bbox 1636 774 1664 813; x_wconf 78' lang='grc' dir='ltr'><strong><em>ὃ</em></strong></span> 
     </span>
     <span class='ocr_line' id='line_1_9' title="bbox 260 837 1136 887; baseline 0.003 -10"><span class='ocrx_word' id='word_1_44' title='bbox 260 837 397 879; x_wconf 80' lang='lat' dir='ltr'>Testa</span> <span class='ocrx_word' id='word_1_45' title='bbox 419 838 490 887; x_wconf 84' lang='lat' dir='ltr'>sit,</span> <span class='ocrx_word' id='word_1_46' title='bbox 505 844 584 879; x_wconf 83' lang='lat' dir='ltr'>aut</span> <span class='ocrx_word' id='word_1_47' title='bbox 605 838 730 881; x_wconf 86' lang='lat' dir='ltr'>cellis</span> <span class='ocrx_word' id='word_1_48' title='bbox 752 839 878 880; x_wconf 83' lang='lat' dir='ltr'>Setia</span> <span class='ocrx_word' id='word_1_49' title='bbox 898 852 1003 880; x_wconf 82' lang='lat' dir='ltr'>cara</span> <span class='ocrx_word' id='word_1_50' title='bbox 1026 840 1136 880; x_wconf 87' lang='lat' dir='ltr'>suis.</span> 
     </span>
     <span class='ocr_line' id='line_1_10' title="bbox 208 904 1358 961; baseline 0.005 -17"><span class='ocrx_word' id='word_1_51' title='bbox 208 904 315 945; x_wconf 90' lang='lat' dir='ltr'>Non</span> <span class='ocrx_word' id='word_1_52' title='bbox 334 906 486 946; x_wconf 83' lang='lat' dir='ltr'>venias</span> <span class='ocrx_word' id='word_1_53' title='bbox 509 919 641 959; x_wconf 76' lang='lat' dir='ltr'>quare</span> <span class='ocrx_word' id='word_1_54' title='bbox 664 910 752 948; x_wconf 80' lang='lat' dir='ltr'>tam</span> <span class='ocrx_word' id='word_1_55' title='bbox 775 907 908 960; x_wconf 76' lang='lat' dir='ltr'>longo</span> <span class='ocrx_word' id='word_1_56' title='bbox 928 913 1124 961; x_wconf 87' lang='lat' dir='ltr'>tempore</span> <span class='ocrx_word' id='word_1_57' title='bbox 1147 909 1358 958; x_wconf 84' lang='lat' dir='ltr'>Romam,</span> 
     </span>
     <span class='ocr_line' id='line_1_11' title="bbox 264 972 1337 1027; baseline 0.002 -13"><span class='ocrx_word' id='word_1_58' title='bbox 264 972 379 1014; x_wconf 86' lang='lat' dir='ltr'>Haec</span> <span class='ocrx_word' id='word_1_59' title='bbox 399 978 509 1027; x_wconf 80' lang='lat' dir='ltr'>puto</span> <span class='ocrx_word' id='word_1_60' title='bbox 531 987 671 1016; x_wconf 81' lang='lat' dir='ltr'>causa</span> <span class='ocrx_word' id='word_1_61' title='bbox 690 975 771 1016; x_wconf 84' lang='lat' dir='ltr'>tibi</span> <span class='ocrx_word' id='word_1_62' title='bbox 793 981 872 1024; x_wconf 81' lang='lat' dir='ltr'>est,</span> <span class='ocrx_word' id='word_1_63' title='bbox 892 990 948 1017; x_wconf 84' lang='lat' dir='ltr'>ne</span> <span class='ocrx_word' id='word_1_64' title='bbox 971 982 1048 1018; x_wconf 83' lang='lat' dir='ltr'>tua</span> <span class='ocrx_word' id='word_1_65' title='bbox 1068 978 1172 1018; x_wconf 84' lang='lat' dir='ltr'>vina</span> <span class='ocrx_word' id='word_1_66' title='bbox 1192 978 1337 1018; x_wconf 82' lang='lat' dir='ltr'><strong>bibas.</strong></span> 
     </span>
    </p>
   </div>
   <div class='ocr_carea' id='block_1_4' title="bbox 202 1077 1667 1209">
    <p class='ocr_par' dir='ltr' id='par_1_4' title="bbox 202 1077 1667 1209">
     <span class='ocr_line' id='line_1_12' title="bbox 249 1077 1667 1123; baseline 0.005 -16"><span class='ocrx_word' id='word_1_67' title='bbox 249 1077 279 1107; x_wconf 90' lang='grc' dir='ltr'><strong>Ο</strong></span> <span class='ocrx_word' id='word_1_68' title='bbox 297 1078 431 1118; x_wconf 78' lang='lat' dir='ltr'>Munna,</span> <span class='ocrx_word' id='word_1_69' title='bbox 443 1089 461 1109; x_wconf 82' lang='lat' dir='ltr'><strong><em>a</em></strong></span> <span class='ocrx_word' id='word_1_70' title='bbox 479 1083 508 1110; x_wconf 72' lang='lat' dir='ltr'>te</span> <span class='ocrx_word' id='word_1_71' title='bbox 525 1080 663 1111; x_wconf 77' lang='lat' dir='ltr'>mittitur·</span> <span class='ocrx_word' id='word_1_72' title='bbox 677 1082 822 1122; x_wconf 79' lang='lat' dir='ltr'>quicquid</span> <span class='ocrx_word' id='word_1_73' title='bbox 837 1086 1015 1113; x_wconf 68' lang='lat' dir='ltr'>coacervant</span> <span class='ocrx_word' id='word_1_74' title='bbox 1031 1082 1172 1123; x_wconf 79' lang='lat' dir='ltr'>improba</span> <span class='ocrx_word' id='word_1_75' title='bbox 1185 1082 1331 1121; x_wconf 76' lang='lat' dir='ltr'>fumaria</span> <span class='ocrx_word' id='word_1_76' title='bbox 1347 1082 1517 1121; x_wconf 76' lang='lat' dir='ltr'>Massiziae,</span> <span class='ocrx_word' id='word_1_77' title='bbox 1538 1086 1568 1113; x_wconf 74' lang='lat' dir='ltr'>et</span> <span class='ocrx_word' id='word_1_78' title='bbox 1585 1083 1667 1123; x_wconf 77' lang='lat' dir='ltr'>quis-</span> 
     </span>
     <span class='ocr_line' id='line_1_13' title="bbox 203 1122 1667 1166; baseline 0.004 -16"><span class='ocrx_word' id='word_1_79' title='bbox 203 1122 271 1161; x_wconf 80' lang='lat' dir='ltr'>quis</span> <span class='ocrx_word' id='word_1_80' title='bbox 287 1123 381 1152; x_wconf 67' lang='lat' dir='ltr'>cadas</span> <span class='ocrx_word' id='word_1_81' title='bbox 402 1123 581 1153; x_wconf 70' lang='lat' dir='ltr'><em>maturescit</em></span> <span class='ocrx_word' id='word_1_82' title='bbox 600 1125 762 1164; x_wconf 78' lang='lat' dir='ltr'>impositus</span> <span class='ocrx_word' id='word_1_83' title='bbox 776 1126 866 1165; x_wconf 71' lang='lat' dir='ltr'>igni:</span> <span class='ocrx_word' id='word_1_84' title='bbox 889 1129 924 1156; x_wconf 77' lang='lat' dir='ltr'>tu</span> <span class='ocrx_word' id='word_1_85' title='bbox 939 1127 1041 1157; x_wconf 78' lang='lat' dir='ltr'>mittis</span> <span class='ocrx_word' id='word_1_86' title='bbox 1062 1126 1238 1164; x_wconf 73' lang='lat' dir='ltr'><em>infelicibus</em></span> <span class='ocrx_word' id='word_1_87' title='bbox 1253 1125 1362 1156; x_wconf 76' lang='lat' dir='ltr'>amicis</span> <span class='ocrx_word' id='word_1_88' title='bbox 1375 1136 1456 1156; x_wconf 83' lang='lat' dir='ltr'><em>saeva</em></span> <span class='ocrx_word' id='word_1_89' title='bbox 1477 1135 1591 1156; x_wconf 79' lang='lat' dir='ltr'>venena</span> <span class='ocrx_word' id='word_1_90' title='bbox 1609 1136 1667 1166; x_wconf 78' lang='lat' dir='ltr'>per</span> 
     </span>
     <span class='ocr_line' id='line_1_14' title="bbox 202 1164 1667 1209; baseline 0.004 -16"><span class='ocrx_word' id='word_1_91' title='bbox 202 1164 317 1201; x_wconf 81' lang='lat' dir='ltr'>maria,</span> <span class='ocrx_word' id='word_1_92' title='bbox 341 1170 376 1195; x_wconf 92' lang='lat' dir='ltr'>ct</span> <span class='ocrx_word' id='word_1_93' title='bbox 403 1165 494 1204; x_wconf 75' lang='lat' dir='ltr'>long-a</span> <span class='ocrx_word' id='word_1_94' title='bbox 511 1166 637 1196; x_wconf 70' lang='lat' dir='ltr'>itinera.</span> <span class='ocrx_word' id='word_1_95' title='bbox 684 1168 752 1198; x_wconf 82' lang='lat' dir='ltr'>Nec</span> <span class='ocrx_word' id='word_1_96' title='bbox 777 1178 873 1207; x_wconf 71' lang='lat' dir='ltr'>pari-0</span> <span class='ocrx_word' id='word_1_97' title='bbox 897 1170 1009 1208; x_wconf 79' lang='lat' dir='ltr'>pretio,</span> <span class='ocrx_word' id='word_1_98' title='bbox 1033 1171 1086 1201; x_wconf 74' lang='lat' dir='ltr'>sed</span> <span class='ocrx_word' id='word_1_99' title='bbox 1110 1180 1168 1209; x_wconf 79' lang='lat' dir='ltr'>quo</span> <span class='ocrx_word' id='word_1_100' title='bbox 1195 1172 1313 1199; x_wconf 81' lang='lat' dir='ltr'>ematur</span> <span class='ocrx_word' id='word_1_101' title='bbox 1337 1172 1418 1199; x_wconf 81' lang='lat' dir='ltr'><em>testa</em></span> <span class='ocrx_word' id='word_1_102' title='bbox 1442 1169 1584 1208; x_wconf 80' lang='lat' dir='ltr'><em>Falerni,</em></span> <span class='ocrx_word' id='word_1_103' title='bbox 1612 1172 1667 1200; x_wconf 76' lang='lat' dir='ltr'>aut</span> 
     </span>
    </p>
   </div>
   <div class='ocr_carea' id='block_1_5' title="bbox 203 1206 1666 1292">
    <p class='ocr_par' dir='ltr' id='par_1_5' title="bbox 203 1206 1666 1292">
     <span class='ocr_line' id='line_1_15' title="bbox 204 1206 1666 1252; baseline 0.003 -16"><span class='ocrx_word' id='word_1_104' title='bbox 204 1206 293 1237; x_wconf 80' lang='lat' dir='ltr'>Setia</span> <span class='ocrx_word' id='word_1_105' title='bbox 308 1218 380 1237; x_wconf 81' lang='lat' dir='ltr'>cara</span> <span class='ocrx_word' id='word_1_106' title='bbox 395 1209 458 1239; x_wconf 79' lang='lat' dir='ltr'>suis</span> <span class='ocrx_word' id='word_1_107' title='bbox 474 1210 567 1239; x_wconf 76' lang='lat' dir='ltr'>cellis.</span> <span class='ocrx_word' id='word_1_108' title='bbox 613 1210 719 1248; x_wconf 80' lang='lat' dir='ltr'>Hanc,</span> <span class='ocrx_word' id='word_1_109' title='bbox 744 1213 863 1250; x_wconf 75' lang='lat' dir='ltr'>opinor,</span> <span class='ocrx_word' id='word_1_110' title='bbox 886 1212 977 1243; x_wconf 79' lang='lat' dir='ltr'><em>habes</em></span> <span class='ocrx_word' id='word_1_111' title='bbox 998 1223 1135 1251; x_wconf 78' lang='lat' dir='ltr'>causum,</span> <span class='ocrx_word' id='word_1_112' title='bbox 1159 1222 1215 1243; x_wconf 85' lang='lat' dir='ltr'>cur</span> <span class='ocrx_word' id='word_1_113' title='bbox 1240 1215 1304 1243; x_wconf 84' lang='lat' dir='ltr'>tam</span> <span class='ocrx_word' id='word_1_114' title='bbox 1326 1211 1416 1251; x_wconf 84' lang='lat' dir='ltr'>longo</span> <span class='ocrx_word' id='word_1_115' title='bbox 1443 1214 1580 1252; x_wconf 80' lang='lat' dir='ltr'>tempore</span> <span class='ocrx_word' id='word_1_116' title='bbox 1607 1221 1666 1241; x_wconf 80' lang='lat' dir='ltr'>non</span> 
     </span>
     <span class='ocr_line' id='line_1_16' title="bbox 203 1250 796 1292; baseline 0.008 -13"><span class='ocrx_word' id='word_1_117' title='bbox 203 1250 307 1280; x_wconf 80' lang='lat' dir='ltr'>venias</span> <span class='ocrx_word' id='word_1_118' title='bbox 324 1251 469 1290; x_wconf 81' lang='lat' dir='ltr'><em>Romam,</em></span> <span class='ocrx_word' id='word_1_119' title='bbox 492 1261 528 1282; x_wconf 77' lang='lat' dir='ltr'>ne</span> <span class='ocrx_word' id='word_1_120' title='bbox 542 1255 628 1292; x_wconf 76' lang='lat' dir='ltr'>potes</span> <span class='ocrx_word' id='word_1_121' title='bbox 641 1257 695 1283; x_wconf 79' lang='lat' dir='ltr'>tua</span> <span class='ocrx_word' id='word_1_122' title='bbox 710 1254 796 1285; x_wconf 80' lang='lat' dir='ltr'>vina.</span> 
     </span>
    </p>
   </div>
   <div class='ocr_carea' id='block_1_6' title="bbox 818 1307 1053 1318">
    <p class='ocr_par' dir='ltr' id='par_1_6' title="bbox 818 1307 1053 1318">
     <span class='ocr_line' id='line_1_17' title="bbox 818 1307 1053 1318; baseline 0.004 -1"><span class='ocrx_word' id='word_1_123' title='bbox 818 1307 1053 1318; x_wconf 62' lang='lat' dir='ltr'>aeaeaeaeaeaeaeaeaeaeaeae</span> 
     </span>
    </p>
   </div>
   <div class='ocr_carea' id='block_1_7' title="bbox 204 1346 1670 1606">
    <p class='ocr_par' dir='ltr' id='par_1_7' title="bbox 204 1346 1670 1606">
     <span class='ocr_line' id='line_1_18' title="bbox 249 1346 1670 1391; baseline 0.004 -15"><span class='ocrx_word' id='word_1_124' title='bbox 249 1346 287 1376; x_wconf 86' lang='lat' dir='ltr'>In</span> <span class='ocrx_word' id='word_1_125' title='bbox 306 1346 456 1377; x_wconf 80' lang='lat' dir='ltr'>sznam</span> <span class='ocrx_word' id='word_1_126' title='bbox 469 1347 545 1379; x_wconf 82' lang='lat' dir='ltr'><strong>cod.</strong></span> <span class='ocrx_word' id='word_1_127' title='bbox 559 1348 671 1380; x_wconf 87' lang='lat' dir='ltr'><strong>Pulm.</strong></span> <span class='ocrx_word' id='word_1_128' title='bbox 688 1354 723 1380; x_wconf 87' lang='lat' dir='ltr'>et</span> <span class='ocrx_word' id='word_1_129' title='bbox 742 1350 857 1381; x_wconf 75' lang='lat' dir='ltr'><strong><em>Numza</em></strong></span> <span class='ocrx_word' id='word_1_130' title='bbox 872 1361 921 1382; x_wconf 89' lang='lat' dir='ltr'>vs.</span> <span class='ocrx_word' id='word_1_131' title='bbox 938 1354 969 1381; x_wconf 82' lang='grc'>3.</span> <span class='ocrx_word' id='word_1_132' title='bbox 988 1356 1023 1381; x_wconf 89' lang='lat' dir='ltr'>nt</span> <span class='ocrx_word' id='word_1_133' title='bbox 1039 1351 1094 1382; x_wconf 89' lang='lat' dir='ltr'>ed.</span> <span class='ocrx_word' id='word_1_134' title='bbox 1111 1351 1209 1384; x_wconf 84' lang='lat' dir='ltr'>Junt.</span> <span class='ocrx_word' id='word_1_135' title='bbox 1235 1361 1311 1391; x_wconf 84' lang='lat' dir='ltr'>qnae</span> <span class='ocrx_word' id='word_1_136' title='bbox 1335 1357 1447 1382; x_wconf 84' lang='lat' dir='ltr'>tamen</span> <span class='ocrx_word' id='word_1_137' title='bbox 1471 1350 1611 1382; x_wconf 83' lang='lat' dir='ltr'>exhibet</span> <span class='ocrx_word' id='word_1_138' title='bbox 1630 1351 1670 1381; x_wconf 84' lang='lat' dir='ltr'>In</span> 
     </span>
     <span class='ocr_line' id='line_1_19' title="bbox 205 1389 1668 1434; baseline 0.004 -16"><span class='ocrx_word' id='word_1_139' title='bbox 205 1389 356 1419; x_wconf 75' lang='lat' dir='ltr'>Mannum</span> <span class='ocrx_word' id='word_1_140' title='bbox 374 1390 407 1420; x_wconf 91' lang='lat' dir='ltr'>in</span> <span class='ocrx_word' id='word_1_141' title='bbox 422 1391 597 1422; x_wconf 83' lang='lat' dir='ltr'>titulo.—-l</span> <span class='ocrx_word' id='word_1_142' title='bbox 626 1392 736 1423; x_wconf 67' lang='lat' dir='ltr'>Colunt</span> <span class='ocrx_word' id='word_1_143' title='bbox 751 1393 818 1423; x_wconf 84' lang='lat' dir='ltr'>Ms.</span> <span class='ocrx_word' id='word_1_144' title='bbox 835 1394 970 1424; x_wconf 74' lang='lat' dir='ltr'>Beverl.</span> <span class='ocrx_word' id='word_1_145' title='bbox 988 1394 1043 1434; x_wconf 82' lang='lat' dir='ltr'>qni</span> <span class='ocrx_word' id='word_1_146' title='bbox 1065 1394 1113 1425; x_wconf 70' lang='lat' dir='ltr'>sic</span> <span class='ocrx_word' id='word_1_147' title='bbox 1128 1404 1202 1424; x_wconf 81' lang='lat' dir='ltr'>esse</span> <span class='ocrx_word' id='word_1_148' title='bbox 1220 1393 1354 1434; x_wconf 85' lang='lat' dir='ltr'>legend.</span> <span class='ocrx_word' id='word_1_149' title='bbox 1378 1399 1505 1425; x_wconf 83' lang='lat' dir='ltr'>monet.</span> <span class='ocrx_word' id='word_1_150' title='bbox 1542 1394 1668 1433; x_wconf 82' lang='lat' dir='ltr'><em>Cogunt</em></span> 
     </span>
     <span class='ocr_line' id='line_1_20' title="bbox 204 1431 1667 1475; baseline 0.004 -14"><span class='ocrx_word' id='word_1_151' title='bbox 204 1431 378 1472; x_wconf 85' lang='lat' dir='ltr'>improbat</span> <span class='ocrx_word' id='word_1_152' title='bbox 405 1433 446 1463; x_wconf 83' lang='lat' dir='ltr'>de</span> <span class='ocrx_word' id='word_1_153' title='bbox 472 1434 582 1474; x_wconf 75' lang='lat' dir='ltr'>Rooy,</span> <span class='ocrx_word' id='word_1_154' title='bbox 604 1439 640 1465; x_wconf 84' lang='lat' dir='ltr'>et</span> <span class='ocrx_word' id='word_1_155' title='bbox 665 1435 817 1475; x_wconf 84' lang='lat' dir='ltr'>impense</span> <span class='ocrx_word' id='word_1_156' title='bbox 846 1436 915 1466; x_wconf 78' lang='lat' dir='ltr'>vult</span> <span class='ocrx_word' id='word_1_157' title='bbox 945 1438 1155 1468; x_wconf 80' lang='lat' dir='ltr'>condunt.—6</span> <span class='ocrx_word' id='word_1_158' title='bbox 1183 1437 1277 1468; x_wconf 81' lang='lat' dir='ltr'>Tecta</span> <span class='ocrx_word' id='word_1_159' title='bbox 1301 1437 1408 1467; x_wconf 72' lang='lat' dir='ltr'>carina</span> <span class='ocrx_word' id='word_1_160' title='bbox 1433 1437 1501 1467; x_wconf 84' lang='lat' dir='ltr'>Ms.</span> <span class='ocrx_word' id='word_1_161' title='bbox 1531 1437 1667 1468; x_wconf 82' lang='lat' dir='ltr'>Beverl.</span> 
     </span>
     <span class='ocr_line' id='line_1_21' title="bbox 208 1474 1667 1520; baseline 0.005 -16"><span class='ocrx_word' id='word_1_162' title='bbox 208 1474 326 1505; x_wconf 76' lang='lat' dir='ltr'>Toxica</span> <span class='ocrx_word' id='word_1_163' title='bbox 342 1476 414 1506; x_wconf 81' lang='lat' dir='ltr'>vina</span> <span class='ocrx_word' id='word_1_164' title='bbox 431 1477 493 1507; x_wconf 78' lang='lat' dir='ltr'>Ms.</span> <span class='ocrx_word' id='word_1_165' title='bbox 517 1478 689 1508; x_wconf 75' lang='lat' dir='ltr'>Pnimann.</span> <span class='ocrx_word' id='word_1_166' title='bbox 733 1478 810 1508; x_wconf 65' lang='lat' dir='ltr'><strong><em>Tooe.</em></strong></span> <span class='ocrx_word' id='word_1_167' title='bbox 831 1482 931 1517; x_wconf 67' lang='lat' dir='ltr'>tea-ta,</span> <span class='ocrx_word' id='word_1_168' title='bbox 959 1480 991 1509; x_wconf 90' lang='lat' dir='ltr'>ni</span> <span class='ocrx_word' id='word_1_169' title='bbox 1008 1488 1068 1509; x_wconf 73' lang='lat' dir='ltr'>nos</span> <span class='ocrx_word' id='word_1_170' title='bbox 1086 1480 1175 1510; x_wconf 83' lang='lat' dir='ltr'>male</span> <span class='ocrx_word' id='word_1_171' title='bbox 1192 1479 1294 1510; x_wconf 86' lang='lat' dir='ltr'>ducat</span> <span class='ocrx_word' id='word_1_172' title='bbox 1311 1480 1493 1519; x_wconf 82' lang='lat' dir='ltr'>scriptura,</span> <span class='ocrx_word' id='word_1_173' title='bbox 1510 1479 1543 1510; x_wconf 91' lang='lat' dir='ltr'>in</span> <span class='ocrx_word' id='word_1_174' title='bbox 1559 1489 1667 1520; x_wconf 82' lang='lat' dir='ltr'>marg.</span> 
     </span>
     <span class='ocr_line' id='line_1_22' title="bbox 205 1518 1670 1562; baseline 0.005 -15"><span class='ocrx_word' id='word_1_175' title='bbox 205 1522 332 1548; x_wconf 65' lang='lat' dir='ltr'>nostrae</span> <span class='ocrx_word' id='word_1_176' title='bbox 348 1518 509 1550; x_wconf 84' lang='lat' dir='ltr'>Junt.—S</span> <span class='ocrx_word' id='word_1_177' title='bbox 528 1520 607 1550; x_wconf 76' lang='lat' dir='ltr'>Hoec</span> <span class='ocrx_word' id='word_1_178' title='bbox 622 1525 667 1550; x_wconf 82' lang='lat' dir='ltr'>est</span> <span class='ocrx_word' id='word_1_179' title='bbox 682 1530 786 1559; x_wconf 81' lang='lat' dir='ltr'>causa,</span> <span class='ocrx_word' id='word_1_180' title='bbox 800 1525 875 1560; x_wconf 81' lang='lat' dir='ltr'><em>puto</em></span> <span class='ocrx_word' id='word_1_181' title='bbox 887 1522 953 1552; x_wconf 87' lang='lat' dir='ltr'>Ms.</span> <span class='ocrx_word' id='word_1_182' title='bbox 970 1523 1109 1554; x_wconf 83' lang='lat' dir='ltr'>Beverl.</span> <span class='ocrx_word' id='word_1_183' title='bbox 1134 1523 1174 1553; x_wconf 92' lang='lat' dir='ltr'>In</span> <span class='ocrx_word' id='word_1_184' title='bbox 1190 1532 1298 1562; x_wconf 78' lang='lat' dir='ltr'>marg.</span> <span class='ocrx_word' id='word_1_185' title='bbox 1316 1529 1442 1554; x_wconf 85' lang='lat' dir='ltr'>nostrae</span> <span class='ocrx_word' id='word_1_186' title='bbox 1462 1523 1560 1556; x_wconf 80' lang='lat' dir='ltr'>Junt.</span> <span class='ocrx_word' id='word_1_187' title='bbox 1577 1523 1670 1554; x_wconf 85' lang='lat' dir='ltr'>linea</span> 
     </span>
     <span class='ocr_line' id='line_1_23' title="bbox 205 1559 1309 1606; baseline 0.006 -17"><span class='ocrx_word' id='word_1_188' title='bbox 205 1559 341 1592; x_wconf 85' lang='lat' dir='ltr'>ducitur</span> <span class='ocrx_word' id='word_1_189' title='bbox 354 1561 415 1592; x_wconf 86' lang='lat' dir='ltr'>sub</span> <span class='ocrx_word' id='word_1_190' title='bbox 431 1572 469 1592; x_wconf 83' lang='lat' dir='ltr'>ne</span> <span class='ocrx_word' id='word_1_191' title='bbox 481 1566 546 1600; x_wconf 76' lang='lat' dir='ltr'>tua,</span> <span class='ocrx_word' id='word_1_192' title='bbox 559 1563 696 1602; x_wconf 75' lang='lat' dir='ltr'>etfetz&#39;d,</span> <span class='ocrx_word' id='word_1_193' title='bbox 709 1564 730 1594; x_wconf 86' lang='lat' dir='ltr'>i.</span> <span class='ocrx_word' id='word_1_194' title='bbox 747 1573 778 1596; x_wconf 87' lang='lat' dir='ltr'>e.</span> <span class='ocrx_word' id='word_1_195' title='bbox 790 1563 949 1605; x_wconf 79' lang='lat' dir='ltr'>f.foetida‚</span> <span class='ocrx_word' id='word_1_196' title='bbox 963 1565 997 1595; x_wconf 86' lang='lat' dir='ltr'>in</span> <span class='ocrx_word' id='word_1_197' title='bbox 1014 1576 1120 1606; x_wconf 83' lang='lat' dir='ltr'>marg.</span> <span class='ocrx_word' id='word_1_198' title='bbox 1135 1565 1309 1597; x_wconf 80' lang='lat' dir='ltr'>scribitur.</span> 
     </span>
    </p>
   </div>
   <div class='ocr_carea' id='block_1_8' title="bbox 204 1641 1669 2095">
    <p class='ocr_par' dir='ltr' id='par_1_8' title="bbox 864 1641 1004 1673">
     <span class='ocr_line' id='line_1_24' title="bbox 864 1641 1004 1673; baseline 0 -1"><span class='ocrx_word' id='word_1_199' title='bbox 864 1641 1004 1673; x_wconf 81' lang='lat' dir='ltr'><strong>NOTAE</strong></span> 
     </span>
    </p>

    <p class='ocr_par' dir='ltr' id='par_1_9' title="bbox 204 1702 1669 1952">
     <span class='ocr_line' id='line_1_25' title="bbox 250 1702 1365 1749; baseline 0.007 -16"><span class='ocrx_word' id='word_1_200' title='bbox 250 1705 265 1733; x_wconf 94' lang='lat' dir='ltr'>l</span> <span class='ocrx_word' id='word_1_201' title='bbox 293 1702 438 1743; x_wconf 81' lang='lat' dir='ltr'><em>Improba</em></span> <span class='ocrx_word' id='word_1_202' title='bbox 456 1704 626 1745; x_wconf 75' lang='lat' dir='ltr'>Massiliae]</span> <span class='ocrx_word' id='word_1_203' title='bbox 652 1706 812 1737; x_wconf 82' lang='lat' dir='ltr'>Fninaria</span> <span class='ocrx_word' id='word_1_204' title='bbox 836 1707 912 1738; x_wconf 85' lang='lat' dir='ltr'>loca</span> <span class='ocrx_word' id='word_1_205' title='bbox 967 1708 1070 1740; x_wconf 87' lang='lat' dir='ltr'>sima:</span> <span class='ocrx_word' id='word_1_206' title='bbox 1089 1708 1145 1740; x_wconf 83' lang='lat' dir='ltr'>lib.</span> <span class='ocrx_word' id='word_1_207' title='bbox 1159 1718 1182 1740; x_wconf 90' lang='lat'>1.</span> <span class='ocrx_word' id='word_1_208' title='bbox 1197 1709 1297 1749; x_wconf 82' lang='lat' dir='ltr'>Epig.</span> <span class='ocrx_word' id='word_1_209' title='bbox 1313 1712 1365 1741; x_wconf 88' lang='grc'>19.</span> 
     </span>
     <span class='ocr_line' id='line_1_26' title="bbox 205 1755 1669 1799; baseline 0.003 -15"><span class='ocrx_word' id='word_1_210' title='bbox 205 1758 304 1785; x_wconf 83' lang='lat' dir='ltr'>erant</span> <span class='ocrx_word' id='word_1_211' title='bbox 341 1755 396 1785; x_wconf 88' lang='lat' dir='ltr'>ubi</span> <span class='ocrx_word' id='word_1_212' title='bbox 428 1755 520 1787; x_wconf 86' lang='lat' dir='ltr'>fumo</span> <span class='ocrx_word' id='word_1_213' title='bbox 548 1757 626 1787; x_wconf 85' lang='lat' dir='ltr'>vina</span> <span class='ocrx_word' id='word_1_214' title='bbox 660 1758 909 1798; x_wconf 77' lang='lat' dir='ltr'>coquebantur.</span> <span class='ocrx_word' id='word_1_215' title='bbox 1008 1763 1028 1790; x_wconf 79' lang='lat'>6</span> <span class='ocrx_word' id='word_1_216' title='bbox 1051 1759 1142 1790; x_wconf 80' lang='lat' dir='ltr'>Setia</span> <span class='ocrx_word' id='word_1_217' title='bbox 1157 1759 1246 1799; x_wconf 82' lang='lat' dir='ltr'>cara]</span> <span class='ocrx_word' id='word_1_218' title='bbox 1273 1760 1348 1791; x_wconf 85' lang='lat' dir='ltr'>Hoc</span> <span class='ocrx_word' id='word_1_219' title='bbox 1365 1764 1431 1798; x_wconf 85' lang='lat' dir='ltr'>est,</span> <span class='ocrx_word' id='word_1_220' title='bbox 1456 1759 1533 1789; x_wconf 84' lang='lat' dir='ltr'>vina</span> <span class='ocrx_word' id='word_1_221' title='bbox 1550 1758 1669 1789; x_wconf 85' lang='lat' dir='ltr'>Setina</span> 
     </span>
     <span class='ocr_line' id='line_1_27' title="bbox 204 1805 1635 1851; baseline 0.002 -16"><span class='ocrx_word' id='word_1_222' title='bbox 204 1806 212 1821; x_wconf 89' lang='lat'>‘</span> <span class='ocrx_word' id='word_1_223' title='bbox 224 1805 402 1846; x_wconf 87' lang='lat' dir='ltr'>Improba’</span> <span class='ocrx_word' id='word_1_224' title='bbox 418 1806 516 1845; x_wconf 78' lang='lat' dir='ltr'>dixit,</span> <span class='ocrx_word' id='word_1_225' title='bbox 539 1808 618 1848; x_wconf 81' lang='lat' dir='ltr'>qnia</span> <span class='ocrx_word' id='word_1_226' title='bbox 642 1808 910 1849; x_wconf 78' lang='lat' dir='ltr'>corrumpebant</span> <span class='ocrx_word' id='word_1_227' title='bbox 965 1820 1141 1851; x_wconf 77' lang='lat' dir='ltr'>generosa,</span> <span class='ocrx_word' id='word_1_228' title='bbox 1157 1810 1199 1841; x_wconf 87' lang='lat' dir='ltr'>de</span> <span class='ocrx_word' id='word_1_229' title='bbox 1213 1809 1333 1851; x_wconf 85' lang='lat' dir='ltr'>quibus</span> <span class='ocrx_word' id='word_1_230' title='bbox 1351 1810 1475 1850; x_wconf 85' lang='lat' dir='ltr'>saepius</span> <span class='ocrx_word' id='word_1_231' title='bbox 1492 1809 1635 1839; x_wconf 84' lang='lat' dir='ltr'>dictum.</span> 
     </span>
     <span class='ocr_line' id='line_1_28' title="bbox 206 1855 1669 1901; baseline 0.003 -17"><span class='ocrx_word' id='word_1_232' title='bbox 206 1855 329 1885; x_wconf 85' lang='lat' dir='ltr'>vinnm.</span> <span class='ocrx_word' id='word_1_233' title='bbox 376 1856 462 1887; x_wconf 78' lang='lat' dir='ltr'>Vide</span> <span class='ocrx_word' id='word_1_234' title='bbox 480 1857 538 1887; x_wconf 87' lang='lat' dir='ltr'>lib.</span> <span class='ocrx_word' id='word_1_235' title='bbox 557 1867 610 1887; x_wconf 82' lang='lat'><em>11¹.</em></span> <span class='ocrx_word' id='word_1_236' title='bbox 629 1859 728 1899; x_wconf 81' lang='lat' dir='ltr'>Epig.</span> <span class='ocrx_word' id='word_1_237' title='bbox 742 1862 795 1889; x_wconf 84' lang='lat' dir='ltr'>Sl.</span> <span class='ocrx_word' id='word_1_238' title='bbox 820 1861 828 1875; x_wconf 92' lang='lat'>‘</span> <span class='ocrx_word' id='word_1_239' title='bbox 846 1859 907 1890; x_wconf 82' lang='lat' dir='ltr'>Vel</span> <span class='ocrx_word' id='word_1_240' title='bbox 1009 1864 1028 1891; x_wconf 85' lang='lat' dir='ltr'>S</span> <span class='ocrx_word' id='word_1_241' title='bbox 1055 1863 1102 1892; x_wconf 78' lang='lat' dir='ltr'>Ne</span> <span class='ocrx_word' id='word_1_242' title='bbox 1118 1865 1172 1892; x_wconf 81' lang='lat' dir='ltr'>tua</span> <span class='ocrx_word' id='word_1_243' title='bbox 1188 1861 1274 1901; x_wconf 83' lang='lat' dir='ltr'>vina]</span> <span class='ocrx_word' id='word_1_244' title='bbox 1313 1861 1389 1892; x_wconf 89' lang='lat' dir='ltr'>Hoc</span> <span class='ocrx_word' id='word_1_245' title='bbox 1415 1865 1487 1891; x_wconf 84' lang='lat' dir='ltr'>est:</span> <span class='ocrx_word' id='word_1_246' title='bbox 1515 1861 1570 1891; x_wconf 84' lang='lat' dir='ltr'>Ne</span> <span class='ocrx_word' id='word_1_247' title='bbox 1590 1860 1669 1890; x_wconf 90' lang='lat' dir='ltr'>vina</span> 
     </span>
     <span class='ocr_line' id='line_1_29' title="bbox 205 1905 1669 1952; baseline 0.002 -16"><span class='ocrx_word' id='word_1_248' title='bbox 205 1910 301 1936; x_wconf 85' lang='lat' dir='ltr'>cocta</span> <span class='ocrx_word' id='word_1_249' title='bbox 319 1905 418 1937; x_wconf 85' lang='lat' dir='ltr'>fumis</span> <span class='ocrx_word' id='word_1_250' title='bbox 434 1913 544 1938; x_wconf 83' lang='lat' dir='ltr'><strong>musta</strong></span> <span class='ocrx_word' id='word_1_251' title='bbox 559 1909 788 1941; x_wconf 60' lang='lat' dir='ltr'>Massiliam:</span> <span class='ocrx_word' id='word_1_252' title='bbox 969 1917 1038 1942; x_wconf 69' lang='lat' dir='ltr'>tarn</span> <span class='ocrx_word' id='word_1_253' title='bbox 1070 1922 1192 1952; x_wconf 75' lang='lat' dir='ltr'>aspera</span> <span class='ocrx_word' id='word_1_254' title='bbox 1217 1912 1259 1942; x_wconf 89' lang='lat' dir='ltr'>ad</span> <span class='ocrx_word' id='word_1_255' title='bbox 1288 1921 1346 1942; x_wconf 89' lang='lat' dir='ltr'>nos</span> <span class='ocrx_word' id='word_1_256' title='bbox 1368 1911 1470 1942; x_wconf 83' lang='lat' dir='ltr'>missa</span> <span class='ocrx_word' id='word_1_257' title='bbox 1493 1910 1669 1942; x_wconf 82' lang='lat' dir='ltr'>nobiscum</span> 
     </span>
    </p>

    <p class='ocr_par' dir='ltr' id='par_1_10' title="bbox 248 1957 1447 2003">
     <span class='ocr_line' id='line_1_30' title="bbox 248 1957 1447 2003; baseline 0.006 -17"><span class='ocrx_word' id='word_1_258' title='bbox 248 1958 267 1986; x_wconf 71' lang='lat'>4</span> <span class='ocrx_word' id='word_1_259' title='bbox 295 1957 409 1988; x_wconf 71' lang='lat' dir='ltr'>Toxica</span> <span class='ocrx_word' id='word_1_260' title='bbox 423 1958 521 1998; x_wconf 62' lang='grc' dir='ltr'>θωνα]</span> <span class='ocrx_word' id='word_1_261' title='bbox 544 1959 622 1989; x_wconf 87' lang='lat' dir='ltr'>Hoc</span> <span class='ocrx_word' id='word_1_262' title='bbox 646 1964 708 1999; x_wconf 80' lang='lat' dir='ltr'>est,</span> <span class='ocrx_word' id='word_1_263' title='bbox 730 1960 806 1991; x_wconf 84' lang='lat' dir='ltr'>vina</span> <span class='ocrx_word' id='word_1_264' title='bbox 831 1970 905 2001; x_wconf 82' lang='lat' dir='ltr'>pes·</span> <span class='ocrx_word' id='word_1_265' title='bbox 970 1962 1086 1993; x_wconf 81' lang='lat' dir='ltr'>bibere</span> <span class='ocrx_word' id='word_1_266' title='bbox 1101 1967 1137 1993; x_wconf 92' lang='lat' dir='ltr'>tu</span> <span class='ocrx_word' id='word_1_267' title='bbox 1156 1972 1288 2003; x_wconf 83' lang='lat' dir='ltr'>qnoque</span> <span class='ocrx_word' id='word_1_268' title='bbox 1305 1961 1447 2003; x_wconf 77' lang='lat' dir='ltr'>cogaris.</span> 
     </span>
    </p>

    <p class='ocr_par' dir='ltr' id='par_1_11' title="bbox 798 2053 1075 2095">
     <span class='ocr_line' id='line_1_31' title="bbox 798 2053 1075 2095; baseline 0 -1"><span class='ocrx_word' id='word_1_269' title='bbox 798 2053 1075 2095; x_wconf 82' lang='lat' dir='ltr'>XXXVII.</span> 
     </span>
    </p>
   </div>
   <div class='ocr_carea' id='block_1_9' title="bbox 207 2144 1343 2469">
    <p class='ocr_par' dir='ltr' id='par_1_12' title="bbox 207 2144 1343 2469">
     <span class='ocr_line' id='line_1_32' title="bbox 738 2144 1147 2173; baseline 0 -1"><span class='ocrx_word' id='word_1_270' title='bbox 738 2144 805 2173; x_wconf 81' lang='lat' dir='ltr'>AD</span> <span class='ocrx_word' id='word_1_271' title='bbox 843 2144 1147 2173; x_wconf 71' lang='lat' dir='ltr'><strong>MATERNUM.</strong></span> 
     </span>
     <span class='ocr_line' id='line_1_33' title="bbox 207 2211 1343 2265; baseline 0 -14"><span class='ocrx_word' id='word_1_272' title='bbox 207 2212 375 2261; x_wconf 64' lang='lat' dir='ltr'><strong>JUfflS,</strong></span> <span class='ocrx_word' id='word_1_273' title='bbox 399 2215 444 2252; x_wconf 82' lang='lat' dir='ltr'>et</span> <span class='ocrx_word' id='word_1_274' title='bbox 465 2223 696 2265; x_wconf 83' lang='lat' dir='ltr'>aequarum</span> <span class='ocrx_word' id='word_1_275' title='bbox 717 2211 860 2252; x_wconf 79' lang='lat' dir='ltr'>cultor</span> <span class='ocrx_word' id='word_1_276' title='bbox 882 2212 1163 2253; x_wconf 75' lang='lat' dir='ltr'>sanctissime</span> <span class='ocrx_word' id='word_1_277' title='bbox 1185 2213 1343 2264; x_wconf 78' lang='lat' dir='ltr'>legum,</span> 
     </span>
     <span class='ocr_line' id='line_1_34' title="bbox 266 2278 1196 2334; baseline 0.001 -15"><span class='ocrx_word' id='word_1_278' title='bbox 266 2278 476 2320; x_wconf 80' lang='lat' dir='ltr'>Veridico</span> <span class='ocrx_word' id='word_1_279' title='bbox 498 2281 677 2321; x_wconf 80' lang='lat' dir='ltr'>Latium</span> <span class='ocrx_word' id='word_1_280' title='bbox 702 2281 778 2334; x_wconf 82' lang='lat' dir='ltr'>qui</span> <span class='ocrx_word' id='word_1_281' title='bbox 802 2280 916 2333; x_wconf 78' lang='lat' dir='ltr'>regis</span> <span class='ocrx_word' id='word_1_282' title='bbox 939 2293 1014 2320; x_wconf 82' lang='lat' dir='ltr'>ore</span> <span class='ocrx_word' id='word_1_283' title='bbox 1037 2280 1196 2329; x_wconf 78' lang='lat' dir='ltr'>forum,</span> 
     </span>
     <span class='ocr_line' id='line_1_35' title="bbox 209 2347 1222 2400; baseline 0.001 -13"><span class='ocrx_word' id='word_1_284' title='bbox 209 2347 450 2400; x_wconf 85' lang='lat' dir='ltr'>Municipi,</span> <span class='ocrx_word' id='word_1_285' title='bbox 474 2348 690 2396; x_wconf 80' lang='lat' dir='ltr'>Materne,</span> <span class='ocrx_word' id='word_1_286' title='bbox 708 2354 800 2397; x_wconf 82' lang='lat' dir='ltr'><strong>tuo,</strong></span> <span class='ocrx_word' id='word_1_287' title='bbox 822 2347 1053 2400; x_wconf 78' lang='lat' dir='ltr'>veterique</span> <span class='ocrx_word' id='word_1_288' title='bbox 1078 2347 1222 2388; x_wconf 83' lang='lat' dir='ltr'>sodali</span> 
     </span>
     <span class='ocr_line' id='line_1_36' title="bbox 268 2415 1277 2469; baseline 0 -14"><span class='ocrx_word' id='word_1_289' title='bbox 268 2415 522 2456; x_wconf 77' lang='lat' dir='ltr'>Callaicum</span> <span class='ocrx_word' id='word_1_290' title='bbox 543 2416 727 2457; x_wconf 79' lang='lat' dir='ltr'>mandas</span> <span class='ocrx_word' id='word_1_291' title='bbox 751 2418 789 2457; x_wconf 81' lang='lat' dir='ltr'>si</span> <span class='ocrx_word' id='word_1_292' title='bbox 812 2416 920 2469; x_wconf 84' lang='lat' dir='ltr'>quid</span> <span class='ocrx_word' id='word_1_293' title='bbox 942 2416 998 2456; x_wconf 81' lang='lat' dir='ltr'>ad</span> <span class='ocrx_word' id='word_1_294' title='bbox 1022 2416 1277 2466; x_wconf 72' lang='lat' dir='ltr'>Oceanum3</span> 
     </span>
    </p>
   </div>
   <div class='ocr_carea' id='block_1_10' title="bbox 209 2516 1672 2600">
    <p class='ocr_par' dir='ltr' id='par_1_13' title="bbox 209 2516 1672 2600">
     <span class='ocr_line' id='line_1_37' title="bbox 253 2516 1672 2556; baseline -0.001 -9"><span class='ocrx_word' id='word_1_295' title='bbox 253 2516 284 2547; x_wconf 92' lang='lat'>0</span> <span class='ocrx_word' id='word_1_296' title='bbox 303 2516 460 2551; x_wconf 75' lang='lat' dir='ltr'>Materne,</span> <span class='ocrx_word' id='word_1_297' title='bbox 475 2516 675 2555; x_wconf 79' lang='lat' dir='ltr'>integerrime</span> <span class='ocrx_word' id='word_1_298' title='bbox 690 2516 895 2555; x_wconf 68' lang='lat' dir='ltr'>cultor-juris,</span> <span class='ocrx_word' id='word_1_299' title='bbox 918 2520 947 2546; x_wconf 78' lang='lat' dir='ltr'>et</span> <span class='ocrx_word' id='word_1_300' title='bbox 963 2516 1241 2556; x_wconf 64' lang='lat' dir='ltr'><em>legumjustmvm,</em></span> <span class='ocrx_word' id='word_1_301' title='bbox 1255 2517 1308 2556; x_wconf 80' lang='lat' dir='ltr'>qui</span> <span class='ocrx_word' id='word_1_302' title='bbox 1327 2518 1413 2556; x_wconf 74' lang='lat' dir='ltr'>regis</span> <span class='ocrx_word' id='word_1_303' title='bbox 1428 2517 1672 2555; x_wconf 78' lang='lat' dir='ltr'>Latiumsorum</span> 
     </span>
     <span class='ocr_line' id='line_1_38' title="bbox 209 2559 1670 2600; baseline 0 -11"><span class='ocrx_word' id='word_1_304' title='bbox 209 2568 260 2590; x_wconf 76' lang='lat' dir='ltr'>ore</span> <span class='ocrx_word' id='word_1_305' title='bbox 278 2559 422 2598; x_wconf 69' lang='lat' dir='ltr'>veridico,</span> <span class='ocrx_word' id='word_1_306' title='bbox 445 2559 561 2599; x_wconf 77' lang='lat' dir='ltr'>siquid</span> <span class='ocrx_word' id='word_1_307' title='bbox 578 2560 706 2589; x_wconf 81' lang='lat' dir='ltr'>mandas</span> <span class='ocrx_word' id='word_1_308' title='bbox 726 2563 779 2590; x_wconf 82' lang='lat' dir='ltr'>tuo</span> <span class='ocrx_word' id='word_1_309' title='bbox 797 2559 957 2599; x_wconf 77' lang='lat' dir='ltr'>municipi,</span> <span class='ocrx_word' id='word_1_310' title='bbox 981 2563 1072 2599; x_wconf 78' lang='lat' dir='ltr'>atque</span> <span class='ocrx_word' id='word_1_311' title='bbox 1095 2560 1222 2600; x_wconf 78' lang='lat' dir='ltr'>antiquo</span> <span class='ocrx_word' id='word_1_312' title='bbox 1244 2561 1343 2590; x_wconf 68' lang='lat' dir='ltr'>sodali</span> <span class='ocrx_word' id='word_1_313' title='bbox 1358 2562 1399 2590; x_wconf 82' lang='lat' dir='ltr'>ad</span> <span class='ocrx_word' id='word_1_314' title='bbox 1424 2560 1580 2591; x_wconf 77' lang='lat' dir='ltr'>Oceanum</span> <span class='ocrx_word' id='word_1_315' title='bbox 1598 2559 1670 2590; x_wconf 77' lang='lat' dir='ltr'><strong><em>Cal·</em></strong></span> 
     </span>
    </p>
   </div>
   <div class='ocr_carea' id='block_1_11' title="bbox 205 2634 1668 2780">
    <p class='ocr_par' dir='ltr' id='par_1_14' title="bbox 205 2634 1668 2780">
     <span class='ocr_line' id='line_1_39' title="bbox 874 2634 1010 2665; baseline -0.007 0"><span class='ocrx_word' id='word_1_316' title='bbox 874 2634 1010 2665; x_wconf 74' lang='lat' dir='ltr'>NOTAE</span> 
     </span>
     <span class='ocr_line' id='line_1_40' title="bbox 253 2687 1475 2729; baseline -0.001 -10"><span class='ocrx_word' id='word_1_317' title='bbox 253 2692 272 2719; x_wconf 89' lang='lat'>2</span> <span class='ocrx_word' id='word_1_318' title='bbox 299 2687 438 2727; x_wconf 77' lang='lat' dir='ltr'>Latium]</span> <span class='ocrx_word' id='word_1_319' title='bbox 464 2687 540 2719; x_wconf 88' lang='lat' dir='ltr'>Hoc</span> <span class='ocrx_word' id='word_1_320' title='bbox 559 2692 625 2727; x_wconf 86' lang='lat' dir='ltr'>est,</span> <span class='ocrx_word' id='word_1_321' title='bbox 649 2687 704 2729; x_wconf 89' lang='lat' dir='ltr'>qui</span> <span class='ocrx_word' id='word_1_322' title='bbox 722 2687 841 2719; x_wconf 62' lang='lat' dir='ltr'>Romae</span> <span class='ocrx_word' id='word_1_323' title='bbox 867 2687 909 2718; x_wconf 87' lang='lat' dir='ltr'>de</span> <span class='ocrx_word' id='word_1_324' title='bbox 964 2688 1061 2728; x_wconf 78' lang='lat' dir='ltr'>Epig.</span> <span class='ocrx_word' id='word_1_325' title='bbox 1077 2691 1130 2718; x_wconf 63' lang='lat'>74.</span> <span class='ocrx_word' id='word_1_326' title='bbox 1148 2692 1181 2718; x_wconf 91' lang='lat' dir='ltr'>et</span> <span class='ocrx_word' id='word_1_327' title='bbox 1198 2688 1251 2718; x_wconf 82' lang='lat' dir='ltr'>lib.</span> <span class='ocrx_word' id='word_1_328' title='bbox 1266 2698 1290 2719; x_wconf 89' lang='lat'>1.</span> <span class='ocrx_word' id='word_1_329' title='bbox 1307 2688 1406 2728; x_wconf 87' lang='lat' dir='ltr'>Epig.</span> <span class='ocrx_word' id='word_1_330' title='bbox 1423 2691 1475 2719; x_wconf 82' lang='grc'>97.</span> 
     </span>
     <span class='ocr_line' id='line_1_41' title="bbox 205 2738 1668 2780; baseline 0.001 -12"><span class='ocrx_word' id='word_1_331' title='bbox 205 2740 283 2780; x_wconf 80' lang='lat' dir='ltr'>jure</span> <span class='ocrx_word' id='word_1_332' title='bbox 300 2738 496 2779; x_wconf 79' lang='lat' dir='ltr'>respondes.</span> <span class='ocrx_word' id='word_1_333' title='bbox 1008 2742 1027 2769; x_wconf 73' lang='lat'>4</span> <span class='ocrx_word' id='word_1_334' title='bbox 1054 2740 1240 2779; x_wconf 77' lang='lat' dir='ltr'>Callaicum]</span> <span class='ocrx_word' id='word_1_335' title='bbox 1265 2739 1342 2770; x_wconf 85' lang='lat' dir='ltr'>Hoc</span> <span class='ocrx_word' id='word_1_336' title='bbox 1369 2745 1435 2776; x_wconf 81' lang='lat' dir='ltr'>est,</span> <span class='ocrx_word' id='word_1_337' title='bbox 1467 2739 1668 2779; x_wconf 83' lang='lat' dir='ltr'>Hispanum.</span> 
     </span>
    </p>
   </div>
   <div class='ocr_carea' id='block_1_12' title="bbox 255 2789 1669 2832">
    <p class='ocr_par' dir='ltr' id='par_1_15' title="bbox 255 2789 1669 2832">
     <span class='ocr_line' id='line_1_42' title="bbox 255 2789 1669 2832; baseline -0.001 -11"><span class='ocrx_word' id='word_1_338' title='bbox 255 2792 273 2821; x_wconf 75' lang='lat'>:3</span> <span class='ocrx_word' id='word_1_339' title='bbox 298 2789 459 2829; x_wconf 74' lang='lat' dir='ltr'>Materne]</span> <span class='ocrx_word' id='word_1_340' title='bbox 483 2789 588 2829; x_wconf 87' lang='lat' dir='ltr'>Cujus</span> <span class='ocrx_word' id='word_1_341' title='bbox 615 2789 769 2820; x_wconf 84' lang='lat' dir='ltr'>meminit</span> <span class='ocrx_word' id='word_1_342' title='bbox 795 2789 850 2820; x_wconf 85' lang='lat' dir='ltr'>lib.</span> <span class='ocrx_word' id='word_1_343' title='bbox 869 2798 909 2820; x_wconf 86' lang='lat'>11.</span> <span class='ocrx_word' id='word_1_344' title='bbox 966 2790 1054 2821; x_wconf 75' lang='lat' dir='ltr'>vide</span> <span class='ocrx_word' id='word_1_345' title='bbox 1077 2791 1175 2832; x_wconf 79' lang='lat' dir='ltr'>Epig.</span> <span class='ocrx_word' id='word_1_346' title='bbox 1206 2794 1258 2822; x_wconf 80' lang='lat'>16.</span> <span class='ocrx_word' id='word_1_347' title='bbox 1287 2800 1403 2831; x_wconf 80' lang='lat' dir='ltr'>supra.</span> <span class='ocrx_word' id='word_1_348' title='bbox 1467 2791 1534 2821; x_wconf 87' lang='lat' dir='ltr'>Hic</span> <span class='ocrx_word' id='word_1_349' title='bbox 1561 2790 1669 2821; x_wconf 83' lang='lat' dir='ltr'>oratio</span> 
     </span>
    </p>
   </div>
  </div>
 </body>
</html>
