1893 3225
518 261 924 293 EmGRAMMA‘rUM
961 262 1055 292 mn.
1088 263 1192 292 xlv.
1497 255 1584 297 997

759 418 964 460 XXIX.

718 507 799 537 cA
825 507 853 537 υ
878 507 900 538 s
926 507 938 536 1
964 507 1009 536 A.

136 575 194 616 IN
218 576 489 632 Pompeiano
514 580 656 618 tectus
678 577 893 630 spectabo
912 576 1109 618 theatro:

193 644 313 686 Nam
333 649 486 687 ventus
505 645 676 699 populo
698 644 798 686 vela
818 657 975 697 negare
998 645 1125 687 solet.

179 759 292 791 Tectus
302 760 443 800 spectabo
456 759 490 792 in
505 760 626 792 theatro
642 760 853 802 Pompeiano.-
879 771 951 792 nam
964 763 1073 792 ventus
1089 761 1167 792 solet
1189 770 1344 792 removere
1360 760 1426 792 vela
1438 770 1457 792 a
1471 761 1596 802 populo·

748 840 765 850 o

965 840 985 851 e

180 892 189 909 ‘
203 892 244 924 In
261 893 462 935 quibusdam
492 894 570 927 edd.
599 894 798 927 inscribitur
825 896 1038 937 Gausapa.—-1
1063 895 1072 912 ‘
1086 895 1156 927 Pro
1173 897 1273 926 tectus
1296 893 1466 925 Gruterus
1483 892 1598 924 eMss.

134 935 217 971 legit
232 939 351 978 tecamss:
366 943 402 969 et
419 939 578 970 observat
595 948 656 978 pro
672 948 712 970 eo
724 938 813 980 quod
824 939 1002 979 habemus,
1019 939 1105 970 Nam
1115 941 1238 978 ventus,
1252 938 1285 968 in
1297 941 1370 977 opt.
1388 936 1509 967 codice
1523 944 1597 966 esse

137 979 331 1011 Mandatus.-
355 990 398 1011 ex
423 992 489 1022 quo
514 982 709 1021 Salmasius,
733 982 919 1013 Mantatus:
943 992 1042 1022 posse
1058 987 1172 1014 tamen
1187 985 1223 1013 et
1247 981 1421 1012 Mandatus
1436 978 1599 1010 retineri!

136 1021 262 1054 Sclzrev.
303 1024 412 1055 Tecum
427 1030 463 1056 et
479 1025 643 1056 Mantatus
659 1026 793 1066 recepit
808 1025 956 1057 Barbou.

796 1105 937 1137 NOTAE

183 1168 299 1199 Cazzsz'a
315 1169 497 1210 [Gausapa]
520 1170 589 1202 Alii
605 1170 731 1202 Causia.
764 1170 843 1211 Lip·
900 1170 1020 1212 aliquis
1043 1169 1181 1202 fecerit.
1224 1169 1285 1201 Usi
1306 1172 1343 1200 et
1365 1167 1529 1208 gausapis,
1556 1175 1600 1197 an

138 1219 206 1251 sius
237 1230 314 1261 cap.
353 1224 404 1252 18.
441 1221 484 1252 de
514 1222 766 1262 amphitheatro
793 1223 841 1253 sic
897 1221 1003 1251 causia
1031 1221 1105 1252 loco
1130 1221 1218 1251 illius
1242 1219 1348 1260 pilei?
1394 1219 1483 1250 Nam
1508 1216 1602 1248 varia

136 1271 310 1312 explicat:
335 1272 476 1313 Duplex
500 1272 541 1303 iis
557 1273 660 1304 etiam
688 1279 840 1313 tegmen,
896 1271 969 1302 haec
985 1271 1018 1301 in
1042 1271 1204 1302 Martiale
1220 1270 1342 1301 lectio:
1367 1269 1419 1311 (et
1435 1269 1520 1300 citat
1535 1268 1601 1299 hoc

138 1323 211 1353 sive
237 1322 331 1363 pilei,
356 1323 428 1354 sive
451 1324 622 1356 umbellae.
666 1324 754 1354 Pilei
772 1323 840 1365 qui·
896 1320 1095 1361 distichum)
1116 1319 1290 1360 significat
1306 1319 1443 1359 diserte,
1463 1326 1600 1349 usurum

138 1373 215 1403 (lem
242 1373 442 1411 Thessalici,
470 1378 508 1405 ut
532 1384 635 1415 supra
661 1383 704 1405 ex
728 1374 842 1405 Dione
895 1381 933 1402 se
959 1371 1109 1411 tegmine
1130 1371 1255 1401 causiae
1280 1375 1400 1402 contra
1423 1370 1549 1409 Solem,
1573 1367 1605 1398 si

139 1422 253 1463 retuli,
283 1433 383 1465 quem
413 1424 555 1455 eundem
596 1434 674 1456 cum
713 1424 842 1455 Petaso
897 1427 1019 1453 ventus
1036 1421 1218 1453 invidisset
1232 1421 1318 1453 vela.

778 1573 958 1615 XXX.

691 1663 1059 1694 VENABULA.

143 1730 425 1773 ExclplEN'r
446 1745 594 1787 apros,
615 1733 1012 1786 expectabuntque
1033 1731 1181 1771 leones
1201 1743 1210 1770 :

201 1799 432 1841 Intrabunt
452 1814 591 1851 ursos,
614 1800 672 1841 sit
693 1799 825 1840 modo
847 1799 976 1840 firma
997 1811 1169 1838 manus.

185 1920 273 1952 Haec
297 1921 491 1952 sustinebunt
516 1931 617 1963 apr05‚
646 1925 676 1952 et
700 1921 908 1963 expectabunt
930 1921 1053 1952 leones:
1088 1916 1297 1951 vulnerabunt
1321 1926 1421 1956 ursos,
1442 1916 1602 1946 dammodo

145 1974 252 1994 manus
265 1964 307 1994 sit
323 1968 445 2004 vegeta.
1158 1969 1167 1984 ’“

756 2016 988 2028 eeeeeeeeee

188 2073 209 2101 2
243 2071 332 2102 Illud
350 2071 450 2112 firma
476 2081 495 2102 a
525 2072 722 2103 Glossatore
750 2071 865 2112 aliquo
888 2068 1083 2112 profectum
1113 2067 1226 2100 credit
1253 2067 1309 2098 De
1325 2066 1436 2106 Rooy,
1461 2068 1498 2096 et
1520 2067 1605 2095 certa

147 2114 382 2155 reponendum
398 2119 510 2156 putat.
804 2155 946 2188 NOTAE

189 2224 207 2252 1
233 2221 420 2262 Excipient]
441 2221 619 2254 Venabula
630 2222 762 2254 scilicet
773 2231 848 2262 quae
902 2219 1117 2251 declinarent
1132 2218 1202 2250 ursi
1227 2221 1263 2249 et
1288 2217 1417 2254 leones,
1441 2219 1477 2246 et
1504 2223 1604 2245 vena-

144 2277 223 2304 sunt
235 2273 403 2304 venaticae
415 2273 535 2312 hastae,
546 2273 627 2311 tela,
638 2273 692 2303 vel
707 2272 851 2313 spicula.
903 2276 1011 2303 torem
1023 2271 1131 2312 ipsum
1147 2267 1360 2301 invaderent.

188 2327 208 2356 2
232 2324 283 2356 Sit
298 2324 502 2366 modofirma]
518 2325 625 2357 Secus
638 2324 727 2356 enim
743 2323 849 2355 ictum

774 2456 979 2499 XXXI.

599 2547 797 2578 CULTER
830 2545 1166 2576 VENATORIUS.

154 2616 205 2657 S1
229 2615 404 2670 dejecta
425 2628 569 2668 gemes
586 2615 721 2668 longo
742 2614 963 2657 venabula
982 2616 1125 2655 rostro
1143 2625 1153 2653 :

213 2684 306 2726 Hic
325 2684 470 2726 brevis
493 2683 539 2724 in
559 2682 766 2736 grandem
786 2683 985 2724 cominus
1005 2681 1086 2723 ibit
1108 2692 1280 2734 aprum.

201 2796 237 2828 Si
253 2794 367 2827 dolebis
381 2794 505 2834 depulsa
522 2803 583 2825 esse
598 2792 745 2825 venabula
761 2792 851 2832 longo
867 2795 967 2824 rostro
985 2791 1072 2833 apri,
1087 2790 1137 2821 Ῑιὶε
1156 2787 1254 2819 brevis
1269 2785 1378 2818 culter
1391 2781 1518 2828 propius
1528 2783 1611 2824 pelet

157 2841 315 2879 ingentem
330 2847 451 2878 aprum.
