1893 3225
280 238 365 279 926
758 247 805 275 n.
843 246 955 275 vAi„
993 246 1268 277 MAnriAms

867 458 1141 499 LXXXII.

810 560 893 589 DE
948 560 1208 590 UMBRO.

394 639 589 680 BRUMAE
607 637 780 686 diebus,
800 636 1012 691 seriisque
1034 637 1224 685 Saturni,

397 706 609 746 Mittebat
633 704 797 746 Umber
813 705 1019 746 aliculam
1040 705 1144 746 mihi
1166 717 1364 757 pauper3

397 772 531 814 Nunc
553 772 673 813 misit
694 773 855 813 alicam
873 785 882 812 ε
913 772 1055 813 factus
1077 777 1144 813 est
1165 772 1279 812 enim
1309 771 1450 812 dives.

328 884 443 915 Umber
465 895 583 925 pauper
610 883 755 915 mittebat
775 883 854 914 mihi
872 884 1015 914 aliculam
1036 882 1142 914 (liebus
1164 882 1294 922 brumoe,
1316 886 1345 913 et
1363 882 1459 920 feriis
1484 882 1632 914 Saturni:
1655 893 1735 914 nunc

280 928 379 958 mittit
395 928 506 959 alicam
519 939 529 958 .·
550 937 622 958 mim
637 927 736 958 evasit
751 927 848 958 dives.

891 1001 1128 1013 eeeeeeeeeee

322 1071 340 1099 3
365 1068 474 1099 Mittit
488 1067 566 1099 edd.
584 1071 666 1099 vett.
681 1071 715 1097 et
727 1065 874 1097 Fax-nab.
898 1065 992 1096 Misit
1011 1065 1125 1097 Palat.
1151 1066 1238 1105 Ergo
1252 1074 1312 1106 pro
1328 1066 1408 1095 enim
1421 1064 1497 1096 cod.
1516 1065 1653 1096 Beverl.

930 1163 1076 1196 NOTAE

324 1246 338 1272 1
364 1242 493 1272 Bruma:
512 1239 635 1280 diebus]
657 1240 731 1271 Lib.
748 1249 785 1271 x.
810 1239 910 1281 Epig.
928 1242 979 1271 14.
1037 1239 1139 1270 alium
1156 1249 1250 1270 nsum
1268 1239 1457 1280 pertinent,
1480 1238 1544 1268 nisi
1560 1238 1738 1278 puerilem,

279 1294 287 1309 ‘
301 1291 446 1325 Quando
456 1292 567 1322 brevis
581 1291 702 1331 gelidae
718 1291 818 1322 missa
833 1296 886 1322 est
900 1295 980 1330 toga
1036 1290 1142 1321 veluti
1156 1294 1259 1330 togae,
1277 1295 1470 1330 praetext‘ae,
1485 1289 1633 1327 alicnlae‚
1646 1289 1735 1319 chla-

277 1348 430 1384 tempore
446 1343 599 1374 brumae!
1035 1340 1164 1381 mydes,
1187 1340 1304 1380 pallia,
1320 1350 1395 1380 quae
1412 1339 1489 1371 filiis
1505 1340 1629 1370 nostris
1648 1348 1737 1371 com-

319 1397 339 1425 2
362 1393 533 1433 Aliculam]
570 1393 725 1428 Invenio,
757 1393 869 1432 inquit
897 1392 980 1423 Tur·
1036 1390 1218 1431 paramus!
1270 1390 1430 1429 Aiiculae,
1465 1390 1574 1432 inquit
1609 1392 1735 1423 Gotho-

277 1446 384 1476 nebus
409 1444 467 1476 lib.
495 1453 604 1475 xviii.
625 1453 700 1483 cap.
717 1446 769 1475 23.
786 1449 821 1473 et
837 1443 871 1473 in
894 1443 978 1473 anti-
1035 1440 1162 1480 fredus,
1185 1445 1263 1472 sunt
1287 1446 1377 1482 togae
1399 1441 1531 1472 breves.
1578 1443 1633 1473 De
1651 1443 1739 1473 alica

277 1506 342 1536 quo
382 1494 609 1526 Vocabnlario
643 1492 836 1524 ‘aliculam'
875 1502 980 1533 genus
1034 1491 1093 1523 lib.
1119 1501 1202 1523 xm.
1219 1492 1320 1532 Epig.
1337 1494 1368 1523 6.
1381 1502 1455 1533 quae
1484 1496 1582 1532 potus
1598 1498 1673 1523 est.-
1702 1493 1736 1522 in

278 1546 383 1576 vestis
407 1554 494 1576 esse.
517 1545 589 1575 Lex
607 1547 660 1575 23.
676 1545 705 1584 ξ.
722 1547 752 1575 2.
771 1542 805 1575 ff.
823 1543 865 1574 de
883 1553 977 1582 auro,
1035 1551 1076 1572 eo
1095 1543 1198 1582 jocus
1222 1546 1285 1580 est,
1301 1542 1389 1583 quod
1412 1542 1420 1558 ‘
1436 1541 1566 1573 alicula’
1583 1542 1737 1573 videami-

278 1601 432 1637 argento,
457 1595 593 1627 mundo.
651 1598 659 1611 ‘
679 1595 830 1625 Puer-ilia
862 1595 979 1635 [vesti-
1034 1594 1273 1626 diminutivum
1289 1594 1330 1625 ab
1345 1595 1354 1611 ‘
1367 1593 1481 1625 alica!

278 1653 389 1679 menta
406 1647 545 1687 nempe]
578 1650 668 1686 sunt,
685 1656 759 1687 quae
777 1646 818 1676 ad
849 1646 976 1676 nullum

848 1810 1147 1851 LXXXIII.

760 1912 836 1941 DE
885 1911 1261 1942 MENOGENE.

278 1992 549 2033 EFFUGERE
572 1991 617 2031 in
639 1990 819 2031 thermis
842 1995 884 2032 et
905 1991 1026 2032 circa
1045 1992 1208 2031 balnea
1227 2003 1318 2030 non
1341 1996 1408 2032 est

337 2059 623 2112 Menogenen,
645 2060 763 2100 omni
785 2064 829 2100 tu
848 2060 953 2100 licet
975 2063 1065 2100 arte
1087 2060 1211 2099 velis.

279 2127 493 2181 Captabit
513 2127 708 2180 tepidum
731 2127 891 2168 dextra
906 2127 1112 2179 laevaque
1136 2126 1364 2179 trigonem,

336 2196 532 2249 Imputet
552 2200 764 2250 exceptas
780 2200 831 2235 ut
851 2195 933 2236 tibi
956 2207 1080 2249 saepe
1102 2195 1232 2249 pilas.

320 2309 512 2349 Impossibile
531 2314 576 2340 est
592 2310 710 2341 evitare
726 2311 920 2349 Menogenen
935 2310 968 2340 in
985 2310 1113 2340 thermis
1128 2312 1158 2339 et
1181 2308 1265 2339 circa
1281 2308 1402 2344 balnea,
1423 2308 1563 2348 quamvis
1577 2312 1612 2339 tu
1626 2311 1732 2349 cupias

277 2352 359 2382 omni
372 2353 535 2383 industriti.
582 2354 708 2384 Dextra
724 2357 754 2385 et
770 2354 848 2384 loevct
863 2352 1031 2393 prehendet
1046 2352 1184 2392 tepidum
1199 2352 1368 2391 wigonem,
1383 2354 1416 2381 ut
1432 2351 1490 2381 tibi
1506 2352 1636 2391 imputet
1650 2353 1731 2392 pilas

887 2436 1105 2447 “exem-ereo
1111 2436 1126 2446 e

322 2493 337 2521 l
356 2490 412 2522 Sic
429 2491 494 2521 ΜΒ.
510 2492 542 2522 in
560 2501 665 2532 marg.
681 2492 733 2523 ed.
749 2493 827 2523 Par.
847 2494 939 2523 1617.
960 2493 990 2522 E
1003 2493 1048 2523 th.
1067 2491 1141 2522 ead.
1160 2491 1213 2522 ed.
1232 2501 1310 2522 cnm
1323 2490 1402 2523 Ald.
1419 2492 1519 2524 Junt.
1535 2497 1570 2523 et
1587 2493 1730 2524 Farnab.

276 2533 340 2564 Ed.
359 2533 468 2565 Colin.
485 2543 664 2575 operarum
680 2536 824 2575 incuria,
841 2541 879 2566 ut
897 2534 1044 2575 videtur,
1073 2535 1136 2575 Eff.
1154 2535 1196 2565 th.
1215 2535 1294 2565 Vid.
1311 2535 1395 2566 Var.
1414 2535 1561 2566 Non—3
1588 2536 1730 2566 Trionem

933 2627 1077 2659 NOTAE

321 2706 339 2734 3
366 2703 514 2744 Captabit
542 2703 695 2744 tepidum]
732 2706 788 2736 De
816 2704 976 2745 trigonali
1073 2706 1092 2734 4
1119 2703 1270 2744 Imputel]
1304 2703 1381 2735 Hoc
1418 2708 1481 2743 est,
1504 2692 1555 2735 *ut
1587 2709 1733 2745 excepta

278 2754 360 2794 pila,
394 2759 431 2785 et
471 2754 514 2787 de
549 2754 630 2787 folle
661 2755 788 2787 dictum
820 2756 878 2787 lib.
910 2765 976 2787 vu.
1030 2754 1099 2795 pila
1117 2760 1153 2785 et
1182 2755 1244 2786 tibi
1268 2754 1384 2787 oblata
1410 2755 1555 2797 aliquam
1582 2755 1671 2796 apud
1699 2760 1732 2785 te

280 2805 379 2846 Epig.
392 2808 443 2836 72.
1032 2808 1122 2839 ineat
1140 2808 1296 2848 gratiam.
