1893 3225
258 232 343 274 798
731 243 777 271 M.
815 243 923 272 vAL.
960 244 1234 275 MAR‘riALis

934 385 1058 427 CIV.

829 477 855 505 A
868 477 895 506 D
931 477 1138 506 LIBRUM.

376 543 398 584 I
418 554 605 585 NOSTRO
627 557 792 593 comes,
812 546 827 586 i
848 545 1010 595 libelle,
1035 546 1200 587 Flacco

375 611 574 664 Longum
595 625 672 665 per
693 626 822 661 mare,
851 613 928 653 sed
950 613 1140 654 faventis
1166 614 1311 664 undae,

376 679 434 719 Et
456 693 586 720 cursu
604 679 742 730 facili,
766 682 944 734 tuisque
967 684 1108 723 ventis

376 747 595 802 Hispanae
618 752 720 801 pete
742 748 1008 790 Tarraconis
1029 764 1171 791 arces.

375 815 507 856 Illinc
528 819 570 856 te
590 821 688 856 rota
709 816 841 866 tollet,
864 822 909 857 et
932 817 1094 858 citatus
1687 821 1715 862 5

375 883 528 924 Altam
551 883 749 932 Bilbilin,
771 889 816 923 et
835 888 958 924 tuum
979 884 1183 925 Salonem

375 950 547 1000 Quinto
574 950 760 991 forsitan
780 952 937 992 essedo
959 952 1148 993 videbis.

375 1018 495 1068 Quid
514 1018 721 1059 mandem
740 1018 834 1068 tibi,
856 1020 1049 1073 quaeris?
1081 1026 1130 1061 ut
1152 1020 1330 1061 sodales

376 1085 572 1136 Paucos,
596 1086 673 1128 sed
694 1092 881 1137 veteres,
902 1092 946 1129 et
966 1092 1068 1129 ante
1090 1090 1267 1130 brumas

376 1153 580 1206 Triginta
596 1154 701 1195 mihi
722 1160 1000 1209 quatuorque
1022 1157 1142 1198 visos
1666 1159 1720 1199 10

375 1222 486 1276 Ipsa
506 1223 705 1276 protinus
726 1237 751 1264 a
772 1224 846 1265 via
866 1224 1048 1274 salutes,

375 1291 433 1332 Et
451 1295 644 1333 nostrum
667 1291 911 1332 admoneas
934 1291 1122 1332 subinde
1147 1292 1379 1343 Flaccum,

376 1359 404 1400 J
411 1360 609 1401 ucundos
630 1360 737 1400 mihi
757 1373 838 1401 nec
858 1360 1112 1401 laboriosos

377 1427 593 1468 Secessus
614 1428 759 1480 pretio
784 1431 911 1480 paret
931 1428 1111 1476 salubri,

377 1494 467 1546 Qui
487 1495 658 1548 pigrum
679 1495 850 1536 faciant
871 1499 993 1535 tuum
1015 1498 1250 1547 parentem.
1666 1495 1722 1536 15

378 1562 494 1603 Haec
517 1567 643 1603 sunt:
667 1563 761 1617 jam
783 1561 974 1603 tumidus
991 1567 1125 1603 vocat
1146 1563 1369 1616 magister,

307 1666 337 1696 Ο
356 1664 443 1703 liber,
467 1665 615 1695 comitare
642 1668 780 1695 nostrum
800 1665 943 1696 Flaccum
974 1675 1029 1705 per
1054 1667 1179 1703 longum
1204 1674 1301 1703 mare,
1327 1665 1382 1695 scd
1406 1665 1496 1694 uncloe
1515 1663 1656 1704 placidoe,
1688 1667 1719 1694 et

263 1707 471 1747 cursufacili‚
487 1711 517 1738 et
539 1708 679 1738 secundis
693 1708 794 1738 ventis
816 1709 870 1738 adi
892 1717 978 1739 arces
994 1708 1178 1739 Tarraconis
1191 1708 1356 1747 Hispanae.
1402 1707 1497 1738 Illinc
1510 1717 1619 1738 currus
1633 1707 1722 1738 vehet

262 1755 304 1790 te,
320 1755 348 1781 et
364 1752 442 1782 celer
457 1751 565 1790 quinto
573 1750 661 1788 forte
677 1751 813 1781 vehiculo
828 1751 979 1791 spectabis
994 1752 1090 1782 altam
1104 1751 1258 1789 Bilbilim,
1271 1753 1300 1780 et
1316 1753 1403 1781 tuum
1420 1750 1576 1781 Salonem.
1612 1750 1722 1789 Rogas

264 1795 337 1835 quid
357 1794 548 1824 committam
563 1792 649 1825 tibi?
676 1794 720 1824 Ut
733 1794 842 1825 statim
857 1794 975 1833 abipsa
991 1794 1043 1825 via
1056 1795 1171 1825 salutes
1181 1803 1293 1834 paucos
1307 1795 1435 1833 sodales,
1452 1797 1483 1824 et
1498 1793 1652 1833 antiquos,
1667 1803 1721 1823 nee

262 1837 344 1867 visos
357 1847 376 1867 a
389 1837 524 1876 triginta
538 1840 671 1877 quatuor
692 1837 794 1876 annis,
809 1840 902 1877 atque
916 1837 1085 1868 identidem
1105 1839 1269 1868 admoneas
1286 1839 1423 1866 nostrum
1439 1837 1595 1876 Flaccum,
1610 1839 1644 1866 ut
1661 1836 1722 1866 loco

262 1879 378 1911 salubri
394 1880 528 1911 instruat
542 1880 618 1911 mila·
630 1889 763 1911 secessus
776 1883 896 1920 gratos,
910 1890 964 1911 nec
976 1881 1115 1911 molestos
1128 1880 1208 1921 ipsi,
1223 1880 1277 1920 qui
1287 1878 1423 1920 afferant
1438 1879 1585 1910 inertiam
1601 1882 1652 1910 tuo
1665 1889 1722 1919 pa-

879 1953 1112 1965 aoee‘aeeeoowo

305 2004 323 2030 5
352 2000 431 2031 Tota
455 1999 522 2030 Ms.
540 1999 744 2030 Beverl.—8
775 1998 845 2029 Scis
859 1999 927 2029 sod.
944 1997 1075 2029 id.——-1-1
1099 1997 1266 2029 Successus
1281 1998 1367 2038 legit
1384 1997 1440 2028 ed.
1457 1996 1561 2028 Bari).
1615 1997 1725 2028 Pretio

267 2042 326 2073 dat
352 2043 418 2074 Ms.
441 2043 580 2074 Beverl.
611 2042 723 2082 Spatio
751 2041 828 2073 edd.
845 2046 932 2072 vett.
948 2046 985 2072 et
1007 2041 1153 2073 Farnab.
1171 2046 1205 2072 et
1220 2042 1325 2072 Barb.
1372 2041 1484 2072 Pretio
1496 2043 1587 2080 paret
1604 2039 1726 2070 selibroe

266 2086 482 2127 Rutgersius.
516 2086 601 2116 Vult
624 2085 667 2116 de
692 2086 787 2125 Rooy
810 2081 997 2125 Scupi-etio
1014 2087 1119 2125 paret,
1135 2086 1187 2115 sed
1208 2085 1286 2125 illos,
1305 2085 1380 2123 Qui,
1400 2086 1451 2124 ὅγε.
1498 2083 1726 2115 Consulanun·

268 2129 351 2160 Not.
368 2130 537 2160 Van—16
563 2129 701 2160 Timidos
711 2128 788 2160 cod.
799 2128 935 2160 Beverl.

926 2197 958 2228 N
965 2196 1067 2229 OTAE

307 2268 328 2296 4
354 2263 554 2303 Tarraconis]
570 2263 674 2294 Urbis
687 2262 877 2294 celebrisin
893 2262 971 2293 His·
1069 2264 1107 2292 14
1153 2262 1210 2293 Pr.
1243 2260 1385 2301 [Spatia]
1414 2259 1549 2301 salubri]
1595 2260 1728 2301 Legunt

264 2314 494 2355 pania‚hodie
512 2315 704 2353 Tam-agona,
733 2323 753 2344 a
775 2323 842 2354 qua
867 2313 970 2344 deno-
1024 2311 1081 2343 alii
1108 2312 1211 2352 pretio
1242 2311 1372 2350 salubri,
1399 2310 1462 2341 hoc
1496 2315 1560 2351 est,
1593 2310 1728 2343 modico

265 2365 415 2397 minatur
432 2365 607 2406 provincia
631 2364 906 2403 Tarraconensis,
935 2363 970 2393 in

267 2426 335 2458 qua
350 2420 425 2448 erat
448 2415 594 2447 Bilbilis,
637 2414 727 2445 Vide
751 2415 971 2454 Epigramma

267 2467 480 2508 praecedens.
545 2466 670 2496 Sensus
694 2471 766 2496 est:
804 2465 971 2495 Tarraco-

268 2527 346 2549 nem
363 2526 470 2558 usque
493 2515 685 2556 navigabis,
707 2514 796 2545 unde
820 2513 971 2544 Bilbilim

269 2568 390 2600 essedo
404 2567 548 2598 veheris.

316 2618 433 2654 Quinto
454 2616 573 2657 essedo]
598 2615 763 2647 Essedum
781 2625 886 2656 genus
912 2625 969 2647 ve-

268 2669 383 2709 hiculi,
401 2678 465 2710 quo
480 2671 601 2698 vectus
617 2667 736 2709 quinto
761 2667 891 2698 itineris
916 2666 970 2698 die

270 2720 451 2762 pervenies
467 2718 630 2749 Bilbilim.

317 2773 353 2802 ll
380 2770 452 2812 Ipsa
466 2771 610 2811 protinus
625 2780 642 2801 α
654 2769 720 2810 via]
737 2769 812 2801 Hoc
829 2773 894 2811 est,
909 2773 974 2801 sta·

271 2821 363 2853 tima
377 2825 436 2853 tuo
452 2822 611 2854 adventu.

1026 2363 1150 2403 pretio,

1069 2416 1107 2444 15
1133 2413 1196 2449 Qui
1222 2413 1365 2453 pigrum]
1389 2413 1547 2445 Carmina
1574 2418 1654 2444 sunt
1680 2413 1728 2443 in-

1027 2464 1117 2505 genii
1146 2468 1277 2504 partus,
1310 2474 1451 2505 quorum
1481 2469 1638 2496 auctores
1671 2474 1729 2504 pa-

1027 2520 1141 2545 rentes
1172 2514 1351 2546 dicuntur:
1386 2516 1449 2546 hoc
1473 2519 1548 2546 est:
1573 2514 1729 2554 Flaccus,

1027 2566 1098 2597 sive
1126 2566 1262 2605 Flavus,
1295 2570 1334 2597 ut
1365 2565 1519 2597 scribunt
1548 2565 1617 2601 alii,
1647 2565 1729 2597 mibi

1025 2621 1126 2657 paret
1154 2617 1350 2657 hospitium,
1384 2616 1441 2647 ubi
1476 2616 1510 2646 in
1547 2615 1618 2647 otio
1651 2624 1730 2646 con-

1025 2677 1214 2698 senescam.

1071 2722 1111 2750 16
1134 2719 1297 2760 Tumidus]
1323 2720 1400 2751 Hoc
1433 2724 1498 2759 est,
1531 2718 1730 2759 imperiosus

1027 2771 1229 2803 navarchus.
1274 2770 1400 2801 Similis
1430 2776 1483 2801 est
1513 2770 1606 2800 locus
1639 2768 1729 2808 apud

1028 2821 1229 2853 Juvenalem
1266 2821 1337 2852 Sat.
1377 2829 1434 2852 111.
1494 2819 1609 2851 ‘Nam
1649 2818 1727 2849 mihi
