1893 3225
486 241 891 273 EPIGRAMMATUM
930 242 1020 272 LIB-
1057 243 1159 274 vlu.

1467 237 1552 279 (311

757 412 884 454 LVI.

642 514 708 543 AD
745 513 991 544 FLACCUM.

86 593 414 635 TEMPomssus
435 592 600 634 nostris
621 596 732 635 aetas
754 606 854 634 cum
874 593 1000 634 cedat
1021 605 1219 644 avorum,

146 661 345 703 Creverit
365 666 408 703 et
426 661 569 716 major
589 674 688 702 cum
707 661 819 702 duce
840 661 989 703 Roma
1009 675 1107 712 suo,

87 729 316 783 Ingenium
337 731 451 771 sacri
469 730 643 771 miraris
665 731 825 772 abesse
850 729 1073 780 Maronis,

145 796 243 838 Nec
268 811 519 852 quenquam
542 801 663 840 tanta
681 798 800 840 bella
819 811 976 840 sonare
1001 799 1122 839 tuba.

86 864 182 906 Sint
206 865 490 916 Maecenates,
513 880 600 907 non
621 867 811 917 deerunt,
836 866 1015 916 Flacce,
1042 865 1268 916 Marones,

1521 870 1549 910 Οἱ

142 932 463 988 Virgiliumque
484 935 566 976 tibi
587 935 653 976 vel
674 939 749 976 tua
769 948 867 976 rura
888 935 1067 976 dabunt.

82 1002 111 1043 J
117 1016 249 1055 ugera
270 1003 514 1056 perdiderat
533 1003 706 1044 miserae
728 1003 878 1046 vicina
894 1002 1143 1053 Cremonae,

144 1070 304 1112 Flebat
325 1076 370 1112 et
390 1072 607 1113 abductas
625 1073 806 1126 Tityrus
828 1086 942 1126 aeger
962 1086 1078 1114 oves,

85 1138 206 1180 Risit
225 1138 401 1180 Tuscus
423 1153 576 1192 eques,
598 1145 1001 1195 paupertatemque
1024 1140 1262 1192 malignam

143 1206 346 1260 Repulit,
368 1210 412 1247 et
432 1207 565 1247 celeri
582 1207 724 1260 jussit
747 1208 866 1248 abire
888 1207 1009 1259 fuga.
1494 1211 1548 1252 10

85 1272 256 1329 Accipe
277 1274 471 1325 divitias,
493 1281 535 1316 et
556 1280 708 1317 vatum
731 1275 953 1316 maximus
977 1281 1096 1317 esto:

140 1342 211 1383 Tu
229 1343 338 1384 licet
358 1347 402 1384 et
421 1347 633 1394 nostrum,
656 1343 785 1394 dixit,
809 1343 974 1384 Alexin
996 1357 1130 1386 ames.

130 1475 208 1505 Cum
224 1478 302 1506 oetas
312 1485 438 1505 avorum
459 1476 509 1506 det
525 1476 643 1515 primus
665 1478 768 1505 nostro
783 1476 906 1514 saeculo,
918 1479 948 1506 et
967 1476 1064 1506 Roma
1077 1478 1179 1515 magis
1193 1480 1283 1507 auctu
1291 1477 1394 1514 suerit
1411 1487 1476 1508 cum
1494 1488 1546 1507 sun

86 1518 288 1556 Imperatore,
311 1518 372 1548 tun·
398 1518 512 1548 mirum
537 1519 578 1548 vi
581 1521 663 1548 {etur
679 1519 852 1549 desiderari
867 1519 1025 1557 ingenium
1042 1520 1123 1549 sacri
1142 1520 1297 1557 Maronis,
1314 1530 1369 1550 nec
1381 1530 1548 1560 quenquam

83 1560 279 1591 canei-abella
292 1563 357 1591 tum
370 1571 484 1599 magna
500 1561 638 1591 briccium
686 1561 716 1591 O
744 1561 865 1598 Flucee,
879 1562 983 1591 adsint
1002 1562 1200 1599 Moecenutes,
1214 1573 1245 1593 n
1246 1573 1275 1593 n
1292 1564 1546 1593 desiderabantur

87 1605 245 1641 Marones,
256 1606 285 1633 et
298 1605 344 1633 vel
359 1606 412 1633 tua
424 1603 500 1634 tilla
510 1603 720 1644 suppeditabit
736 1604 795 1633 tibi
817 1605 838 1634 1
836 1604 997 1642 irgilium.

1045 1605 1178 1645 Tityrus
1193 1606 1446 1644 amiseratjugei
1448 1606 1548 1647 afini-

83 1647 160 1677 eima
177 1645 298 1684 infelici
311 1647 470 1676 Cremona>
475 1650 586 1694 ,atque
601 1650 738 1685 oegrotus
753 1646 981 1676 lumentabatw
995 1657 1064 1677 oves
1075 1649 1232 1679 abductas.
1265 1649 1382 1679 ¹..Tuec113
1397 1659 1487 1688 eques
1502 1649 1548 1678 ri-

83 1689 137 1727 sit,
147 1692 177 1719 et
186 1690 380 1729 propulsuvzt
395 1689 585 1727 malignam·
575 1689 723 1728 mopiam,
734 1692 762 1719 et
779 1689 853 1728 coiig
855 1690 880 1719 it
897 1691 1051 1719 discedere
1062 1691 1140 1720 celei
1143 1690 1256 1728 ifugu.
1278 1690 1393 1731 Αισίμε
1407 1693 1458 1722 cliz-
1462 1692 1510 1721 itu
1503 1702 1548 1727 ‹,ts

82 1733 196 1773 inquil,
209 1736 299 1772 atque
310 1736 374 1763 esto
387 1733 540 1763 meamus
563 1732 744 1772 poetarum:
767 1736 797 1762 et
814 1732 899 1770 licet,
911 1735 946 1762 tu
962 1733 1071 1763 aicleus
1085 1737 1171 1764 nosti
1174 1744 1224 1763 um
1239 1734 1367 1764 Alexin.
1414 1734 1535 1772 lllejoz
1539 1753 1549 1758 -

698 1816 814 1827 aeaeaeaeaeae

820 1817 934 1827 eeeeee

127 1880 145 1908 3
169 1877 371 1908 Beverlandi
391 1877 457 1908 Ms.
479 1878 580 1909 deesse
608 1877 825 1908 Maronis-5
850 1877 890 1908 In
912 1877 1068 1908 omnibus
1087 1877 1166 1908 edd.
1192 1878 1269 1908 bella
1284 1888 1403 1910 sonare.
1431 1879 1547 1911 Heius.

86 1920 126 1950 ad
138 1920 267 1960 Paneg.
293 1921 326 1951 in
344 1920 449 1951 Prob.
467 1925 502 1951 et
526 1920 630 1962 Olyb.
657 1921 759 1951 Cous.
776 1923 852 1952 208.
875 1920 1057 1961 legendum
1074 1926 1194 1961 putat:
1220 1921 1297 1952 bella
1315 1925 1445 1952 tonare:
1471 1922 1547 1952 vide

86 1963 126 1993 ad
145 1964 270 2004 Epigg.
291 1966 322 1994 3.
341 1968 377 1994 et
393 1966 445 1995 23.
471 1964 571 2004 hujus
600 1963 698 1994 libri:
735 1964 783 1995 sic
812 1964 901 2004 conj.
923 1963 1006 1994 Ant.
1028 1964 1072 1994 de
1092 1965 1198 2004 Rooy.
1234 1964 1323 1995 Vide
1341 1965 1442 1995 etiam
1459 1965 1548 1996 Stat.

84 2006 175 2047 Sylv.
189 2016 228 2038 11.
244 2010 276 2039 7.
292 2009 345 2039 66.
359 2007 476 2038 Burm.
494 2007 534 2038 ad
552 2007 655 2038 Ovid.
670 2007 780 2038 Trist.
795 2015 834 2038 11.
851 2010 1010 2038 529.——ll
1027 2007 1142 2038 Codex
1153 2007 1336 2038 Pulmanni
1350 2018 1356 2038 :
1370 2009 1422 2039 sed
1432 2011 1548 2039 vatum.

745 2093 775 2124 N
784 2092 886 2123 OTAE

127 2162 148 2190 2
173 2159 252 2190 Cum
286 2158 376 2199 duce]
415 2159 613 2190 Domitiano
645 2158 788 2190 scillcet.

87 2208 160 2240 Lib.
178 2219 212 2240 v.
227 2202 326 2249 Epig.
343 2212 394 2239 19.
419 2210 428 2226 ‘
442 2209 622 2240 Pulchrior
632 2213 668 2239 et
681 2208 789 2249 major

87 2269 154 2301 quo
169 2260 230 2291 snb
243 2259 331 2291 duce
347 2260 477 2290 Martia
495 2259 635 2290 Roma?

127 2312 148 2341 4
172 2311 274 2341 Tanta
290 2309 378 2350 tuba]
401 2310 497 2351 Stylo
511 2315 580 2341 tam
597 2309 735 2341 heroico
751 2314 786 2341 et

88 2361 233 2392 sublimi.

130 2414 148 2441 5
173 2410 246 2441 Sint
277 2411 479 2453 Maecenates]
502 2412 569 2444 Qui
590 2411 787 2442 muneribus

86 2460 206 2501 poetas
221 2460 384 2493 afficiant.

130 2514 149 2542 7
172 2512 309 2552 Jugera]
331 2513 419 2544 Vide
431 2512 565 2553 Virgilii
584 2513 746 2553 Eclogam
762 2522 786 2544 1.

93 2566 126 2592 et
138 2570 192 2593 lx.
210 2562 376 2593 Cremona
389 2564 489 2594 Bruti
501 2568 535 2594 et
548 2563 653 2594 Cassii
669 2570 785 2604 partes

89 2620 207 2647 secuta
242 2616 412 2646 veteranis
443 2615 590 2656 Augusti
621 2616 785 2648 militibus

24 2659 29 2704 '4
87 2666 220 2706 praemii
236 2666 309 2696 loco
326 2666 491 2696 attributa
514 2666 642 2706 fuerat,
664 2667 785 2708 quibus

89 2726 165 2747 cum
200 2726 264 2747 non
291 2715 476 2755 sufficeret,

499 2717 645 2747 vicinum
670 2727 785 2758 agrum

90 2766 313 2798 Mantuanum
340 2767 471 2806 Virgilii
504 2769 649 2806 patriam
682 2769 787 2809 assig-

29 2834 31 2838 ι
90 2817 162 2847 nari
173 2817 273 2857 jussit
289 2816 471 2857 Augustus.
499 2817 622 2858 Itaque
639 2827 696 2849 suo
713 2818 787 2850 fun·

845 2157 888 2188 do
911 2157 1077 2197 spoliatus
1092 2157 1256 2196 Virgilius
1277 2158 1416 2189 Romam
1436 2159 1549 2197 petiit,

844 2207 900 2238 ubi
926 2203 1070 2248 'propter
1096 2207 1266 2247 ingenium
1294 2218 1393 2238 carus
1422 2208 1549 2239 Maece-

842 2259 928 2297 nati,
945 2268 1011 2289 non
1034 2262 1166 2288 tantum
1183 2259 1431 2298 possessionem
1454 2269 1547 2290 suam

842 2309 1057 2350 impetravit,
1071 2309 1130 2339 sed
1143 2315 1180 2340 et
1192 2319 1332 2340 munera
1343 2310 1551 2350 amplissima

842 2363 1048 2390 consecutus
1064 2364 1127 2390 est.

886 2412 906 2439 9
923 2410 1039 2440 Tuscus
1051 2409 1153 2449 eques]
1169 2409 1343 2440 Maecenas
1358 2419 1481 2450 nempe
1495 2419 1546 2441 01·-

844 2459 932 2490 dinis
945 2460 1114 2500 equestris
1131 2470 1150 2490 a
1168 2459 1306 2500 regibus
1332 2461 1485 2492 Etruscis
1499 2471 1551 2492 or-

842 2515 912 2549 tus,
942 2510 1107 2542 Horatius
1138 2520 1161 2541 1.
1186 2511 1243 2542 od.
1271 2514 1300 2542 1.
1328 2517 1363 2542 et
1393 2511 1452 2542 lib.
1480 2520 1547 2542 xu.

841 2562 943 2603 Epig.
966 2565 998 2594 4.

885 2616 925 2644 12
944 2613 983 2643 Ει
1000 2615 1138 2644 nostrum
1152 2612 1286 2652 Alexin]
1304 2612 1414 2645 Quem
1435 2617 1547 2642 tamen

842 2673 907 2694 non
921 2663 1207 2704 Maecenatis‚sed
1222 2663 1388 2694 Pollionis
1404 2673 1547 2704 puerum

841 2714 945 2746 fuisse
963 2714 1133 2746 affirmant
1163 2714 1311 2756 quidam.
1359 2713 1446 2745 Vide
1464 2714 1547 2744 Tur-

841 2768 967 2800 nebum
984 2768 1042 2800 lib.
1060 2777 1165 2801 XXIX.
1183 2778 1258 2809 cap.
1277 2770 1328 2799 14.
