1893 3225
548 258 726 288 EPIGRA
737 258 955 289 MMATUM
995 259 1086 289 [ΑΒ.
1110 260 1215 290 vill.

1523 254 1607 295 (5023

148 355 217 396 Tu
240 354 529 408 Ganymedeo
551 358 725 409 poteras
744 354 979 395 succedero
999 355 1131 404 lecto,
1580 358 1610 397 5

206 423 292 463 Sed
315 423 448 463 durus
468 423 645 463 domino
663 422 790 463 basia
811 423 904 463 sola
925 423 1066 463 dares.

148 491 275 532 Felix
297 504 395 545 quae
418 494 605 532 tenerum
625 491 811 531 vexabit
831 503 997 544 sponsa
1017 490 1236 540 maritum,

205 557 262 598 Et
284 572 384 612 quae
407 563 449 599 te
465 558 599 600 faciet
617 558 761 611 prima
779 558 925 612 puella
941 559 1083 600 virum
1100 559 1109 599 !

757 657 794 669 θ’
798 657 989 669 eemenu

147 714 166 742 4
205 711 246 742 Te
278 712 389 752 Cybele
418 722 518 743 secum
545 713 634 743 vellet
657 711 767 743 habere
801 712 951 752 Phrygoe,
978 713 1032 743 vel
1066 711 1212 752 Phryga,
1245 710 1325 742 Ald.
1366 711 1465 744 Junt.
1494 711 1608 742 Colin.

149 754 284 794 Gryph.
301 758 366 786 &a

415 755 456 785 Te
469 755 581 795 Cybele
595 765 695 785 secum
707 756 810 786 mallet
825 755 936 786 habere
954 755 1080 796 Phryge
1097 754 1278 795 legendum
1293 760 1412 786 censet
1425 754 1602 785 Brodaeus.

146 797 188 827 Te
210 798 323 837 Cybele
351 801 451 829 totum
468 799 570 828 mallet
597 798 708 828 habere
722 798 853 838 Phryga
870 798 980 829 codex
997 798 1192 836 Pulmanni,
1206 807 1280 839 quae
1302 798 1404 828 lectio
1432 798 1538 837 magis
1553 807 1606 828 ar-

146 840 238 871 ridet
266 841 490 872 Gratum—6
527 841 659 872 Securus
685 842 807 872 domino
846 841 879 871 in
915 841 995 873 edd.
1030 846 1116 874 vett.

145 882 308 928 Grutero.

1168 841 1287 872 Lectio
1311 846 1429 872 nostra
1459 840 1607 872 debetur

799 926 943 959 NOTAE

188 1001 329 1042 Nature]
367 1002 462 1033 Inter
485 1002 650 1043 nymphas
676 1012 766 1042 suas,
790 1011 848 1033 ne-

144 1061 209 1092 que
236 1052 348 1083 oculos
367 1057 443 1084 tuos
459 1054 655 1090 ulciscetur,
680 1058 718 1085 ut
742 1063 848 1095 quon-

144 1103 221 1133 dam
238 1103 426 1136 Actaeonis.

185 1156 206 1185 4
232 1154 273 1185 Te
299 1154 425 1195 Cybele]
470 1155 636 1186 Brodaeus
667 1154 846 1195 legendum

143 1209 261 1235 censet
276 1215 284 1235 ε
310 1205 351 1236 Te
375 1206 486 1247 Cybele
501 1216 602 1237 secum
617 1207 722 1237 mallet
737 1205 848 1237 habere

147 1255 283 1295 Phryge.
329 1255 406 1287 Hoc
422 1260 492 1288 est:
515 1257 562 1287 Te
587 1266 702 1288 secum
718 1256 846 1287 habere

142 1306 270 1340 mallet,
297 1314 395 1346 quam
418 1306 512 1348 Atyn
536 1307 736 1348 Phrygium.
781 1307 848 1338 Sed

143 1360 287 1392 Gruteri
299 1359 403 1390 lectio
429 1356 622 1399 praefertur‚
640 1356 787 1398 legentis
804 1360 848 1387 to-

142 1416 218 1454 tum,
235 1416 271 1443 et
287 1410 429 1452 Phryga.

947 1003 1069 1043 Totum,
1080 1003 1150 1044 ξω]
1159 1002 1238 1035 Non
1253 1005 1451 1041 castratum,
1462 1006 1500 1034 ut
1513 1000 1606 1043 Atyn

902 1054 1072 1095 quondam
1090 1063 1232 1094 puerum
1245 1063 1340 1084 suum
1356 1052 1558 1093 Phrygium.

945 1109 962 1135 5
989 1105 1198 1145 Ganymedeo,
1208 1103 1277 1145 dun]
1302 1103 1378 1135 Lib.
1396 1102 1541 1144 v.Epig.
1554 1107 1607 1134 55.

945 1158 965 1186 6
988 1155 1049 1186 Sed
1065 1157 1160 1186 durus
1176 1154 1337 1195 [Securus]
1375 1154 1453 1185 Non
1468 1163 1607 1194 suspee-

902 1209 955 1237 tus
990 1205 1131 1245 Junoni,
1167 1215 1231 1236 nee
1268 1205 1461 1246 zelotypam
1498 1205 1606 1235 Deam

904 1265 1018 1287 urens.
1065 1256 1254 1287 Gruterus:
1281 1255 1343 1286 Sed
1358 1257 1453 1286 durus
1468 1255 1608 1286 domino.-

903 1307 960 1337 vix
994 1306 1089 1338 basia
1112 1317 1131 1337 a
1158 1311 1192 1338 te
1218 1307 1422 1347 impetraret
1453 1306 1605 1348 Jupiter,

902 1357 1028 1389 nedum
1044 1357 1127 1399 quid
1139 1357 1296 1389 ulterius.

770 1506 979 1549 XLVII.

528 1597 580 1627 1N
616 1597 771 1626 VARIE
804 1597 860 1626 SE
892 1595 1216 1625 ToNDENTEM.

144 1668 282 1709 PARS
305 1665 583 1708 maxillarum
604 1668 732 1705 tonsa
752 1667 821 1705 est
844 1664 942 1713 tibi,
965 1676 1070 1717 pars
1090 1662 1171 1703 tibi
1192 1674 1294 1703 rasa
1313 1666 1394 1712 est,

200 1735 311 1776 Pars
328 1734 458 1775 vulsa
478 1737 570 1773 est:
601 1745 738 1772 unum
760 1732 862 1785 quis
882 1733 1008 1785 putet
1027 1742 1126 1771 esse
1149 1730 1318 1783 caput?

185 1868 270 1898 Pars
293 1874 444 1905 genarum
460 1867 548 1895 tonsa
569 1862 699 1904 esttibi,
720 1873 797 1905 pars
819 1874 891 1895 rasa
910 1866 957 1895 est
979 1862 1050 1902 tibi,
1062 1872 1138 1903 pars
1149 1864 1237 1894 vulsa
1253 1866 1320 1895 est:
1343 1862 1412 1903 quis
1421 1863 1527 1894 credat
1541 1872 1604 1894 esse

142 1920 235 1942 unum
249 1912 339 1950 caput
349 1906 364 1940 ἲ

753 1959 991 1971 “nomm

184 2016 325 2048 Nullam
339 2014 496 2047 lectionis
509 2013 710 2046 varietatem
726 2013 762 2044 in
778 2013 841 2045 hoc
859 2012 1115 2054 Epigrammate
1132 2011 1282 2055 produnt
1294 2011 1517 2054 exemplaria.

798 2099 940 2132 NOTAE

186 2171 201 2199 1
219 2168 301 2198 Pars
312 2165 532 2206 maxillarum]
541 2165 740 2207 Forcipibus
749 2166 842 2197 nimi-

141 2228 227 2258 rum,
251 2217 370 2259 quibus
397 2216 582 2247 utebantur
601 2216 747 2256 juvenes
771 2217 843 2257 jam

142 2269 250 2301 adulti
265 2280 273 2300 2
308 2278 381 2299 rasa
396 2267 562 2298 novacula
580 2267 727 2307 scilicet,
742 2277 843 2308 quam

143 2319 352 2351 adhibebant
396 2318 461 2349 viri
484 2328 491 2348 :
547 2319 644 2358 vulsa,
695 2317 844 2349 volselliS

141 2379 277 2412 nempe,
312 2369 435 2412 quibus
461 2367 607 2400 foeminae
629 2372 664 2400 et
690 2368 844 2409 juniores

897 2165 1095 2198 utebantur.
1141 2166 1226 2198 Cum
1251 2175 1333 2206 ergo
1362 2164 1533 2206 triplicem
1559 2164 1602 2195 is-

899 2221 968 2248 tam
986 2222 1125 2248 aetatem
1148 2217 1263 2258 capite
1283 2227 1343 2248 suo
1368 2215 1512 2248 referret
1537 2216 1604 2256 hic,

899 2269 1049 2310 quisquis
1066 2268 1182 2309 fuerit,
1206 2279 1272 2300 non
1293 2278 1408 2309 uuum,
1427 2268 1528 2300 immo
1545 2267 1603 2299 tri-

899 2319 991 2360 plex,
1005 2325 1108 2361 caput
1123 2320 1250 2352 habere
1265 2319 1458 2352 videbatur.

752 2502 986 2545 XLVIII.

589 2592 651 2621 DE
684 2591 882 2624 ABoLLA
917 2594 1153 2625 CRlsPJNl.

145 2657 333 2700 NEscrr
355 2657 428 2698 cui
449 2657 621 2700 dederit
641 2660 821 2715 Tyriam
845 2662 1079 2718 Crispinus
1101 2664 1306 2714 abollam‚

202 2725 322 2766 Dum
340 2728 481 2766 mutat
500 2726 659 2779 cultus,
679 2728 958 2784 induiturque
979 2735 1140 2785 togam.

193 2829 359 2871 Crispinus
373 2829 511 2872 ignorat,
524 2831 576 2863 cui
592 2833 713 2866 dederit
722 2844 910 2876 purpuream
925 2836 1054 2869 abactam
1069 2836 1313 2878 custodiendam,
1330 2837 1403 2868 dum
1411 2837 1511 2867 mutat
1525 2844 1602 2867 suos
