1893 3225
325 238 414 281 826
798 251 847 279 M.
880 250 993 280 VAL.
1028 251 1303 282 MARTIALIS

331 346 628 398 Quincunces,
650 350 695 386 et
712 359 795 387 sex
817 347 1017 401 cyathOS,
1039 348 1299 402 bessemque
1315 349 1534 400 bibamus,

386 413 523 455 Caius
547 419 591 454 ut
612 413 691 455 fiat
709 415 872 466 Julius,
897 419 940 456 et
964 416 1191 456 Proculus.

329 514 409 553 thos,
430 517 459 544 et
476 513 601 553 bessem,
623 513 727 555 utfiat
747 515 842 545 Caius
860 515 980 553 Julius,
996 519 1027 546 et
1047 515 1205 546 Proculus.

978 590 1123 621 NOTAE

369 655 387 683 7
406 653 613 693 Quincunces]
638 653 689 684 De
702 654 765 685 hoc
781 654 919 685 bibendi
935 665 1027 686 inore
1083 655 1226 696 cyathiS‚
1240 658 1369 695 septem
1385 655 1520 687 Justina
1538 655 1694 687 bibatur?

328 702 455 734 dictum
473 703 529 734 lib.
546 712 568 733 1.
596 703 695 744 Epig.
710 707 763 734 72.
809 706 817 721 ‘
832 705 953 736 Naevia
968 715 1026 736 sex

912 902 1191 944 xxxvii.
1661 906 1669 912 ··
1784 882 1832 924 s*

907 992 956 1022 IN
993 994 1197 1023 ZOILUM.

330 1059 503 1108 ZOILE,
524 1059 631 1112 quid
653 1064 752 1100 tota
773 1073 988 1112 gemmam
1012 1062 1276 1114 praecingere
1298 1061 1410 1102 libra

382 1126 446 1167 Te
460 1126 604 1180 juvat,
627 1132 671 1166 et
692 1128 898 1168 miserum
921 1128 1102 1181 perdere
1126 1128 1404 1182 Sardonycha
1421 1130 1440 1169 ‘?

328 1192 530 1234 Annulus
552 1194 633 1234 iste
653 1195 740 1234 tuis
762 1195 904 1236 fuerat
924 1195 1053 1235 modo
1079 1197 1285 1236 cruribus
1309 1200 1437 1250 aptus
1455 1212 1463 1236 ε

385 1261 489 1301 Non
513 1261 665 1301 eadem
683 1262 830 1314 digitis
853 1262 1049 1316 pondera
1071 1264 1353 1305 conveniunt.

372 1372 402 1401 0
418 1371 515 1408 Ζοὶἱε,
528 1371 601 1411 quid
616 1373 744 1410 tejurat
760 1372 950 1403 circumdare
962 1382 1114 1410 gemmam
1127 1374 1253 1412 integra
1268 1374 1348 1405 libra
1363 1375 1449 1414 auri,
1460 1378 1490 1405 et
1504 1375 1630 1414 perdere
1641 1375 1783 1405 miserum

329 1414 543 1454 sardonyche?
562 1415 653 1454 paulo
665 1418 736 1445 unte
751 1415 810 1445 iste
824 1417 954 1445 stimulus
975 1420 1156 1446 convenerat
1180 1417 1244 1447 tuis
1267 1417 1431 1448 cruribus:
1452 1427 1512 1448 non
1535 1419 1637 1448 eadem
1650 1419 1784 1457 pondera

327 1462 401 1498 apta
410 1460 482 1487 sunt
495 1457 616 1496 digitis.

935 1510 971 1521 Ν
976 1509 1168 1521 οοοοοοοοο

370 1556 388 1583 3
409 1554 494 1584 Tuus
508 1553 573 1583 Ms-
590 1553 723 1584 Beverl.

981 1598 1119 1630 NOTAE

371 1665 386 1692 1
415 1660 500 1696 Quid
510 1661 752 1701 totagemmam]
775 1661 948 1693 Juvenalis
959 1663 1028 1695 Sat.
1127 1667 1145 1695 3
1170 1665 1311 1695 Anuulus
1326 1664 1400 1705 iste]
1425 1664 1514 1695 Vide
1529 1663 1587 1695 lib.
1612 1673 1669 1695 111.
1686 1663 1785 1704 Epig.

328 1722 353 1745 1.
369 1712 416 1743 sic
441 1712 612 1742 invehitur
628 1712 660 1742 in
678 1713 892 1752 Crispinum:
916 1715 925 1730 ‘
938 1714 1028 1745 Ven-
1083 1716 1135 1745 29.
1180 1715 1189 1731 ‘
1209 1714 1280 1745 Has
1298 1725 1372 1745 cuin
1390 1715 1523 1754 gemina
1547 1714 1709 1755 compede
1727 1714 1784 1744 de-

328 1763 404 1793 tilet
434 1762 588 1793 aestivum
614 1763 728 1802 digitis
758 1763 956 1794 sudantibus
973 1774 1029 1795 au-
1083 1765 1177 1797 dicat
1210 1770 1361 1805 catenas,
1387 1766 1544 1806 Saturne,
1570 1766 1631 1796 tibi
1658 1766 1786 1805 Zoilus,

328 1824 413 1853 rum,
431 1815 505 1845 Nec
521 1813 663 1844 sufferre
675 1819 777 1855 queat
793 1814 929 1854 majoris
946 1825 1028 1856 pon·
1083 1816 1222 1846 annulos
1241 1816 1395 1857 priores!
1443 1816 1529 1847 Nam
1545 1826 1587 1847 ex
1604 1826 1702 1847 servo
1717 1816 1785 1848 fac-

328 1865 410 1895 dera
429 1862 592 1904 gemmae?
1083 1869 1136 1896 tus
1153 1872 1227 1897 erat
1243 1877 1347 1908 eques
1369 1867 1495 1907 Zoilus,
1517 1867 1614 1908 cujus
1631 1867 1785 1898 cruribus

370 1918 389 1945 2
415 1916 457 1945 Ec
474 1914 632 1954 miserum]
668 1914 744 1945 Hoc
773 1918 836 1954 est,
853 1915 1026 1947 occultare
1081 1917 1186 1957 magis
1211 1928 1310 1959 quam
1325 1918 1440 1959 digitis
1465 1919 1712 1950 conveniebant
1728 1928 1785 1949 an-

327 1966 429 1997 nimio
446 1975 539 1997 auro.
1081 1968 1172 2006 nuli;
1188 1968 1258 1999 sive
1274 1969 1417 2008 anulz'‚ut
1429 1969 1626 2001 scribebant
1639 1974 1784 2001 veteres.

912 2109 1199 2152 XXXVIII

785 2200 848 2228 DE
883 2200 1113 2230 MULIONE
1144 2201 1321 2231 SURDO.

334 2266 418 2306 ΜΗ
432 2277 507 2306 ωο
531 2266 685 2318 viginti
707 2267 825 2306 venit
847 2267 978 2307 modo
998 2267 1208 2316 millibus,
1228 2266 1359 2308 Aule.

389 2334 570 2374 Miraris
593 2334 784 2387 pretium
805 2337 894 2374 tam
915 2336 1078 2387 grave?
1112 2335 1273 2375 surdus
1295 2338 1399 2375 orat.

373 2422 474 2452 Paulo
499 2425 571 2452 ante
586 2422 679 2452 mulio
699 2422 843 2452 venditus
857 2425 901 2452 est
920 2423 1033 2462 viginti
1050 2423 1194 2463 millibus,
1217 2423 1316 2454 Aule:
1340 2432 1380 2454 an
1398 2422 1522 2454 miraris
1539 2424 1705 2454 mercedem
1717 2425 1781 2454 tam

329 2462 514 2504 ingentem?
536 2469 603 2495 erat
619 2465 740 2496 surdus.

372 2575 387 2602 1
406 2571 505 2602 Aucie
521 2570 575 2602 ed.
593 2571 695 2603 Barb.
712 2572 810 2603 etsie
828 2572 884 2602 alii
900 2572 1031 2612 legunt,
1043 2576 1183 2604 notante
1199 2573 1345 2604 Farnab.

988 2647 1128 2679 NOTAE

373 2713 392 2741 2
416 2710 536 2741 Surdus
566 2711 648 2751 erat]
674 2711 787 2753 Atque
820 2712 868 2742 ita
898 2711 1030 2742 delator
1085 2712 1183 2744 nibus
1199 2713 1248 2744 sni
1263 2713 1388 2745 domini
1408 2723 1426 2744 a
1449 2721 1614 2754 quoquam
1637 2712 1782 2743 interro-

331 2772 404 2793 esse
420 2762 595 2802 nequibat,
619 2762 643 2791 si
668 2761 755 2794 forte
782 2763 855 2802 ejus
880 2761 1031 2792 dominus
1087 2763 1214 2805 grandus
1230 2769 1314 2796 erat.

333 2813 470 2844 liberius
488 2813 567 2854 quid
586 2813 746 2851 dixissct3
783 2824 844 2845 nec
863 2813 904 2844 de
923 2814 1032 2845 crimi-
