1893 3225
262 218 346 259 ’714
743 230 793 260 Μ.
826 230 936 262 VAL.
970 231 1245 264 MAnriAnis

924 395 1053 437 CIII.

817 485 884 514 AD
919 486 1153 516 PHOEBUM.

262 547 743 598 QUADRINGENTORU
754 564 787 592 M
809 551 955 593 reddis
976 553 1098 603 mihi,
1121 552 1307 604 Phoebe,
1327 554 1537 597 tabellas:

320 616 507 659 Centum
529 619 587 660 da
607 621 756 674 potius
777 625 944 671 mutua,
967 621 1153 673 Phoebe,
1175 622 1298 662 mihi.

265 685 430 735 Quaere
451 687 604 737 alium,
632 690 703 729 cui
727 693 768 729 te
792 693 879 729 tam
894 702 1009 730 vano
1030 702 1208 730 munere
1220 690 1384 744 jactes:

324 752 460 804 Quod
482 756 564 796 tibi
585 770 672 797 non
697 770 883 811 possum
905 758 1093 808 solvere,
1116 759 1302 810 Phoebe,
1324 772 1468 801 meum
1490 764 1571 802 est.

305 873 336 905 O
354 874 480 913 Phoebe,
502 876 605 906 reddis
621 876 696 906 mihi
723 878 849 908 tabellas
874 879 1191 918 quadringentorum.-
1215 888 1234 909 o
1258 878 1384 919 Phoebe,
1403 880 1507 919 potius
1533 880 1622 911 crede
1645 878 1722 910 mihi

260 921 391 949 centum·
439 920 551 954 Qaoere
566 920 673 958 alium,
696 922 777 959 apud
792 931 879 961 quem
896 925 925 952 te
939 925 1073 953 ostentes
1092 926 1155 953 tam
1170 933 1248 953 rano
1265 923 1363 952 dono:
1389 931 1408 954 o
1425 922 1552 962 Phoebe,
1573 924 1653 963 qaod
1671 932 1726 953 ne-

269 971 346 1001 queo
358 963 486 1003 solvere,
499 962 635 1002 pertinet
650 964 690 993 acl
705 973 762 993 me.

927 1007 1072 1039 NOTAE

306 1071 319 1098 l
349 1068 671 1110 Quadringentorum]
696 1070 856 1111 Ejusdem
870 1080 967 1112 argu-
1066 1074 1086 1103 2
1111 1072 1163 1103 Da
1184 1073 1304 1114 potins]
1327 1072 1376 1104 Ut
1392 1071 1544 1104 liberalis
1558 1071 1729 1104 habearis.

259 1119 366 1149 menti
379 1124 432 1150 est
443 1120 542 1160 Epig.
557 1120 684 1151 anub.
703 1131 784 1153 vnt.
1064 1126 1084 1153 4
1111 1124 1200 1158 Quod
1227 1123 1286 1154 tibi
1305 1123 1381 1163 non]
1421 1124 1521 1164 Epig.
1545 1126 1576 1155 3.
1600 1123 1659 1154 lib.
1684 1132 1726 1154 11.

306 1169 460 1211 Tabellas]
475 1171 708 1212 Syngrapham
722 1172 887 1214 intellige,
900 1184 966 1215 qua
1023 1173 1032 1190 ‘
1046 1174 1166 1213 Sexte,
1183 1174 1264 1204 nihil
1277 1174 1402 1212 debes3
1425 1174 1598 1214 nildebes,
1611 1174 1728 1213 Sexte,

258 1220 453 1261 constabat,
472 1222 670 1254 Martialem
691 1223 822 1256 Phoebo
840 1225 967 1257 debere
1022 1224 1191 1257 fatemur:
1215 1225 1331 1257 Debet
1342 1225 1444 1266 enim,
1454 1226 1482 1258 si
1494 1226 1568 1267 quis
1581 1226 1728 1266 solvere,

259 1272 524 1314 quadringenta.
1025 1275 1142 1314 Sexte,
1160 1276 1300 1315 potest.'

933 1414 1059 1455 CIV.

679 1504 741 1533 nn
774 1503 982 1533 GEMINIS
1018 1503 1315 1534 FRATRIBUS.

260 1566 386 1617 QUAE
408 1582 525 1611 nova
545 1574 634 1612 tam
658 1571 827 1612 similes
846 1572 992 1624 genuit
1013 1572 1109 1622 tibi,
1133 1572 1275 1622 Leda,
1297 1571 1555 1613 ministros?

318 1635 433 1686 Quae
457 1643 591 1693 capta
609 1644 679 1680 est
698 1640 788 1681 alio
811 1639 933 1681 nuda
952 1640 1146 1681 Lacaena
1167 1654 1304 1695 cycno
1321 1641 1338 1681 ‘l

261 1703 355 1745 Dat
375 1705 534 1747 faciem
556 1707 725 1749 Pollux
749 1707 906 1757 Hiero,
928 1708 1003 1749 dat
1024 1707 1186 1750 Castor
1208 1708 1380 1750 Asino:

313 1771 461 1827 Atque
482 1775 526 1814 in
545 1778 731 1829 utroque
751 1777 862 1817 nitet
882 1776 1109 1831 Tyndaris
1132 1790 1208 1818 ore
1230 1790 1365 1818 soror.

259 1838 357 1881 Ista
377 1841 671 1896 Therapnaeis
693 1844 731 1884 si
751 1843 892 1884 forma
912 1843 1071 1885 fuisset
1090 1842 1315 1898 Amyclis,
1704 1843 1732 1883 5

316 1907 429 1950 Cum
450 1910 594 1952 vicere
614 1911 728 1953 duas
745 1912 865 1953 dona
886 1912 1056 1952 minora
1081 1912 1206 1953 Deas
1226 1926 1237 1964 ;

305 2009 384 2044 Quae
398 2019 476 2041 nora
492 2010 578 2042 Leda
603 2013 721 2052 peperit
738 2012 795 2044 tibi
822 2023 926 2044 servos
942 2017 1005 2044 tam
1030 2013 1169 2052 similes?
1195 2014 1274 2049 Quoe
1290 2013 1425 2044 Lacaena
1441 2011 1521 2043 arsit
1544 2011 1640 2042 alium
1665 2021 1733 2052 cyc-

257 2050 353 2082 vmm?
376 2053 493 2084 Pollua·
506 2057 675 2087 commodat
690 2057 808 2087 meltum
827 2056 938 2095 Hiero,
957 2057 1070 2087 Castor
1085 2058 1255 2087 commodat
1270 2056 1393 2087 Asillo:
1417 2059 1447 2087 et
1471 2065 1559 2085 soror·
1576 2054 1731 2096 Tyndaris

259 2095 339 2127 nitet
354 2095 387 2127 in
402 2106 453 2127 ore
468 2098 639 2139 utrimque.
687 2099 725 2130 Si
741 2100 814 2130 talis
834 2100 1031 2140 pulchritudo
1041 2100 1161 2138 fuisset
1178 2099 1377 2140 Therapnaez's
1392 2098 1545 2140 Amyclis,
1567 2107 1635 2129 cum
1651 2099 1731 2128 dona

880 2174 1116 2185 eeeeeeeeeeee

299 2227 315 2255 1
342 2224 447 2256 Hunc
477 2235 524 2258 vs.
556 2227 605 2258 sic
633 2227 721 2259 citat
748 2227 869 2260 Heius.
897 2228 939 2260 ad
966 2228 1068 2260 Ovid.
1093 2229 1159 2269 Ep.
1176 2237 1239 2260 xx.
1255 2231 1309 2259 62.
1365 2228 1406 2263 Q.
1426 2238 1459 2258 η.
1476 2231 1500 2258 t.
1517 2237 1594 2266 ag.
1612 2226 1673 2258 sibi
1689 2226 1731 2257 L.

258 2267 416 2300 Laconas.-
441 2268 511 2309 ubi,
525 2269 584 2306 ait,
599 2280 625 2301 s.
643 2271 703 2302 tibi
719 2281 899 2312 perperam
915 2272 1053 2312 legitur,
1070 2277 1105 2302 et
1117 2273 1266 2303 Lacones.
1289 2270 1480 2302 Somniavit
1495 2269 1731 2311 proculdubio

258 2311 322 2341 Vir
348 2311 486 2343 doctus:
526 2322 603 2344 nam
643 2313 677 2344 in
708 2324 798 2347 omn.
828 2314 907 2346 edd.
950 2315 1075 2355 legitur
1112 2314 1351 2346 ministros.—2
1390 2314 1486 2344 Nuda
1513 2312 1613 2344 codd.
1646 2313 1727 2343 Pul-

258 2355 373 2385 manui
388 2359 423 2384 et
438 2355 576 2387 Beverl.
620 2357 678 2388 Sic
695 2357 777 2397 legit
804 2358 951 2390 Scriver.
976 2363 1011 2389 et
1028 2357 1112 2388 dant
1136 2357 1253 2388 Maitt.
1273 2362 1308 2387 et
1331 2357 1509 2387 Schrevel.
1546 2356 1657 2396 Nupta
1673 2365 1732 2386 ex-

256 2397 375 2428 hibent
393 2397 468 2429 aliae
485 2398 563 2430 edd.
612 2399 826 2441 Alio..cygno
851 2405 998 2441 praestat
1014 2401 1122 2432 codex
1140 2399 1277 2431 Beverl.
1294 2404 1331 2431 et
1346 2400 1433 2440 legit
1455 2399 1628 2430 Schrevel.
1675 2397 1731 2429 Ab

258 2441 334 2472 aliis
347 2444 694 2482 transponuntur.—'-3
713 2444 814 2474 Puero
830 2444 907 2476 cod.
926 2443 1123 2485 Pulmanni,
1139 2447 1176 2475 et
1191 2442 1281 2475 Asilo
1297 2442 1375 2476 cod.
1391 2443 1594 2475 Beverl.—7
1616 2441 1731 2473 Urbem

930 2529 1073 2563 NOTAE

302 2596 319 2624 1
345 2592 465 2624 Genuit
476 2592 552 2634 tibi]
565 2593 689 2625 Nescio
702 2604 802 2636 quem
816 2595 967 2636 alloqua-
1065 2596 1085 2625 4
1112 2594 1268 2635 Tyndaris
1288 2593 1391 2634 soror]
1414 2593 1491 2624 Hoc
1507 2596 1574 2632 est,
1597 2592 1732 2623 Helena

258 2644 450 2677 tanoeta.
494 2644 597 2676 Ledae
613 2645 883 2678 Lacedaemoniae
902 2646 966 2678 his·
1023 2646 1173 2678 Castoris
1190 2649 1225 2676 et
1247 2645 1398 2676 Pollucis
1416 2654 1525 2685 soror,
1548 2644 1645 2677 Jovis
1661 2642 1732 2674 filia

260 2696 348 2728 toria
362 2695 444 2727 satis
462 2702 545 2727 nota
559 2701 625 2736 est,
641 2707 715 2738 quoe
728 2707 864 2739 nempe,
877 2708 967 2729 com-
1021 2707 1064 2728 ex
1080 2695 1175 2728 Leda
1204 2706 1312 2727 uxore
1332 2696 1495 2737 Tyndari,
1511 2695 1600 2736 regis
1626 2696 1732 2727 Laco-

258 2756 374 2788 pressa
399 2756 419 2778 a
448 2747 536 2779 Jove
569 2748 669 2788 cycni
699 2747 811 2780 forma
833 2748 967 2789 induto,
1023 2748 1101 2779 niae.

257 2797 394 2839 peperit
418 2797 595 2831 Pollucem
619 2803 654 2830 et
669 2799 855 2832 Castorem.
1064 2803 1082 2828 5
1110 2799 1177 2829 Ista
1189 2796 1403 2839 Therapnaeis]
1427 2797 1548 2830 Castor
1561 2801 1596 2829 et
1608 2796 1729 2829 Pollux
