1924 3225
288 236 373 277 526

763 243 814 274 M.
847 242 957 272 VAL.
994 240 1268 273 MARTIALIS

291 341 532 383 Excrucias
554 339 698 381 multis
717 339 882 393 pariter
897 351 966 380 me
986 342 1117 392 teque
1138 337 1317 378 diebus:

348 409 403 449 Et
424 412 500 450 tua
522 409 577 450 de
598 413 760 457 nostro,
788 407 956 456 Prisce,
978 405 1139 447 Thalia
1157 406 1320 459 placet.

290 477 518 519 Divitibus
538 477 706 530 poteris
729 474 903 524 Musas,
924 474 1158 527 elegosque
1176 476 1382 514 sonantes
1719 473 1750 515 5

349 544 554 586 Mittere:
586 544 859 599 pauperibus
884 555 1067 584 munera
1084 554 1203 596 pexa
1223 540 1348 582 dato.

289 683 384 712 mero,
397 677 428 704 et
441 677 471 704 te
483 676 513 704 et
525 682 572 703 me
586 672 733 703 similiter
743 669 904 702 exanimas
918 669 1023 701 multis
1033 669 1156 700 diebus.-
1171 670 1201 699 et
1216 671 1272 698 tua
1286 666 1408 705 Thalia,
1423 675 1442 696 o
1460 666 1583 705 Prisce,
1599 665 1661 697 tibi
1674 676 1750 706 gra·

290 721 323 747 tu
339 720 385 748 est
407 727 473 747 cum
495 719 598 746 nostro
616 714 807 755 dispendio.
851 713 974 744 Licebit
988 713 1111 744 mittere
1128 710 1328 752 locupletibus
1342 710 1463 749 Musas,
1484 713 1575 750 utque
1589 710 1691 750 elegos
1701 720 1751 741 so·

292 763 416 791 nantes.-
440 760 557 799 largire
573 759 678 798 egenis
691 767 818 789 munera
831 766 927 797 pexa.

904 835 999 846 eme
1002 834 1137 846 οΝΝΝ

334 895 354 922 4
381 891 499 929 Prisce,
511 891 622 922 Thalia
637 893 719 922 tacet
735 889 844 922 codex
861 889 1068 928 Pulmanni;
1092 893 1128 920 et
1157 888 1206 919 sic
1232 887 1319 929 legit
1340 885 1490 919 Turneb.
1521 885 1666 918 Advers.
1691 886 1752 920 lib.

293 944 398 966 xxxv.
425 936 625 974 cap.28.—6
648 933 854 964 Beverlaudi
870 933 934 963 Ms.
962 942 1100 971 munera,
1135 932 1256 970 Prisce,
1280 933 1366 962 datu.
1390 931 1424 962 J.
1444 930 1605 962 Vossius:
1627 940 1754 961 munera

290 980 383 1018 plena
394 978 487 1013 duto3
509 981 543 1007 et
559 977 819 1016 interpretatur,
832 985 897 1006 non
914 981 1033 1006 ornata
1049 980 1083 1006 et
1097 975 1203 1015 polita
1219 975 1327 1005 instar
1348 974 1533 1013 Elegoruru
1548 974 1754 1010 sonantium,

293 1021 353 1051 sed
371 1029 485 1050 crassa
501 1025 535 1050 et
551 1020 689 1060 pinguia
710 1024 746 1050 et
767 1018 957 1059 incondita,
981 1018 1095 1058 magni
1124 1021 1278 1048 attamen
1309 1016 1483 1058 ponderis.
1528 1015 1600 1048 Alii
1616 1017 1752 1058 legunt:

294 1073 422 1094 munera
437 1064 530 1103 plana
545 1064 627 1093 dato.

953 1151 1095 1184 NOTAE

339 1223 355 1249 1
382 1219 602 1249 Commendare
630 1215 732 1256 tuum]
774 1216 864 1246 Dum
905 1214 997 1246 enim

294 1269 454 1300 Carmina
465 1267 685 1298 meditaretur
695 1265 847 1306 Priscus,
859 1264 995 1297 interim

294 1326 412 1351 noster
426 1318 535 1350 Poeta
550 1317 686 1359 egebat.

338 1374 358 1401 2
382 1368 533 1409 Moeonio]
550 1369 618 1400 Cur
631 1367 802 1399 Homerus
815 1370 998 1398 vocaretur

295 1421 463 1453 Maeonius
479 1420 606 1451 dictum
620 1419 721 1460 Epig.
735 1421 786 1449 10.
803 1418 862 1450 lib.
875 1428 911 1450 v.

338 1476 357 1503 4
383 1473 425 1502 Et
442 1474 497 1501 tua
524 1472 561 1501 de
580 1469 698 1509 nostro]
723 1469 769 1501 Et
791 1468 853 1500 tibi
874 1469 998 1510 jucun·

297 1523 375 1554 dum
391 1528 444 1554 est
460 1522 615 1554 meditari
638 1522 796 1553 Carmina
817 1532 894 1552 cnm
921 1532 999 1554 meo

295 1574 440 1605 damno:
465 1582 585 1604 munus
599 1573 690 1603 enim
714 1572 915 1613 promissum
932 1581 998 1604 non

295 1626 413 1656 mittis.
457 1623 639 1654 Turnebus
655 1623 713 1655 lib.
731 1633 925 1665 xxrv.cap.
942 1627 998 1655 28.

295 1677 390 1717 legit,
417 1675 530 1707 ΤΙιιιΙία
551 1678 645 1706 tacet.
691 1675 794 1708 Quod
821 1676 923 1714 enim,
950 1676 999 1706 in-

296 1727 382 1769 quit,
417 1735 532 1757 versus
564 1734 601 1756 se
635 1725 787 1756 scribere
821 1729 1000 1756 accuratos

1052 1214 1226 1246 simularet
1240 1214 1393 1255 Priscus,
1406 1215 1462 1246 vel
1489 1214 1592 1246 etiam
1614 1215 1758 1248 medita-

1052 1271 1160 1305 retur,
1186 1275 1248 1297 uec
1280 1265 1417 1297 interea
1437 1265 1527 1297 dona
1550 1266 1758 1307 remitteret,

1052 1317 1222 1348 silentium
1245 1317 1317 1358 ejus
1347 1317 1471 1348 merito
1507 1316 1573 1348 sibi
1610 1327 1760 1360 conque-

1053 1368 1140 1399 ritur
1162 1368 1363 1399 damnosum
1392 1368 1577 1401 Martialis.
1616 1368 1759 1402 Judicet

1052 1419 1176 1450 lector.

1094 1473 1115 1502 6
1139 1471 1274 1501 Munera
1308 1470 1405 1511 pexa]
1439 1471 1595 1502 Raderus
1626 1475 1759 1503 vestem

1053 1531 1178 1563 pexam
1198 1521 1373 1561 intelligit.
1418 1520 1508 1552 Vide
1522 1521 1582 1552 lib.
1601 1530 1643 1554 11.
1659 1522 1760 1562 Epig-

1053 1575 1108 1603 58.
1152 1572 1288 1612 Legunt
1315 1571 1371 1602 alii
1394 1572 1503 1612 plana,
1529 1571 1565 1602 id
1593 1576 1659 1611 est,
1684 1572 1760 1603 sine

1055 1622 1283 1654 Carminibus.
1328 1621 1399 1653 Alii
1420 1623 1526 1662 plena,
1547 1622 1611 1654 hoc
1627 1626 1695 1663 est,
1710 1623 1762 1654 in-

1055 1673 1130 1714 quit
1157 1673 1357 1712 Fan-nablas,
1385 1683 1528 1714 quorum
1557 1673 1668 1715 gratia
1692 1683 1760 1706 non

1055 1723 1255 1755 diminuitur
1267 1733 1373 1755 mora.

929 1912 1139 1955 XLVII.

747 2013 815 2044 AD
850 2014 1085 2045 LICINIUM
1120 2015 1308 2045 SURAM.

301 2090 586 2132 DocTORUM
607 2091 754 2133 Licini
775 2092 1057 2134 celeberrime
1080 2093 1192 2135 Sura
1212 2094 1420 2144 virorum,

357 2158 496 2214 Cujus
515 2160 666 2214 prisca
686 2174 844 2214 graves
874 2161 1023 2214 lingua
1044 2160 1218 2202 reduxit
1239 2173 1367 2211 aVOS,

343 2274 373 2306 Ο
390 2275 495 2306 Licini
506 2276 602 2318 Sura,
613 2276 809 2309 celeberrime
830 2277 988 2309 hominum
1010 2277 1215 2318 eruditorum,
1231 2277 1317 2317 cujus
1332 2278 1459 2319 antiqua
1485 2278 1593 2318 lingua
1607 2278 1763 2310 revocavit

914 2362 1052 2375 metu

1054 2362 1154 2374 ’’’’’

344 2413 396 2444 Ad
407 2414 563 2446 Licinium
580 2417 777 2448 inscribitur
794 2418 827 2448 in
843 2417 924 2448 Ald.
947 2417 1046 2449 Junt.
1073 2417 1186 2449 Colin.
1213 2417 1350 2457 Gryph.
1374 2417 1534 2449 Pulman.
1550 2417 1659 2458 Lang.
1676 2418 1764 2448 aliis.

300 2460 361 2487 —l
388 2457 427 2489 In
452 2458 586 2490 iisdem:
611 2461 818 2501 celeberrime,
839 2471 955 2492 summe
976 2461 1126 2491 virorum.

1185 2461 1382 2492 Lectiouem
1408 2466 1560 2492 nostram
1592 2466 1762 2492 testantur

966 2547 996 2578 N
1004 2546 1108 2578 OTAE

346 2611 363 2639 1
389 2608 508 2651 Licini]
532 2610 637 2652 Cujus
667 2612 878 2644 mentionem
918 2612 1007 2645 facit
1060 2617 1119 2644 tna
1135 2611 1387 2653 dignissimam?

303 2658 435 2689 Plinius
472 2660 592 2692 Junior
629 2661 686 2693 lib.
716 2672 765 2694 1v.
804 2664 916 2705 Epist.
954 2667 1007 2696 30.

1433 2612 1569 2653 Legunt
1595 2612 1667 2643 alii:
1691 2613 1766 2643 cele-

1059 2663 1346 2704 berrime‚summe,
1362 2672 1438 2704 quae
1462 2663 1566 2695 lectio
1589 2672 1656 2695 non
1675 2663 1767 2694 vidc-

308 2712 317 2726 ‘
335 2707 447 2739 Attuli
465 2710 548 2749 tibi‚¹
573 2712 696 2753 inquit,
725 2723 848 2755 nempe
873 2716 1007 2746 Licinio
1060 2719 1117 2745 tur
1133 2714 1232 2745 bona.

304 2760 414 2799 Surae,
429 2762 437 2776 ⁴
452 2770 494 2792 ex
514 2762 623 2802 patria
638 2773 715 2794 mea
728 2774 789 2804 pro
806 2767 1009 2797 munusculo

1102 2768 1122 2797 2
1150 2765 1246 2803 Cujus
1258 2764 1376 2807 prisca]
1398 2767 1504 2807 Cujus
1523 2767 1636 2798 oratio
1653 2767 1765 2808 gravi-

306 2811 526 2852 quaestionem
544 2812 708 2845 altissima
734 2814 801 2846 ista
817 2816 1010 2847 eruditione
1061 2820 1169 2848 tatem
1186 2821 1221 2847 et
1232 2826 1342 2848 mores
1359 2817 1570 2858 antiquorum
1588 2818 1690 2858 sapit.
