1893 3225
245 224 330 266 770
722 234 772 262 M.
805 233 916 263 VAL.
951 232 1226 263 MAariAms

1668 327 1696 366 CT(

360 329 430 370 An
452 328 576 369 vultu
597 327 763 368 similes
787 327 982 368 videmur
1002 327 1135 368 esse?

357 397 426 437 Tu
447 396 568 437 flexa
587 395 752 436 nitidus
774 409 904 436 coma
924 395 1098 448 vagaris
1116 409 1127 445 3

360 463 582 517 Hispanis
604 476 685 517 ego
707 468 949 504 contumax
974 464 1166 517 capillis.

359 532 493 572 Levis
517 531 709 585 dropace
731 535 778 572 tu
801 530 1086 584 quotidiano:

362 599 564 640 Hirsutis
587 612 668 651 ego
690 599 905 648 cruribus,
927 598 1159 650 genisque.

357 667 422 707 Os
442 667 625 707 blaesum
647 666 739 713 tibi,
762 665 1012 717 debilisque
1034 664 1189 716 lingua
1210 667 1301 703 est:
1642 664 1697 705 10

356 733 505 774 Nobis
527 732 622 773 filia
642 732 799 773 fortius
821 732 1038 784 loquetur.

354 801 467 842 Tam
488 800 638 855 dispar
658 799 821 853 aquilae
843 799 1052 839 columba
1073 811 1158 839 non
1178 805 1259 847 est,

357 869 456 911 Nec
477 868 635 909 dorcas
654 867 796 921 rigido
819 867 955 920 fugax
978 867 1110 907 leoni.

354 936 504 987 Quare
527 935 680 976 desine
701 948 768 976 me
788 947 949 975 vocare
970 934 1163 984 fratrem,

355 1005 428 1046 Ne
449 1010 507 1055 te,
531 1003 812 1052 Carmenion,
836 1015 995 1044 vocem
1017 1015 1223 1043 sororem.
1642 1002 1697 1042 15

241 1126 304 1148 esse
325 1115 440 1147 similes
461 1113 574 1146 vultu?
605 1117 640 1145 tu
661 1114 762 1144 cultus
782 1111 911 1151 vagaris
932 1111 1157 1142 calamistratis
1183 1109 1305 1151 capillis
1318 1121 1328 1141 :
1359 1120 1414 1149 ego
1439 1111 1582 1142 horridus
1614 1111 1692 1142 His-

238 1160 330 1200 panis
355 1159 486 1198 capillis,
534 1158 579 1189 Tu
600 1157 713 1197 politus
735 1157 864 1195 dropace
887 1155 1093 1195 quotidiano:
1125 1164 1181 1193 ego
1213 1164 1284 1184 sum
1316 1153 1450 1194 hispidis
1478 1154 1632 1193 cruribus,
1663 1158 1692 1184 et

237 1203 337 1242 genis.
385 1202 429 1232 Tu
451 1201 541 1232 habes
562 1209 606 1230 os»
623 1200 760 1237 bloesum,
782 1202 812 1228 et
842 1198 982 1236 linguam
1002 1197 1160 1233 debilem‚·
1183 1206 1250 1227 mea
1257 1196 1333 1237 filia
1355 1197 1445 1227 habet
1469 1207 1568 1228 vocem
1594 1197 1695 1236 magis

239 1246 371 1276 virilem.
421 1244 567 1275 Columba
590 1253 649 1273 non
682 1246 727 1273 est
759 1243 824 1271 tam
847 1239 1011 1271 dissimilis
1041 1239 1166 1279 aqufloe,
1187 1250 1240 1270 nec
1268 1241 1376 1269 dorcas
1390 1239 1498 1279 fugax
1519 1250 1599 1270 soevo
1631 1242 1691 1271 leo-

239 1288 286 1319 πὶ.
340 1286 544 1323 Quamobrem
569 1295 653 1317 cessa
674 1284 828 1325 appellare
852 1292 898 1313 me
912 1282 1063 1321 fratrem,
1084 1292 1122 1312 ne
1144 1285 1187 1322 te,
1210 1292 1230 1313 ο
1255 1282 1453 1322 Οαννηεηὶοη,
1476 1282 1626 1323 appellem
1644 1293 1694 1313 so-

241 1340 352 1362 rorem·

849 1376 1090 1389 emm„

284 1451 322 1479 ll
347 1448 513 1479 Dorleans
526 1446 661 1487 legend.
690 1449 810 1476 censet
834 1445 909 1476 Non
929 1444 1019 1475 ‘nobis
1035 1445 1081 1475 lea
1101 1443 1222 1482 fortius
1248 1445 1398 1484 loquetur.
1434 1443 1538 1474 Ponit
1563 1443 1671 1485 ‘loqui
1689 1443 1697 1456 '

241 1501 302 1533 pro
318 1492 431 1532 rugire
446 1502 454 1522 ·.
471 1500 547 1521 nam
565 1489 696 1529 rugitus
711 1497 777 1519 vox
791 1492 826 1519 et
842 1488 976 1529 loquela
994 1487 1110 1518 leonis.

894 1571 1035 1604 NOTAE

283 1643 302 1671 7
327 1641 397 1680 Ego
424 1639 603 1680 contumax]
625 1639 693 1670 Hic
716 1639 861 1670 sumitur
877 1648 938 1679 pro
995 1637 1143 1679 guiores.

236 1691 374 1723 horrido
391 1691 578 1728 etim-ulto,
593 1690 676 1721 alias
694 1700 754 1730 pro
766 1689 939 1731 superbo:
1041 1691 1077 1719 11
1105 1687 1205 1718 Nobis
1217 1686 1306 1729 filia]
1331 1687 1430 1718 Hunc
1448 1697 1582 1719 versum
1594 1687 1698 1718 inter-

238 1743 273 1774 iu
304 1742 424 1773 bonam
465 1750 599 1782 quoque
636 1745 765 1781 partem
798 1740 942 1770 sumitur
997 1743 1150 1779 pretatus
1167 1742 1293 1768 sumut
1309 1737 1378 1768 alii.
1422 1737 1563 1769 Judicet
1581 1739 1699 1770 lector.

240 1803 302 1834 pro
328 1792 512 1831 constanti,
542 1796 578 1822 et
607 1801 669 1831 pro
698 1800 739 1821 eo
764 1790 821 1830 qui
847 1788 943 1819 flecti
999 1788 1078 1827 Alii,
1103 1789 1174 1819 Non
1203 1788 1291 1819 nobis
1328 1788 1375 1819 lea
1394 1788 1515 1825 fortius
1544 1790 1694 1830 loquetur.

238 1843 368 1885 nequit.
415 1843 491 1875 Quo
529 1842 650 1873 ultimo
681 1850 782 1872 sensu
823 1840 940 1880 capilli
999 1838 1032 1869 id
1049 1839 1244 1879 est,rugiet.

239 1894 409 1926 Martialis
432 1897 532 1924 erant
561 1896 792 1929 contumaces,
818 1900 876 1922 seu
893 1891 939 1920 in·
1039 1892 1077 1920 13
1102 1888 1237 1928 Dorcas]
1270 1889 1356 1921 Quae
1387 1888 1477 1920 inter
1510 1889 1696 1929 sylvestres

238 1945 323 1976 culti
340 1949 375 1975 et
387 1943 526 1982 horridi,
541 1942 630 1983 quod
645 1941 738 1973 flecti
751 1941 940 1982 nequirent.
996 1950 1116 1981 capras
1131 1946 1340 1971 numeratur.

279 1998 299 2026 8
332 1995 425 2026 Levis
463 1993 606 2033 dropace]
643 1994 699 2024 De
741 2001 807 2033 quo
836 1991 939 2032 Epig.
1039 1993 1077 2021 14
1118 1991 1172 2022 Me
1202 2000 1310 2022 vocare
1337 1991 1491 2031 fratrem]
1517 1990 1595 2022 Hoc
1633 1996 1698 2030 est,

238 2049 291 2078 73.
311 2045 371 2079 lib.
386 2053 444 2076 111.
461 2043 525 2075 fnit
548 2044 713 2084 unguenti
741 2052 848 2083 genus
875 2051 940 2083 quo
996 2042 1129 2073 mollem
1156 2046 1191 2073 et
1216 2040 1478 2072 effoeminatum:
1505 2051 1572 2082 quo
1597 2051 1697 2072 sensu

238 2096 424 2128 utebantur
449 2093 648 2126 effoemiuati
674 2093 718 2125 ad
741 2092 938 2124 evellendos
994 2102 1084 2133 saepe
1102 2093 1272 2134 reperitur
1288 2091 1377 2133 apud
1393 2092 1605 2123 Petronium.

237 2148 335 2188 pilos.
1038 2147 1075 2175 15
1101 2143 1261 2183 Sororem]
1283 2144 1337 2174 Tu
1374 2143 1461 2174 enirn
1499 2143 1606 2184 magis
1637 2143 1695 2175 foe-

280 2201 321 2229 10
349 2197 394 2228 Os
415 2195 554 2236 bloesum]
577 2194 654 2226 Quo
684 2192 767 2223 vitio
792 2192 938 2232 utpluri-
993 2195 1092 2234 mina,
1110 2205 1208 2236 quam
1227 2194 1277 2225 vir
1293 2193 1426 2225 videris.

238 2258 329 2281 mum
364 2246 525 2278 laborant
572 2244 753 2283 molliores,
789 2247 825 2274 et
862 2242 934 2283 pin·

765 2518 828 2548 DE
859 2517 1091 2547 THEOPOM
1101 2517 1169 2546 Po.

240 2586 391 2638 QUIS,
410 2598 530 2640 rogo,
549 2589 638 2627 tam
661 2585 812 2635 durus,
834 2585 934 2639 quis
957 2589 1047 2626 tam
1067 2584 1151 2625 fuit
1170 2584 1243 2626 ille
1264 2585 1493 2639 superbus,

298 2653 391 2704 Qui
405 2653 541 2708 jussit
559 2654 656 2695 fieri
675 2657 732 2704 te,
751 2653 1054 2707 Theopompe,
1076 2665 1231 2694 cocum
1248 2654 1266 2693 't

283 2771 314 2803 Ο
333 2772 533 2812 ΤῙιεοροηιρε,
548 2771 626 2814 quis,
640 2781 754 2813 quma,
768 2774 833 2803 tam
848 2771 1046 2813 inhumanus,
1060 2772 1131 2813 quis
1144 2771 1207 2807 fuit
1221 2772 1271 2803 ille
1287 2776 1351 2802 tam
1367 2779 1519 2810 arrogans
1532 2770 1586 2810 qui
1600 2769 1694 2810 impe-
