1893 3225
249 230 334 271 616
731 236 780 265 M.
815 234 930 264 vAL.
963 231 1237 263 MAR'riAms
1279 217 1281 219 ’

902 350 1061 392 LXII.

820 441 884 472 DE
917 438 1146 469 ΡιοΕΝΤΕ.

257 514 460 556 ΞΟΚΙΒῙΤ
481 511 527 554 in
549 522 705 552 aversa
726 508 890 549 Picens
909 506 1240 559 Epigrammata
1260 504 1409 546 charta
1427 517 1438 556 3

315 581 373 623 Et
393 581 527 630 dolet,
549 591 706 621 averso
728 576 845 630 quod
867 575 975 616 facit
995 574 1076 615 illa
1098 573 1213 614 Deo.

259 736 287 768 Α
303 692 418 767 Ρῗιςεηε
429 691 538 723 scribit
566 690 804 731 Epigrammata
824 688 857 718 in
876 690 964 725 tergo
976 685 1105 725 chartae,
1121 687 1151 716 et
1167 687 1274 715 moeret
1290 684 1371 724 quod
1383 682 1536 724 componit
1552 681 1607 713 illa
1621 681 1717 713 invito

290 746 328 777 po
354 745 413 766 me.

876 790 1112 803 emmor&

307 846 323 875 1
349 842 466 875 Scribit
482 842 515 872 in
529 841 657 872 adversa
679 839 774 872 Juut.
788 848 842 870 an.
861 841 956 870 1512.

921 901 1067 934 NOTAE

310 976 327 1004 1
353 971 471 1004 Scribit
486 971 519 1002 z'n
535 970 656 1010 aversa]
678 969 720 1000 In
743 978 810 999 una
837 972 969 999 tantum
1024 967 1140 998 finitus
1157 964 1327 997 Orestes!

269 1029 366 1065 parte
394 1023 521 1054 chartae
546 1021 703 1052 solebant
731 1020 881 1051 scribere
915 1029 971 1050 ve·
1070 1021 1089 1048 2
1115 1019 1158 1048 Et
1172 1018 1253 1048 dolet
1266 1014 1388 1055 averso]
1413 1014 1486 1046 Lib.
1502 1023 1543 1046 11.
1558 1013 1658 1054 Epig.
1673 1016 1726 1044 89.

267 1080 378 1112 teres;
402 1074 459 1114 qui
486 1081 565 1103 vero
597 1070 639 1102 ad
665 1080 822 1101 nauseam
855 1080 973 1111 usque,
1030 1068 1207 1099 ‘Carmina
1242 1067 1331 1108 quod
1370 1066 1490 1097 scribis
1530 1065 1654 1104 Musis,
1689 1069 1725 1095 et

268 1125 301 1155 in
318 1129 415 1163 tergo
428 1122 531 1154 etiam
549 1121 759 1152 scribebant.
797 1120 974 1152 Juvenalis
1028 1119 1189 1159 Apolline
1206 1118 1322 1156 nullo‚'
1337 1122 1402 1149 &c.
1448 1117 1636 1148 Horatius:
1661 1116 1731 1146 ‘Tu

270 1176 339 1206 Sat.
358 1183 383 1205 1.
409 1174 418 1190 ‘
432 1174 587 1214 Scriptus
613 1172 697 1203 etin
713 1178 809 1212 tergo
827 1171 973 1202 necdum
1028 1171 1111 1201 nihil
1129 1170 1236 1201 invita
1261 1168 1365 1200 facies
1383 1167 1520 1200 dicesve
1548 1166 1732 1198 Minerva?

903 1298 1089 1340 LXIII.

851 1390 927 1419 DE
980 1388 1163 1419 AULO.

273 1461 584 1503 THESTYLON
608 1457 757 1498 Aulus
778 1463 911 1507 amat,
934 1457 1015 1498 sed
1036 1469 1116 1497 nec
1137 1455 1284 1496 minus
1307 1454 1430 1495 ardet
1450 1452 1634 1495 Alexin:

334 1529 545 1570 Forsitan
565 1532 609 1567 et
629 1530 825 1567 nostrum
849 1527 913 1566 sic
938 1524 1224 1579 Hyacinthon
1246 1527 1376 1564 amat.

277 1599 299 1639 I
321 1610 437 1639 nunc
459 1601 506 1637 et
522 1595 694 1644 dubita,
717 1598 845 1635 vates
866 1607 920 1635 an
942 1594 1097 1646 diligat
1118 1593 1263 1646 ipsos,

337 1665 538 1707 Delicias
559 1667 709 1705 vatum
727 1676 826 1703 cum
847 1675 972 1702 meus
998 1661 1141 1701 Aulus
1163 1663 1291 1701 amet.

894 1758 1131 1770 eeeeeeeeeeee

323 1815 342 1842 2
368 1810 518 1843 Forsitan
533 1812 562 1840 et
575 1811 714 1840 nostrum
725 1817 806 1838 nunc
823 1807 856 1838 in
872 1805 994 1838 codice
1011 1804 1206 1837 Pulmanni.

941 1880 1085 1911 NOTAE

325 1956 345 1985 4
372 1949 528 1991 Delicias]
552 1949 628 1981 Hoc
644 1952 710 1988 est,
722 1957 847 1990 pueros
861 1946 1037 1985 delicatos,
1053 1944 1202 1986 quisunt
1215 1943 1347 1975 deliciae
1361 1942 1550 1984 poiitarum.

860 2186 912 2216 IN
949 2185 1174 2215 CLYTUM.

462 2257 537 2298 UT
561 2268 741 2311 poscas,
765 2254 908 2309 Clyte,
930 2266 1105 2302 munus,
1127 2253 1387 2306 exigasque,

461 2325 565 2366 Uno
584 2324 782 2365 nasceris
801 2323 938 2363 octies
957 2322 1002 2362 in
1024 2334 1154 2371 anno,

464 2393 524 2434 Et
546 2392 685 2442 solas,
709 2395 836 2445 puto,
857 2396 1015 2438 tresve,
1036 2393 1281 2442 quatuorve

464 2460 571 2502 Non
591 2459 820 2501 natalitias
840 2459 979 2500 habes
1000 2457 1243 2498 Kalendas,

340 2571 371 2603 0
392 2572 497 2612 Clyte,
512 2574 547 2601 ut
561 2574 650 2611 petas
665 2570 788 2608 donum,
804 2573 896 2610 atque
920 2572 1115 2609 extorqueas,
1136 2567 1230 2598 octies
1244 2568 1380 2598 nasceris
1403 2568 1435 2598 in
1458 2578 1517 2599 uno
1532 2578 1623 2607 anno,
1638 2571 1669 2598 et
1684 2567 1759 2599 cele-

297 2616 367 2647 bras
381 2624 497 2647 omnes
513 2614 673 2644 Kalendas
685 2613 860 2653 natalitias,
877 2612 1023 2653 exceptis,
1038 2612 1156 2652 opinor,
1166 2610 1239 2641 solis
1250 2611 1350 2641 tribus
1363 2614 1416 2642 aut
1432 2615 1575 2652 quatuor.
1610 2610 1760 2648 Quamvis

964 2696 1102 2729 NOTAE

344 2766 365 2795 2
391 2761 538 2794 Nasceris
565 2759 673 2800 octies]
698 2758 775 2790 Hoc
792 2762 857 2798 est,
884 2757 1004 2789 natali·
1062 2765 1202 2788 munera
1224 2755 1384 2796 accipias.

302 2816 384 2847 tium
413 2813 502 2845 diem
520 2812 627 2844 octies
643 2809 810 2849 celebras,
837 2813 875 2840 ut
904 2809 1005 2839 toties
