1893 3225
275 206 358 248 56⁶2
747 215 797 245 M.
830 214 940 244 VAL.
974 212 1245 244 MAR‘rrAms

448 312 698 367 HybernaS,
723 310 848 360 Line,
870 310 1156 359 basiationes,

446 379 501 420 In
522 391 716 420 mensem
737 391 842 431 rogo
864 377 1043 418 differas
1064 376 1284 431 Aprilem.

279 486 350 513 tem.
395 481 593 520 Quapropter
614 478 641 509 si
656 478 746 509 habes
758 481 889 509 mentem
902 480 932 508 et
948 478 1175 518 verecundiam,
1188 487 1206 508 ο
1220 478 1310 517 Line,
1335 487 1386 508 oro
1400 477 1523 518 rejicias
1535 479 1635 509 oscula
1650 480 1723 520 hye-

279 524 372 556 malia
386 523 420 554 in
431 532 562 553 mensem
577 522 729 563 Aprilem.
932 563 1073 595 NOTAE

278 636 410 672 tesque‚
425 639 499 661 cum
513 627 795 669 intemperantius
812 627 978 665 viverent,
1033 630 1185 657 castrato
1201 626 1395 666 gravissima
1410 631 1483 658 erat
1498 627 1629 658 anima?
1674 627 1731 659 An

277 688 312 714 et
327 680 585 713 laboreitineris
600 679 692 710 virus
704 677 979 718 intemperantiae
1032 677 1196 717 intelligit
1218 677 1355 708 Gallum
1374 677 1568 709 Baeticum?
1593 678 1636 709 de
1665 688 1730 719 qno

279 737 454 774 augerent.
507 731 562 762 An
592 730 680 762 forte
710 729 847 761 Gallum
871 738 981 759 sacer-
1034 729 1108 759 vide
1127 728 1184 760 lib.
1198 737 1255 759 111.
1273 729 1374 769 Epig.
1392 730 1444 759 81.

279 785 394 816 dotem
411 783 558 824 Cybeles
581 781 756 822 intelligit,
782 780 836 812 cui
859 789 978 811 recens

645 987 958 1017 EPITAPHIUM
993 985 1161 1016 URBICI
1202 986 1373 1016 PUERI.

283 1054 540 1097 COND1TUS
556 1055 626 1096 hic
646 1068 727 1108 ego
747 1068 843 1095 sum
861 1054 992 1094 Bassi
1016 1053 1156 1102 dolor,
1177 1052 1368 1095 Urbicus
1384 1053 1545 1104 infans,

340 1122 425 1164 Cui
446 1137 580 1176 genus
601 1128 643 1164 et
661 1136 818 1164 nomen
838 1121 1035 1163 maxima
1056 1121 1206 1163 Roma
1226 1121 1361 1163 dedit.

283 1189 376 1231 Sex
397 1191 501 1232 mihi
521 1191 576 1232 de
596 1191 735 1245 prima
755 1190 935 1231 deerant
953 1189 1170 1230 trieteride
1191 1201 1378 1239 menses,

343 1257 580 1313 Ruperunt
600 1259 767 1300 tetricae
788 1271 891 1300 cum
911 1257 1029 1298 mala
1051 1270 1190 1310 pensa
1212 1258 1337 1299 Deae.

286 1325 409 1378 Quid
431 1328 624 1380 species,
646 1326 746 1380 quid
763 1327 913 1379 lingua
932 1325 1054 1375 mihi,
1078 1325 1185 1379 quid
1204 1326 1372 1379 profuit
1390 1325 1528 1367 aetas'?
1711 1338 1739 1366 ο

342 1395 415 1435 Da
431 1395 649 1448 lacrymas
670 1394 858 1443 tumulo,
880 1393 956 1447 qui
972 1393 1083 1446 legis
1101 1393 1204 1443 ista,
1226 1407 1337 1434 meo.

285 1462 360 1504 Sic
383 1462 439 1503 ad
456 1461 677 1512 Lethaeas,
697 1462 785 1502 nisi
806 1461 1001 1502 Nestore
1023 1461 1182 1510 senior,
1203 1461 1344 1502 undas

341 1529 449 1573 Non
469 1534 554 1579 eat,
573 1529 752 1583 optabis
774 1542 902 1582 quem
923 1541 1152 1582 superesse
1171 1529 1266 1570 tibi.

330 1629 400 1668 Ego
417 1628 548 1660 Urbicus
562 1627 677 1667 infans,
689 1637 798 1658 moeror
815 1627 922 1665 Bassi,
933 1626 1068 1666 sepultus
1083 1635 1148 1656 snm
1163 1626 1224 1666 hic,
1242 1626 1297 1667 qui
1314 1627 1416 1667 accepi
1431 1630 1532 1659 ortum
1546 1629 1577 1658 et
1600 1636 1708 1658 nomen
1722 1637 1741 1658 a

285 1673 420 1702 maxima
434 1672 541 1702 Roma.
588 1670 652 1702 Sex
668 1680 784 1701 menses
795 1669 870 1700 mihi
882 1671 1007 1700 deerant
1031 1671 1068 1700 de
1080 1670 1182 1710 primo
1194 1670 1419 1709 triennio‚cum
1443 1671 1522 1702 Deae
1544 1679 1656 1701 severoe
1674 1669 1744 1708 fre-

282 1718 396 1754 gerunt
412 1716 493 1745 mala
507 1724 610 1755 pensa.
648 1714 732 1749 Quia
747 1714 867 1752 lingua,
882 1712 955 1753 quid
970 1715 1046 1742 aetas
1058 1711 1190 1752 profecit
1204 1711 1306 1745 milli?
1328 1715 1376 1744 Tu
1387 1713 1438 1753 qui
1453 1714 1532 1752 legis
1546 1713 1621 1750 ista,
1631 1723 1743 1753 sparge

286 1759 438 1798 lacrymas
452 1767 517 1788 meo
532 1757 682 1796 sepulcro.
727 1755 781 1787 Sic
795 1765 883 1796 quem
903 1757 1006 1796 cupies
1030 1764 1185 1795 superesse
1201 1757 1271 1796 tibi,
1296 1766 1357 1787 non
1377 1759 1466 1797 petat
1484 1757 1582 1787 undas
1599 1756 1744 1787 Lethaeas

286 1800 349 1831 nisi
364 1800 464 1830 senior
477 1801 622 1831 Nestore.

907 1850 922 1860 e
926 1849 1124 1861 “oenoe-eo

328 1900 347 1928 3
371 1895 489 1928 Codex
502 1894 735 1927 Florentinus:
760 1896 888 1925 deerant
902 1894 1048 1925 trientide
1064 1897 1256 1925 menses—7
1284 1896 1414 1925 Nestore
1429 1896 1528 1926 serius
1543 1894 1641 1927 codd.
1664 1894 1742 1928 Vat.

287 1944 321 1970 et
338 1939 489 1970 Florent.
537 1939 671 1969 Nestore
686 1938 785 1969 serior
796 1937 830 1968 in
847 1937 925 1968 edd.
945 1942 1030 1968 vett.
1045 1942 1080 1968 et
1097 1938 1144 1968 sic
1162 1937 1265 1968 etiam
1282 1937 1456 1969 Schrevel.

948 2009 1091 2041 NOTAE

330 2073 351 2101 2
377 2070 437 2101 Cui
445 2069 559 2110 genus]
573 2069 649 2101 Hoc
662 2074 726 2110 est,
739 2069 795 2111 qui
805 2073 902 2100 natus
915 2078 987 2099 sum
1087 2069 1171 2105 Quid
1184 2069 1304 2110 profuit
1316 2069 1407 2110 oetas]
1429 2071 1511 2101 Tam
1524 2074 1660 2102 tenera:
1675 2075 1744 2102 ete-

289 2122 324 2152 in
338 2121 436 2161 urbe,
463 2125 565 2161 atque
593 2120 635 2151 ab
657 2130 698 2151 ea
720 2129 840 2151 nomen
868 2120 987 2151 sumsi:
1043 2120 1110 2151 nim
1126 2121 1208 2151 duos
1224 2125 1354 2151 tantum
1367 2130 1472 2152 annos
1488 2126 1523 2152 et
1539 2130 1599 2151 sex
1613 2130 1747 2152 menses

289 2172 438 2204 Urbicus
455 2172 544 2203 enim
561 2171 672 2202 dictus
688 2176 738 2202 est
752 2171 807 2202 hic·
822 2181 915 2211 puer.
1044 2176 1143 2203 natus
1161 2177 1234 2202 erat
1250 2172 1395 2203 Urbicus
1422 2181 1497 2203 cum
1514 2176 1666 2203 mortuus
1682 2177 1746 2203 est.

331 2226 352 2254 4
379 2224 457 2254 Cum
471 2222 568 2263 mala]
593 2222 676 2254 Cum
701 2223 780 2253 vitae
809 2221 904 2252 filum
933 2221 991 2252 ab·
1089 2225 1108 2253 8
1126 2223 1197 2252 Non
1209 2221 1274 2262 eat]
1293 2222 1370 2253 Non
1383 2223 1558 2253 moriatur.
1581 2223 1688 2254 Lethe
1699 2223 1746 2253 in-

291 2273 468 2305 sciderunt
483 2274 617 2304 Parcae.
1046 2270 1192 2303 ferorum
1200 2271 1322 2303 fluvius
1333 2277 1386 2303 est
1395 2273 1476 2303 satis
1489 2277 1600 2304 notus.
1619 2273 1748 2307 Nestor

334 2329 351 2356 5
379 2325 465 2360 Quid
480 2323 604 2364 lingua]
627 2323 830 2355 Balbutiens
848 2322 970 2354 adhuc.
1048 2331 1128 2353 vero
1144 2322 1201 2353 diu
1217 2322 1314 2361 vixit⁷
1327 2321 1368 2353 de
1380 2332 1444 2364 quo
1461 2322 1516 2354 lib.
1529 2323 1681 2365 nAEpig.
1693 2327 1747 2357 64.

920 2457 1128 2499 XCVII.

536 2546 603 2576 AD
643 2547 830 2577 LIBRUM
866 2546 999 2577 SUUM
1036 2548 1098 2577 DE
1132 2546 1279 2578 cAEslo
1312 2547 1505 2578 SABINO.

466 2613 622 2656 NOSTI
644 2615 682 2655 si
704 2616 814 2655 bene
831 2614 1038 2664 Caesium,
1060 2615 1220 2666 libelle,

468 2681 697 2724 Montanae
720 2683 858 2724 decus
881 2681 1080 2724 Umbriae
1101 2683 1330 2735 Sabinum,

343 2781 373 2813 Ο
387 2781 477 2820 liber,
489 2781 600 2813 sibene
615 2786 785 2824 compertus
798 2787 841 2814 est
853 2782 910 2813 tibi
925 2783 1043 2815 Faesius
1059 2784 1203 2824 Sabinus,
1222 2787 1323 2824 gloria
1340 2791 1490 2819 ›rmntanae
1510 2787 1659 2828 Umbrioe,
1682 2799 1752 2820 mu·
