1893 3225
478 242 878 272 1⁴:PIGRAMMATUM
918 244 1010 274 [ΑΒ.
1047 245 1149 275 vm.
1459 239 1537 280 ‹3:31

701 426 917 467 LXXX.

585 517 651 546 An
687 517 1029 548 DoMi‘riANuM.

85 584 389 625 SANc‘roRUM
414 584 536 625 nobis
557 584 768 625 miracula
786 584 932 625 reddis
956 598 1154 636 avorum,

143 651 241 692 Nec
263 652 440 705 pateris,
462 652 626 701 Caesar,
648 652 815 692 saecula
835 664 947 692 cana
966 653 1075 693 mori
1094 666 1104 703 3

85 717 195 759 Cum
219 725 384 760 veteres
406 720 543 761 Latiae
565 720 677 761 ritus
699 724 963 761 renovantur
987 733 1152 770 arenae,

142 786 199 827 Et
219 790 383 840 pugnat
401 787 536 829 virtus
560 787 826 841 simpliciore
846 800 995 829 manu.

85 854 159 894 Sic
181 854 339 907 priscis
363 861 562 896 servatur
582 854 721 896 honos
743 859 785 896 te
807 855 998 909 praeside
1020 856 1207 910 templis,
1509 856 1537 896 5

142 922 198 962 Et
217 935 323 963 casa
345 926 434 963 tam
457 923 574 964 culto
597 924 677 964 sub
696 923 812 965 Jove
833 936 993 964 numen
1013 924 1154 965 habet.

83 988 158 1030 Sic
178 1002 296 1031 nova
317 990 419 1031 dum
443 992 612 1042 condis,
633 1005 833 1042 revocas,
856 992 1070 1046 Auguste,
1093 993 1264 1045 priora:

140 1056 369 1099 Debentur
385 1071 483 1113 quae
505 1065 624 1110 sunt,
646 1074 830 1115 quaeque
850 1061 984 1110 fuere,
1007 1060 1102 1101 tibi.

125 1189 155 1220 O
174 1189 367 1228 Domitiam,
380 1191 519 1222 restituis
542 1192 626 1223 nobis
639 1193 788 1224 miracula
804 1196 979 1224 sanctorum
994 1202 1134 1229 avorum,
1146 1201 1199 1222 nec
1214 1190 1291 1221 sinis
1303 1190 1406 1230 prisca
1421 1191 1532 1222 soecula

80 1232 182 1272 perire
193 1243 204 1268 ;
231 1242 297 1263 cum
307 1233 443 1274 antiqua?
456 1235 688 1266 consuetudines
700 1236 850 1267 Romame
866 1246 967 1266 arenae
979 1237 1169 1273 revocentur,
1181 1237 1210 1264 et
1223 1234 1322 1264 virtus
1333 1237 1430 1264 certet
1445 1244 1537 1264 manu

81 1275 277 1314 simpliciore.
322 1275 389 1313 Sic,
405 1280 435 1307 te
446 1277 650 1317 Imperatore,
664 1280 754 1310 decus
764 1283 907 1310 ser-vatur
922 1278 1057 1318 antiquis
1070 1277 1201 1317 templis,
1213 1280 1242 1307 et
1258 1286 1327 1307 casa
1344 1276 1433 1308 estin
1448 1286 1537 1307 vene-

80 1319 200 1349 ratione
214 1318 268 1349 sub
291 1319 368 1349 Jove
392 1322 457 1350 tum
476 1321 570 1352 culto.
617 1321 683 1360 Sic,
699 1322 853 1362 Auguste,
874 1323 943 1352 (lum
967 1320 1119 1352 construis
1140 1329 1230 1358 nova,
1246 1329 1374 1351 renovas
1387 1319 1537 1359 antiqua.-

80 1370 147 1401 quoe
158 1364 228 1391 sunt
244 1364 274 1392 et
289 1361 504 1402 quoefuerunt,
520 1363 668 1396 debentur
684 1365 754 1395 tibi.

691 1449 744 1460 eta
748 1450 922 1461 omrem

123 1504 143 1533 6
166 1500 206 1531 In
229 1501 427 1542 quibusdam
444 1501 523 1533 edd.
549 1507 633 1533 vett.
657 1501 892 1536 nomenhabet;
916 1506 952 1532 et
977 1501 1025 1532 sic
1054 1500 1157 1531 etiam
1183 1500 1217 1531 in
1241 1499 1447 1530 Beverlandi
1469 1500 1536 1532 Ms.

80 1544 168 1575 Vide
185 1544 303 1576 Heius.
321 1545 362 1575 ad
381 1545 484 1576 Ovid.
502 1545 640 1576 Hei-oid.
656 1545 766 1584 Epist.
781 1552 846 1575 Χιι.
860 1546 913 1575 78.
930 1549 965 1575 et
977 1544 1083 1575 Trist.
1098 1552 1139 1575 11.
1155 1546 1208 1574 40.
1221 1545 1339 1574 62.-7
1364 1542 1404 1573 In
1420 1543 1535 1574 eodem

81 1587 147 1618 Ms.
174 1597 301 1618 renovas
322 1597 383 1628 pro
408 1597 541 1627 revocas,
565 1598 640 1630 quae
658 1587 724 1618 duo
741 1587 846 1617 verba
863 1587 1052 1627 saepissime
1075 1591 1267 1626 permutata
1296 1585 1403 1616 fuere.
1447 1586 1535 1617 Vide

81 1639 141 1661 nos
157 1630 199 1660 ad
214 1630 448 1662 Tibu11.1v.1.
466 1633 537 1662 113.

737 1671 881 1704 NOTAE

124 1739 138 1767 l
165 1736 345 1768 Sanctorum
370 1736 470 1778 nobis]
496 1734 571 1768 Hoc
597 1742 660 1775 est,
685 1736 778 1777 pugi·
836 1736 999 1776 templum
1012 1736 1138 1766 humile
1154 1734 1290 1777 quidem
1315 1737 1350 1765 et
1363 1734 1430 1766 vile
1447 1744 1473 1773 ,a
1496 1738 1532 1765 te

81 1788 129 1818 les
146 1787 180 1818 in
206 1797 308 1819 arena
325 1787 522 1827 exhibuisti,
538 1797 618 1829 quos
634 1786 778 1818 miraba-
835 1790 1062 1825 restauratum
1077 1785 1111 1816 in
1128 1784 1346 1816 veneratione
1362 1789 1425 1816 est.

82 1842 136 1868 tur
150 1837 346 1879 antiquitas.
880 1837 955 1867 Tam
982 1836 1063 1867 culto
1086 1835 1141 1866 sub
1172 1834 1267 1875 Jove]
1299 1835 1410 1868 Quem
1438 1835 1533 1866 nimi-

122 1891 141 1919 2
166 1889 233 1919 Nec
253 1888 389 1929 pateris]
413 1888 533 1919 Prisca
550 1889 673 1920 saecula
689 1888 778 1919 exci-
834 1896 905 1917 rum
933 1891 1000 1917 tam
1020 1885 1153 1917 assidue
1176 1886 1270 1925 colis,
1297 1890 1333 1916 et
1349 1885 1402 1917 cui
1421 1890 1472 1917 tot
1499 1893 1535 1917 et

82 1938 163 1970 dere
180 1949 221 1970 ex
238 1944 352 1970 nostra
368 1939 539 1970 memoria.
834 1942 929 1968 tanta
942 1937 1082 1968 donaria
1101 1935 1216 1967 offers.

123 1992 142 2020 4
165 1989 358 2029 Simpliciore
373 1988 618 2029 manu]Pugnis
637 1993 778 2028 tantum,
874 1991 894 2019 7
919 1988 974 2019 Sic
989 1998 1068 2018 nova
1090 1987 1176 2028 dum]
1201 1987 1415 2018 Domitianus
1436 1989 1534 2028 plura

81 2045 116 2072 et
141 2041 312 2079 caestibus,
328 2049 394 2071 non
418 2039 522 2079 ferro,
538 2039 699 2077 tridente,
713 2039 776 2070 (Sec.
832 2040 960 2079 templa
984 2038 1150 2079 condidit,
1169 2042 1271 2079 atque
1285 2039 1425 2079 antiqua
1438 2041 1535 2080 plura

81 2092 235 2122 Raderas.
832 2089 1047 2120 restauravit.
1093 2088 1276 2120 Suetonius
1304 2089 1338 2119 in
1365 2089 1536 2121 Domitia·

124 2145 142 2172 5
166 2141 221 2172 Sic
242 2139 353 2180 priscis
371 2134 527 2180 servatur]
550 2137 778 2171 Quemadmo-
832 2150 886 2171 no.
944 2139 1060 2180 Atque
1090 2139 1152 2179 ita,
1176 2140 1225 2170 ait
1266 2139 1389 2179 Poeta,
1423 2140 1536 2172 omnia

80 2192 157 2223 dum
183 2191 277 2222 ludos
304 2196 438 2222 veteres
477 2199 634 2228 renovem,
663 2190 712 2220 sie
742 2195 778 2220 et
834 2189 1042 2230 Reipublicae
1072 2195 1225 2230 tempora
1255 2188 1316 2219 sub
1336 2189 1396 2220 illo
1424 2199 1536 2221 recur-

80 2242 209 2282 templa
225 2242 366 2283 antiqua
379 2241 563 2272 veneraris.
834 2249 920 2270 rere.

122 2296 142 2324 6
166 2294 210 2324 Et
222 2293 308 2334 casa]
329 2293 404 2325 Hoc
419 2291 778 2332 est‚antiquumJ0vis

689 2434 933 2475 LXXXI.

619 2535 690 2565 DE
737 2534 993 2564 GELLIA.

256 2613 363 2655 NON
389 2626 468 2665 per
488 2612 674 2666 mystica
695 2623 821 2652 sacra
842 2610 1151 2664 DindymeneS,

255 2680 354 2720 Nec
377 2693 452 2733 per
475 2680 513 2720 N
520 2681 662 2721 iliacae
685 2680 843 2720 bovem
857 2679 1080 2732 juvencae,

132 2794 233 2824 Gellia
249 2793 405 2831 uonjnrut
429 2803 485 2832 per
500 2802 587 2824 sacra
600 2794 729 2833 mystica
756 2793 975 2833 Dindymenes,
990 2802 1041 2823 nec
1054 2802 1110 2832 per
1122 2789 1371 2828 bavemjuvencoe
1390 2790 1534 2827 NHiacoe,
