1893 3225
261 202 372 243 1006
737 211 785 240 M.
822 210 930 241 vAL.
967 210 1239 240 MARTlAms

301 309 321 337 2
347 306 421 337 Erit
437 305 491 337 illa
507 306 572 337 dies
588 306 656 338 Ms.
671 305 807 336 Beverl.

304 465 506 506 Rhinoceros]
528 465 605 497 Hoc
620 469 686 506 est,
698 469 815 506 guttus
828 475 871 497 ex
888 475 960 497 cor·
1012 471 1087 498 rote
1104 466 1235 498 lavari.'

257 528 302 549 nu
316 517 557 549 rhinocerotis:
575 527 640 559 quo
653 517 958 549 sensurhinoceros
1057 520 1073 548 1
1101 517 1244 557 Domini]
1266 516 1488 558 Imperatoris
1499 517 1700 551 Domitiani.

259 568 402 599 sumitur
413 567 503 608 apud
514 568 638 600 Juven.
652 568 725 599 Sat.
737 576 803 598 vu.
818 568 961 599 ‘Exitus
1058 571 1078 599 2
1104 568 1164 599 Cui
1175 568 1257 609 pila]
1281 568 1377 600 Idem
1394 568 1482 600 dixit
1498 568 1541 600 de
1567 570 1719 603 rhinoce-

258 618 312 650 hic
327 623 379 649 est
401 618 546 659 Tongilii
571 627 694 659 magno
710 627 787 650 cum
810 618 961 650 rhinoce-
1014 624 1089 651 rote
1104 619 1164 651 lib.
1180 620 1300 661 Spect.
1317 619 1418 661 Epig.
1430 622 1461 651 9.
1477 624 1513 651 et
1529 623 1581 652 19.

926 802 1050 844 LIV.

777 903 1206 935 CREm'rAcmLUM.

257 984 307 1025 S1
332 983 432 1037 quis
454 982 652 1037 plorator
671 982 788 1023 collo
808 983 890 1024 tibi
911 982 1091 1024 vernula
1110 982 1288 1037 pendet,

314 1052 430 1094 Haec
452 1052 622 1105 quatiat
642 1055 792 1092 tenera
814 1052 990 1104 garrula
1011 1053 1145 1093 sistra
1165 1065 1309 1095 manu.

303 1173 426 1214 Siquis
448 1174 574 1205 vernula
589 1173 675 1215 flens
689 1183 852 1215 suspensus
873 1178 919 1206 est
933 1185 973 1206 ex
987 1178 1039 1206 tuo
1062 1175 1150 1216 collo,
1174 1185 1267 1206 manu
1291 1179 1396 1206 tenera
1409 1175 1510 1216 pulset
1526 1185 1637 1207 canora
1652 1177 1719 1207 lzcrc

258 1218 365 1248 sistra.

869 1270 1042 1283 ‘mute‘
1049 1271 1105 1282 eet

303 1324 535 1365 Crepitaculum
550 1323 629 1357 edd.
645 1329 733 1357 vett.
750 1329 786 1357 et
801 1324 928 1366 Delph.

914 1418 1060 1450 NOTAE

302 1497 314 1525 l
349 1494 501 1535 Vernula]
522 1492 641 1525 Infans
662 1502 786 1535 nempe
809 1493 963 1524 servulus
1019 1492 1142 1532 Isidis3
1166 1493 1224 1525 lib.
1250 1502 1316 1526 ΧΠ.
1344 1494 1446 1535 Epig.
1462 1497 1515 1526 29.
1551 1495 1721 1528 Percusso

259 1544 352 1576 domi
367 1550 480 1577 natus.
1021 1549 1134 1576 autem
1155 1545 1379 1587 crepitaculo,
1406 1547 1574 1587 lacrymas
1606 1551 1722 1579 tenent

302 1598 321 1626 2
346 1595 468 1636 Sistra]
502 1594 742 1626 Instrumenta
767 1604 894 1627 canora
921 1605 965 1626 ex
1020 1596 1130 1639 pueri.

258 1646 411 1685 metallo,
436 1655 512 1687 quae
541 1646 784 1688 quatiebantur
809 1646 843 1677 in
861 1645 965 1677 sacris

944 1811 1042 1853 LV.

836 1912 1158 1942 FLAGELLUM.

261 1987 534 2029 Pnomcms
554 1989 680 2040 nihil,
701 1989 786 2031 hoc
810 1990 959 2032 caedas
979 1991 1086 2032 licet
1105 2004 1249 2045 usque
1270 1991 1461 2045 flagello,

317 2057 366 2098 Si
388 2057 470 2098 tibi
491 2070 713 2112 purpureo
734 2058 787 2099 de
809 2072 937 2112 grege
959 2060 1093 2102 currit
1112 2073 1270 2113 equus.

303 2185 399 2216 Nihil
414 2186 472 2217 tibi
484 2187 641 2228 proderit,
654 2188 794 2230 quamvis
808 2198 925 2230 semper
937 2189 1078 2221 verberes
1094 2190 1142 2220 his
1158 2189 1270 2230 virgis,
1283 2191 1311 2221 si
1321 2189 1414 2220 habes
1427 2192 1601 2220 currentem
1613 2199 1722 2229 equum

261 2238 300 2260 ex
312 2239 465 2270 purpureo
475 2240 584 2269 grege.

920 2285 1060 2317 NOTAE

303 2360 323 2389 2
347 2357 385 2389 Si
400 2357 461 2389 tibi
479 2359 649 2400 purpureo]
673 2359 750 2391 Hoc
776 2365 850 2392 est:
876 2361 964 2402 Equi
1017 2362 1185 2402 ‘Vapulat
1198 2361 1335 2392 assiduo
1346 2361 1471 2392 Veneti
1487 2361 1653 2403 quadriga
1666 2360 1723 2392 ssa-

259 2406 419 2439 fdctionis
436 2418 616 2449 purpureae
635 2416 702 2440 tam
725 2419 848 2450 segnes
873 2416 963 2448 sunt,
1018 2412 1121 2452 gello,
1136 2412 1211 2442 Nec
1228 2412 1356 2450 currit3
1380 2422 1533 2453 magnam
1560 2422 1642 2450 rem,
1660 2413 1723 2445 Ca-

260 2465 310 2499 nt,
322 2459 395 2490 illos
413 2460 496 2491 licet
521 2460 656 2492 assidue
684 2461 856 2502 verberes,
872 2462 964 2492 velo·
1019 2463 1124 2501 tinne,
1140 2461 1248 2493 facis.’
1293 2463 1347 2494 De
1364 2462 1572 2496 factionibus
1590 2465 1723 2505 auriga-

260 2509 334 2540 cius
355 2513 469 2542 tamen
486 2520 551 2542 non
576 2516 727 2543 currant.
772 2512 850 2543 Hoc
876 2511 965 2543 dixit
1020 2522 1092 2544 rum
1108 2513 1237 2554 egimus
1255 2523 1369 2555 supra.

262 2560 305 2592 de
319 2559 470 2593 factione
487 2561 621 2594 Veneta
647 2562 706 2595 lib.
732 2571 784 2595 vl.
799 2562 964 2605 Epig.46.
