1893 3225
597 253 999 284 ΕιίσιὶΛΜΜΑἰύΜ
1038 254 1125 283 [ΑΒ.
1159 254 1261 283 xiv.
1537 244 1643 283 1019

851 348 989 379 NOTAE

242 409 472 449 Gustatorium]
490 410 606 441 Genus
620 416 671 441 est
688 420 810 442 mensa>
824 420 899 452 qnae
955 412 1001 442 ait
1017 422 1024 442 ε
1050 412 1057 427 ‘
1073 412 1155 442 Cum
1170 411 1283 442 subito
1299 411 1427 451 signum
1445 410 1643 450 symphonia

197 459 407 490 testudinum
419 461 648 500 putaminibus
659 461 898 492 exornabatur.
954 460 1065 499 datur,
1089 466 1124 491 et
1145 461 1331 499 gustatoria
1356 460 1485 501 pariter
1509 470 1527 490 a
1543 461 1645 491 choro

198 509 330 540 Plinius
346 509 404 540 lib.
423 519 472 541 ix.
489 520 565 550 cap.
584 513 634 541 11.
659 510 898 542 ‘Testudinnm
953 511 1151 551 rapiuntur!

198 560 372 600 putamina
395 570 510 591 secare
537 560 570 591 in
597 561 751 600 laminas,
778 561 898 592 lectos·
996 564 1010 592 l
1039 562 1225 592 Foemineam
1250 562 1389 602 cherson]
1412 561 1486 592 Hoc
1502 566 1566 599 est,
1584 566 1651 590 tes-

199 619 264 650 que
281 616 315 640 et
341 611 544 650 repositaria
571 610 623 642 his
638 611 764 641 vestire
779 610 897 641 Corbi-
953 609 1103 642 tudinem
1121 610 1311 641 foemineam
1338 615 1547 650 terrestrem,
1570 620 1644 650 qnae

197 660 260 691 iius
276 659 387 691 Pollio
413 661 573 700 institnit,
590 661 721 702 prodigi
747 665 781 692 et
803 671 897 701 saga·
951 662 1110 692 masculis
1138 667 1173 692 et
1196 661 1331 691 marinis
1347 660 1487 691 inferior
1503 661 1645 691 habeba-

199 711 247 741 cis
275 711 317 741 ad
341 711 484 742 luxuriae
503 712 730 742 instrumenta
747 711 896 751 ingenii.’
952 716 1018 742 tur.
1063 712 1117 743 Sic
1145 712 1327 752 ioquumur
1355 712 1564 751 gustatoria:
1598 712 1645 741 sic

199 759 269 790 Alii
285 766 427 791 censent
454 762 680 801 gustatorium
707 772 778 793 esse
808 761 897 793 idem
950 762 1148 803 intelligunt
1165 771 1280 794 omnes
1297 762 1512 802 interpretes,

199 811 288 851 quod
306 811 561 852 repositorium,
574 812 616 843 de
631 822 697 854 quo
716 812 897 845 Petronius

784 969 1078 1011 LXXXIX.

732 1070 896 1100 MENSA
931 1070 1126 1100 crrREA.

205 1146 392 1188 Accu‘E
414 1146 582 1196 felices,
605 1146 830 1189 Atlantica
849 1160 1042 1198 munera,
1061 1148 1209 1201 sylvas
1228 1161 1236 1187 ε

262 1213 412 1256 Aurea
433 1216 508 1269 qui
530 1216 693 1257 dederit
713 1216 844 1266 dona,
867 1216 1037 1256 minora
1055 1215 1195 1255 dabit.

239 1334 358 1408 'Ace-ige
378 1336 515 1376 pretiosa
537 1336 624 1375 ligna
648 1337 729 1368 dona
751 1336 930 1368 Atlantica.-
956 1336 1008 1376 qut'
1034 1335 1174 1376 affecerit
1203 1333 1378 1365 muneribus
1401 1333 1514 1368 aureis,
1537 1332 1646 1373 afficiet

202 1387 315 1408 mznorz
338 1387 383 1408 us.

856 1421 994 1452 NOTAE

245 1488 260 1516 1
287 1485 399 1525 Accipe
416 1484 542 1525 felices]
575 1485 730 1516 Mensam
757 1485 900 1516 citream
956 1485 1083 1515 tronius
1099 1484 1171 1515 Sat.
1193 1485 1201 1500 ‘
1216 1485 1304 1515 Eece
1329 1482 1419 1513 Afris
1436 1487 1532 1513 cruta
1556 1479 1651 1511 terris

200 1536 428 1577 interpretare
452 1545 495 1567 ex
512 1535 666 1573 Atlante,
682 1534 899 1566 Mauritaniae
955 1536 1071 1566 Citrea
1090 1537 1228 1565 mensa.'

200 1593 328 1620 monte.
373 1587 461 1619 Vide
478 1587 534 1619 lib.
552 1597 593 1618 11.
611 1587 712 1628 Epig.
741 1589 796 1618 43.
835 1587 899 1617 Pe-

878 1736 983 1778 XC.

724 1838 891 1868 MENSA
915 1837 1131 1867 ACERNA.

210 1907 320 1948 NON
346 1920 443 1948 sum
465 1906 615 1960 crispa
632 1906 827 1960 quidem,
847 1918 926 1946 nec
948 1904 1087 1958 sylvae
1103 1904 1195 1945 filia
1217 1903 1413 1945 Maurae:

266 1975 356 2017 Sed
378 1979 537 2016 norunt
556 1976 700 2016 lautas
722 1980 766 2015 et
785 1987 886 2015 mea
905 1974 1026 2026 ligna
1046 1973 1199 2026 dapes.

247 2098 398 2137 Equidem
423 2107 483 2127 non
496 2107 566 2127 sum
592 2096 740 2137 crispata,
757 2105 811 2127 nec
825 2099 900 2126 nata
921 2095 955 2125 in
969 2095 1056 2135 sylva
1072 2094 1207 2124 Maura:
1229 2094 1282 2123 sed
1304 2096 1333 2123 et
1350 2091 1446 2132 epuloe
1470 2093 1653 2130 praestantes

201 2141 339 2179 cogniloe
354 2143 428 2171 sunt
442 2140 517 2170 meis
535 2140 642 2179 lignis.

864 2189 1009 2223 NOTAE

246 2260 263 2288 1
290 2257 363 2288 Non
378 2267 444 2288 sum
468 2256 584 2297 crispa]
617 2257 694 2288 Hoc
710 2260 784 2288 est:
808 2255 905 2286 Licet
960 2253 1056 2294 tiosa,
1071 2256 1221 2284 attamen
1249 2261 1290 2283 ex
1317 2260 1415 2282 acere
1442 2249 1562 2280 arbore
1578 2258 1655 2279 con-

204 2316 271 2338 non
288 2307 349 2339 sim
367 2308 474 2340 citrea
499 2317 562 2338 nec
579 2307 699 2348 crispis
715 2306 811 2338 venis
830 2315 905 2346 pre-
959 2303 1049 2335 secta
1065 2303 1216 2344 proxime
1233 2302 1363 2334 accedo
1376 2300 1418 2332 ad
1437 2300 1589 2332 citream.

869 2456 1002 2498 XCI.

721 2552 914 2582 DENTES
950 2550 1146 2581 EBOREI.

208 2634 449 2675 GRANDIA
472 2634 694 2671 taurorum
714 2634 894 2683 portant
912 2629 987 2683 qui
1009 2639 1207 2681 corpora,
1229 2625 1406 2678 quaeris,

264 2700 338 2741 An
360 2700 553 2753 Libycas
578 2697 754 2751 possint
775 2696 1041 2737 sustinuisse
1063 2693 1238 2735 trabes?

250 2812 356 2850 Rogas
366 2819 405 2840 an
416 2809 536 2840 valeant
543 2806 659 2844 fulcire
672 2805 773 2836 trabes
788 2804 932 2845 Libycas,
946 2803 1115 2844 quiserunt
1132 2798 1271 2840 ingentia
1286 2806 1413 2838 corpora
1431 2799 1588 2828 taurorum
1602 2796 1618 2828 :¹
