1893 3225
592 268 997 300 rePfflRixMMA'rUM
1037 268 1128 297 1213.
1166 268 1270 296 Vlll.
1559 255 1641 296 001

302 367 546 420 slidemque
569 365 743 415 Martis,
762 368 805 405 et
826 363 1037 404 colosson
1060 363 1253 415 Augusti

302 436 455 477 Curris
477 448 557 488 per
578 446 730 475 omnes
752 432 1010 485 tertiasque,
1035 431 1318 484 quintusque.

302 503 446 556 Rape,
466 514 663 554 congere,
685 500 822 550 aufer,
842 498 1050 554 posside:
1083 499 1414 552 relinquendum
1434 502 1513 539 est.

300 571 502 624 Superba
523 570 673 611 densis
695 581 798 609 arca
817 568 985 622 palleat
1005 567 1206 615 nummis,
1588 566 1643 606 10

300 639 486 680 Centum
501 638 779 691 explicentur
799 636 975 688 paginae
999 634 1327 676 Kalendarum:

298 708 328 748 J
333 708 478 748 urabit
496 706 651 755 haereS,
673 709 715 746 te
738 704 847 744 nihil
866 704 1111 757 reliquisse,

300 775 532 828 Supraque
553 773 749 827 pluteum
772 777 813 813 te
828 772 1024 825 jacente,
1044 772 1115 813 vel
1137 784 1311 820 saxum,

300 843 458 883 Fartus
479 855 652 896 papyro
675 841 778 882 dum
800 842 878 882 tibi
900 844 1023 882 torus
1045 841 1215 890 crescit,

299 910 473 952 Flentes
495 911 711 964 superbus
731 910 929 951 basiabit
949 910 1202 961 eunuchos3
1589 905 1646 945 15

297 978 485 1032 Tuoque
508 979 644 1019 tristis
665 978 798 1027 filius,
818 978 929 1019 velis
949 977 1080 1027 nolis,

299 1044 412 1086 Cum
434 1047 685 1087 concubino
707 1050 836 1088 nocte
858 1046 1046 1087 dormiet
1065 1046 1222 1100 prima.

182 1177 285 1199 omnes
295 1177 396 1208 equos,
420 1172 451 1200 et
466 1169 610 1208 templum
633 1168 766 1207 Martis,
791 1171 821 1198 et
839 1169 984 1198 colossum
1005 1167 1155 1207 Augusti,
1177 1166 1278 1198 curris
1293 1174 1347 1205 per
1359 1173 1460 1194 omnes
1475 1162 1599 1198 tertius,
1615 1162 1646 1192 et

182 1211 317 1250 quintas.
364 1212 465 1252 Rape,
477 1212 649 1248 accumula,
664 1211 765 1250 auser,
788 1212 922 1250 posside,
934 1211 1168 1250 relinquendum
1185 1213 1242 1241 est.
1288 1208 1428 1248 Superba
1442 1216 1514 1236 arca
1529 1205 1647 1245 palleat

180 1254 290 1292 spissis
304 1255 450 1294 nummis,
465 1255 649 1294 aperiuntur
663 1257 784 1284 centum
798 1254 923 1292 pagina>
950 1254 1162 1284 Kalendarum
1178 1263 1187 1283 .·
1210 1253 1308 1283 hoeres
1315 1249 1438 1289 jurabit
1454 1253 1485 1280 te
1505 1248 1583 1278 nihil
1598 1257 1648 1276 re·

181 1297 320 1336 liquisse,
345 1301 375 1328 et
397 1301 427 1328 te
442 1300 622 1338 exporrecto
637 1306 730 1337 super
742 1298 880 1336 pluteum
903 1299 955 1327 uut
967 1296 1113 1336 lapidem,
1125 1297 1198 1327 (lum
1212 1299 1298 1326 torus
1310 1294 1516 1325 circumdatus
1524 1300 1645 1332 papyro
1704 1301 1709 1307 ·

180 1341 355 1371 exstruitur
369 1340 439 1381 tibi,
452 1350 604 1380 arrogans
619 1340 806 1370 osculabitur
819 1341 982 1380 plorantes
997 1339 1148 1370 eunuchos
1171 1338 1189 1356 *
1212 1338 1231 1355 ³¹⁶

796 1424 891 1435 cerev
893 1424 1030 1436 ‘‘‘‘‘

184 1479 438 1519 tertiaque.—10
461 1479 599 1520 Superba
614 1480 719 1511 densis
734 1490 807 1510 arcu
818 1480 949 1520 pullulet
966 1480 1000 1510 in
1021 1479 1222 1520 quibusdam
1241 1481 1327 1508 vett.
1339 1480 1373 1507 et
1398 1475 1447 1506 sie
1470 1475 1504 1505 in
1528 1472 1645 1504 codice

182 1522 311 1552 Dousae
326 1522 451 1553 P.—14
475 1524 611 1553 Fructus
619 1533 735 1564 papyro
753 1523 960 1553 Beverlan'di
977 1523 1131 1553 Ms.—l5
1160 1522 1287 1552 Flentes
1302 1518 1462 1560 superbum
1475 1527 1517 1549 ex
1527 1516 1646 1549 codice

183 1564 342 1596 Palatino
358 1565 445 1606 legit
461 1565 642 1599 Gruterus.
692 1567 814 1597 Flentes
831 1566 976 1606 superbos
992 1565 1192 1596 Scriverius.

838 1642 982 1673 NOTAE

181 1704 281 1737 dinis.
326 1706 430 1737 Forte
446 1705 751 1747 intelligitstatuas
768 1716 885 1748 eques·
940 1708 994 1738 let.
1038 1707 1166 1738 Videat
1181 1707 1302 1737 lector,

179 1761 249 1787 tres
265 1757 299 1787 in
315 1755 389 1787 foro
406 1757 541 1798 positas.
987 1761 1025 1788 ll
1066 1758 1198 1788 Centum
1238 1752 1451 1796 explicentur]
1500 1752 1646 1783 Centum

223 1810 242 1837 7
269 1808 411 1838 Colosson
438 1808 591 1848 Augusti]
623 1809 732 1840 Quem
761 1808 884 1840 descri—
942 1809 1151 1840 creditorum
1170 1808 1297 1839 tabulae
1322 1805 1531 1846 aperiantur,
1546 1812 1650 1841 nega-

180 1858 230 1889 bit
246 1858 433 1888 Marlianus
450 1857 510 1889 lib.
530 1867 586 1888 111.
603 1868 678 1898 cap.
695 1861 725 1889 6.
941 1859 991 1889 bit
1006 1860 1117 1889 haeres
1140 1858 1318 1899 quicquam
1334 1867 1353 1887 a
1369 1854 1532 1887 defuncto
1550 1853 1649 1884 relic-

223 1912 243 1940 8
268 1909 330 1939 Per
355 1918 457 1939 omnes
479 1909 607 1949 tertias]
641 1907 808 1939 Decurias
829 1908 885 1948 ju·
942 1915 1103 1950 tum,qno
1119 1908 1200 1948 ipsis
1223 1907 1342 1938 debita
1372 1905 1516 1946 pecunia
1541 1904 1647 1934 solva-

180 1959 294 1990 dicum
327 1958 525 1998 intelligunt
557 1959 627 1998 alii,
662 1968 738 1999 quae
777 1959 885 1999 primo
941 1967 1017 1992 tur:
1044 1959 1185 2000 singulis
1211 1968 1291 1989 vero
1318 1956 1484 1989 Kalendis
1500 1965 1611 1986 usurae
1628 1964 1648 1985 a

182 2016 265 2050 tres,
280 2011 400 2052 quibus
417 2009 594 2051 Augustus
612 2015 779 2052 quartam,
796 2011 886 2042 Cali—
942 2011 1158 2042 debitoribus
1179 2009 1418 2050 exigebantur.

181 2061 261 2101 gula
285 2060 438 2102 quintam
468 2060 624 2091 addidit:
659 2061 717 2091 alii
735 2070 815 2091 vero
829 2061 886 2091 ho-
985 2064 1023 2092 14
1048 2062 1167 2092 Fartus
1190 2060 1325 2100 papyro]
1362 2060 1438 2090 Qua
1464 2056 1648 2088 utebantur

181 2123 232 2143 ras
246 2113 529 2152 interpretantur.
572 2112 673 2152 Epig.
690 2115 741 2143 07.
760 2111 860 2142 iussas
942 2112 984 2142 ad
1008 2121 1127 2153 rogum
1143 2109 1353 2142 struendum.
1398 2107 1473 2140 Lib.
1493 2117 1529 2139 Χ.
1548 2107 1647 2147 Epig-

225 2167 265 2195 10
289 2163 429 2203 Pulleut]
467 2163 620 2204 Argento
634 2173 768 2203 nempe,
790 2163 887 2203 cujus
941 2165 994 2194 97.

181 2216 274 2248 color
290 2215 434 2256 pallidus
448 2219 513 2247 est.
559 2213 627 2245 Alii
643 2214 772 2255 legunt,
787 2215 888 2255 pullu·
922 2224 928 2229 ·

398 2462 466 2494 AD
501 2463 735 2493 FLACCUM
772 2464 835 2492 DE
870 2463 1061 2493 REDlTU
1098 2464 1137 2492 P.
1170 2461 1426 2492 TERENTM.

185 2530 400 2572 Pmscus
423 2532 480 2572 ab
504 2531 694 2572 AEtnaeis
711 2531 832 2580 mihi,
855 2530 1033 2581 Flacce,
1055 2530 1290 2573 Terentius
1312 2529 1402 2570 oris

242 2597 486 2640 Redditur:
517 2599 631 2640 hanc
650 2599 795 2640 lucem
816 2599 961 2639 lactea
982 2611 1152 2651 gemma
1172 2602 1310 2638 notet.

227 2704 258 2736 Ο
276 2705 398 2747 flacce,
411 2706 540 2738 Priscus
555 2707 718 2739 Terentius
734 2707 816 2739 redit
836 2708 876 2738 ad
891 2717 938 2738 me
951 2718 969 2738 α
985 2706 1163 2747 regionibus
1177 2706 1314 2738 Sicilire:
1337 2707 1469 2738 calculus
1481 2705 1567 2738 albus
1579 2706 1646 2746 sig-

793 2780 1030 2792 eaeeeeeeeeee

226 2832 278 2865 Aa
294 2833 438 2865 Flaccum
449 2832 626 2875 inscriptio
643 2835 740 2867 estin
752 2836 831 2869 edd.
848 2840 997 2869 vem—3
1023 2837 1088 2870 Ed.
1101 2836 1207 2878 antiq.
1225 2837 1359 2869 Ferrar.
1373 2846 1426 2868 an.
1444 2838 1539 2867 1471.
1563 2834 1642 2866 Ald.
