1893 3225
237 218 350 260 loo-2
686 225 733 254 M.
767 223 877 252 VAL.
911 221 1186 252 MAR‘mAms

889 411 1078 453 CCVII.

895 503 1077 532 IDEM.

236 569 378 609 SUME
399 567 665 622 Cytheriaco
686 566 953 607 medicatum
969 571 1138 607 nectare
1162 570 1315 606 ceston
1335 579 1343 605 :

296 635 423 676 Ussit
440 642 682 690 amatorem
705 635 880 694 baltens
901 634 984 675 iste
1004 632 1033 674 J
1037 646 1175 674 ovem.

279 758 387 798 Accipe
400 762 501 789 ceston
515 757 664 789 imbutum
681 760 805 788 nectare
816 764 959 787 venereo:
983 755 1100 786 balteus
1115 755 1174 786 iste
1189 755 1327 786 incendit
1341 755 1449 785 Jovem
1466 756 1644 784 ammomum,

890 850 1034 883 NOTAE

275 920 294 947 :3
323 917 408 947 Ussit
424 918 608 957 amatorem]
631 917 722 948 Juno
737 924 859 956 nempe
870 916 933 946 hoc
990 915 1060 955 bet,
1073 920 1161 946 teste
1176 914 1340 946 Homero.
1357 914 1445 946 Vide
1460 914 1517 945 Ub.
1532 912 1690 954 vxAEpig.

231 967 348 998 balteo
369 967 491 999 Jovem
511 967 705 1008 precutiens
722 967 762 997 ad
777 967 826 997 sui
843 976 933 997 amo·
991 970 1042 999 13.

232 1027 302 1048 ren)
318 1019 438 1057 allicit,
453 1024 488 1049 et
508 1018 550 1049 ab
569 1018 640 1048 aliis
656 1018 824 1048 amoribus
843 1017 933 1047 cohi·

851 1180 1069 1222 CCVIII.

785 1271 1135 1301 NOTAles

232 1340 486 1382 CURRANT
509 1341 643 1381 verba
664 1341 785 1389 licet,
808 1353 962 1380 manus
984 1343 1054 1380 est
1076 1339 1268 1380 velocior
1289 1339 1402 1381 illis:

288 1408 497 1449 Nondum
518 1408 666 1460 lingua
686 1421 826 1456 suum,
850 1407 1008 1447 dextra
1030 1407 1198 1459 peregit
1221 1420 1347 1460 opus.

271 1525 420 1559 Quamvis
435 1525 527 1555 verbu
550 1526 690 1555 velociter
713 1523 924 1565 proferantur,
947 1533 1055 1554 manus
1077 1528 1122 1554 est
1147 1524 1276 1554 celerior
1298 1523 1380 1554 illis.-
1416 1522 1523 1562 lz'ngua
1549 1523 1681 1553 nondum

223 1568 354 1607 petfecz't
370 1577 460 1599 suum
477 1578 562 1608 opus,
586 1570 699 1598 dextra
718 1566 878 1608 perfecit.

886 1638 916 1669 N
924 1637 1028 1669 O'rAE

271 1702 437 1742 Notarius]
460 1703 527 1735 Qui
544 1712 666 1743 nempe
680 1702 843 1734 dictantis
858 1711 930 1732 ver·
986 1701 1040 1733 Ad
1071 1701 1253 1733 Notarium
1281 1700 1493 1732 velocissime
1511 1698 1688 1740 excipien-

225 1753 266 1784 ba
282 1753 489 1794 excipiebat,
506 1759 542 1785 et
563 1763 623 1794 per
649 1758 746 1785 notas
765 1753 814 1784 ita
831 1762 931 1793 expe·
985 1757 1077 1784 tem:
1099 1753 1108 1769 ‘
1126 1753 1176 1783 Tu
1203 1761 1299 1783 sensa
1319 1751 1427 1782 nostri
1445 1750 1595 1790 pectoris
1620 1749 1686 1779 Vix

225 1803 295 1834 dite
327 1804 512 1843 scribebat,
535 1809 574 1835 ut
603 1803 753 1844 linguam
782 1803 928 1834 dicentis
984 1804 1160 1845 dictajam
1173 1803 1259 1835 ceris
1274 1801 1473 1842 tene57’&c.

223 1860 467 1886 anteverteret.
490 1855 578 1886 Vide
594 1854 721 1886 Auson.
735 1854 835 1895 Epig.
854 1856 927 1885 146.

866 2001 1040 2044 CCIX.

811 2095 836 2123 c
857 2094 884 2123 o
908 2094 937 2123 N
959 2094 984 2123 c
1004 2094 1098 2123 HA.

224 2163 375 2205 LEvls
398 2164 454 2205 ab
473 2176 682 2217 aequorea
703 2166 855 2204 cortex
879 2161 1136 2203 Mareotica
1157 2161 1329 2204 concha

281 2231 403 2273 Fiat:
433 2231 651 2273 inoffensa
673 2235 817 2272 curret
832 2230 997 2271 arundo
1018 2230 1107 2272 via.

266 2344 389 2374 Concha
405 2343 566 2374 maritima
580 2343 693 2383 leviget
708 2343 856 2375 corticem
872 2342 1096 2374 Mareoticum:
1120 2343 1255 2373 calamus
1270 2346 1372 2374 curret
1386 2342 1438 2374 via
1451 2342 1609 2383 expedita.

836 2428 991 2439 oeeeaeeee
995 2427 1070 2440 ’θύα

267 2489 288 2558 (2¹
322 2485 381 2559 git
404 2484 475 2558 liniet
502 2483 620 2525 offensa
640 2484 739 2515 currit
769 2485 802 2515 in
834 2493 940 2524 marg.
967 2483 1023 2515 ed.
1047 2482 1178 2524 Langii.
1204 2482 1331 2515 Scilicet
1356 2483 1413 2525 off.
1437 2482 1520 2515 Vat.
1536 2481 1685 2513 Hit-undo

226 2538 265 2560 co
293 2552 299 2559 .
353 2537 435 2560 ever
452 2550 461 2559 .

881 2578 1021 2612 NOTAE

264 2649 279 2676 l
309 2648 428 2678 Cortex
443 2643 634 2685 Mareotica]
658 2644 736 2676 Hoc
752 2650 817 2686 est,
829 2645 924 2676 char·
976 2652 1053 2685 cap.
1071 2646 1122 2677 12.
1145 2644 1188 2676 de
1210 2644 1391 2685 generibus
1415 2644 1607 2676 chartarum
1634 2642 1683 2674 sie

221 2701 264 2728 tae
282 2705 498 2737 papyraceae,
525 2695 559 2726 in
585 2695 706 2737 quibus
728 2695 925 2727 scribebant
977 2696 1049 2728 ait:
1071 2697 1081 2713 ‘
1097 2696 1271 2728 Scabritia
1285 2695 1456 2736 levigatur
1473 2694 1589 2731 dente,
1604 2702 1682 2724 con-

221 2746 363 2787 antiqui,
378 2746 471 2777 leves
486 2744 636 2786 fiant,ut
661 2745 842 2778 scribendo
867 2755 925 2777 ca·
978 2746 1108 2786 chave,’
1132 2749 1196 2779 &c‚
1239 2746 1407 2777 Mareotis
1433 2754 1515 2777 vero
1540 2743 1680 2785 AEgypti

221 2797 327 2827 lamus
344 2805 411 2827 non
433 2795 574 2829 baereat.
617 2795 750 2827 Plinius
768 2795 825 2828 lib.
843 2804 924 2829 xm.
981 2807 1058 2838 pars
1073 2803 1139 2838 est,
1155 2797 1212 2829 nbi
1227 2797 1422 2840 frequentes
1446 2800 1525 2828 sunt
1546 2794 1680 2837 papyri.
