1893 3225
251 215 336 254 972
723 226 771 254 M.
807 224 918 255 VAL.
954 225 1226 255 ,κιΑῐὶίἰΛΙὼ4

905 352 1055 394 XCV.

887 444 913 470 o
935 442 963 471 R
989 444 1016 472 Y
1040 444 1088 472 x.

249 508 640 550 MATUTlNARUM
665 522 750 550 non
770 509 927 551 ultima
947 510 1099 564 praeda
1118 511 1302 552 ferarum

304 577 459 617 Saevus
481 589 606 630 oryx,
630 581 809 618 constat
831 583 939 631 quot
959 579 1065 619 mihi
1087 585 1230 620 morte
1250 582 1437 621 canum?

292 687 411 717 Canum
422 690 519 717 morte
530 696 596 717 emo
605 686 711 724 ferum
726 696 866 727 orygem,
882 697 943 718 non
957 688 1100 718 ultimam
1112 690 1252 728 praedam
1261 688 1408 726 ferarum
1421 690 1654 724 matutinarum.

875 761 1008 772 oeeeeeo
1013 761 1090 773 eece

287 807 307 834 2
331 804 415 835 Erix
428 804 504 835 cod.
522 804 659 835 Beverl.
708 805 797 840 Quod
826 806 900 837 cod.
918 806 952 837 in
976 816 1082 847 marg.
1099 806 1151 837 ed.
1169 807 1249 837 Par.
1268 810 1363 838 1617.
1387 813 1422 839 et
1446 808 1494 839 sic
1512 807 1591 842 Ald.
1606 809 1702 842 Junt.

246 847 354 879 Coliu.
403 848 466 884 Qm‘
481 847 556 878 ead.
572 848 626 878 ed.
642 848 721 878 Par.

900 901 1043 934 NOTAE

288 969 303 995 1
340 965 587 1007 Matutinarum]
625 967 757 997 Seneca
784 967 894 1008 Epist.
911 971 943 1000 7.
999 972 1037 999 ut
1053 967 1195 999 adorare
1226 978 1302 998 eum
1318 969 1523 1001 sternuerit.'
1551 969 1634 1010 Cap.
1647 972 1701 1006 46,

244 1016 300 1046 lib.
318 1025 340 1046 1.
371 1016 381 1032 ‘
394 1016 498 1047 Mane
515 1016 670 1048 leonibus
688 1023 722 1048 et
738 1018 823 1049 ursis
840 1019 945 1050 houii-
1000 1018 1060 1052 lib.
1085 1028 1138 1049 Χι.
1178 1020 1186 1035 ‘
1204 1019 1377 1050 Unicorne
1409 1019 1576 1051 bisulcum
1593 1019 1701 1060 oryx.'

245 1076 317 1106 nes,
334 1067 475 1098 meridie
497 1067 751 1107 spectatoribus
768 1069 836 1100 suis
863 1070 946 1110 obji-
999 1069 1088 1100 Vide
1105 1069 1297 1101 AElian.l·11›.
1318 1079 1468 1110 vn.cap.
1486 1072 1514 1100 S.

242 1118 446 1149 ciebantur.’
492 1119 650 1150 Diximus
665 1120 739 1160 jam
764 1121 863 1161 Epig.
891 1124 944 1153 25.
1048 1121 1178 1152 Constat
1197 1124 1267 1161 quot
1291 1121 1375 1161 [qui]
1401 1121 1468 1152 Alii
1480 1125 1598 1152 constat
1616 1125 1700 1162 quot,

240 1168 300 1199 lib.
313 1177 347 1199 x.
363 1169 515 1200 homines
531 1179 628 1201 mane
645 1172 850 1212 pugnavisse
868 1182 944 1203 cum
1000 1170 1082 1212 Esau?
1114 1172 1203 1202 Haec
1219 1172 1320 1202 lectio
1337 1181 1402 1202 non
1419 1172 1593 1212 displicet.
1617 1173 1700 1203 Sen-

242 1218 336 1250 fetis.
1000 1231 1056 1252 sus
1072 1227 1146 1252 est:
1172 1221 1212 1251 In
1237 1221 1416 1252 venatione,
1428 1222 1607 1262 matutina,
1623 1232 1697 1264 quae

287 1273 307 1301 2
330 1270 440 1301 Saevus
455 1270 551 1311 oryoe]
584 1271 715 1302 Plinius
730 1271 789 1304 lib.
807 1282 848 1304 11.
864 1283 941 1314 cap,
997 1282 1120 1313 nempe
1137 1272 1283 1303 dabatur
1295 1272 1329 1302 in
1346 1273 1606 1312 amphitheatro,
1616 1282 1699 1313 oryx

241 1325 295 1353 40.
320 1324 328 1338 ‘
344 1322 497 1362 Orygem
521 1323 675 1363 appellat
700 1322 870 1364 [Egyptus
894 1324 943 1355 fe·
997 1330 1118 1364 captus
1137 1324 1190 1354 vel
1217 1322 1419 1355 interfectus
1441 1325 1565 1355 multos
1594 1333 1695 1355 canes

241 1381 326 1410 ram,
343 1382 441 1413 quam
458 1372 491 1403 in
517 1378 641 1404 exortu
665 1373 735 1414 ejus
751 1374 943 1415 (caniculae)
997 1375 1090 1415 prius
1106 1373 1293 1405 interfecit.

240 1427 360 1454 contra
372 1428 514 1464 stare,et
524 1424 679 1455 contueri
693 1424 810 1465 tradit,
820 1435 858 1457 ac
873 1426 942 1457 vel-

825 1632 850 1661 ο
872 1632 898 1661 Ε
914 1631 944 1660 R
963 1633 987 1659 v
1012 1632 1038 1661 U
1060 1632 1096 1662 S.

241 1686 337 1727 ch
362 1691 456 1728 erat
476 1687 548 1728 ille
570 1691 647 1728 tuo
668 1687 872 1738 domitus,
896 1688 1155 1742 Cyparisse‚
1180 1692 1371 1745 capistro
1390 1705 1398 1731 :

296 1754 367 1795 An
383 1756 522 1809 magis
544 1756 629 1796 iste
649 1760 767 1806 tuus,
789 1755 948 1806 Silvia,
967 1770 1124 1798 cervus
1148 1760 1273 1799 erat?

282 1864 313 1896 O
333 1866 511 1931 Cypgirisse,
532 1867 583 1897 hic
604 1871 672 1897 erat
693 1867 746 1898 ille
769 1868 904 1899 domitus
919 1871 973 1898 tuo
994 1867 1122 1905 sroeno:
1145 1880 1185 1900 an
1197 1870 1312 1910 potius,
1338 1879 1357 1900 ο
1381 1868 1493 1909 Silvia,
1509 1869 1568 1900 iste
1589 1879 1695 1900 cervus

238 1912 305 1939 erat
319 1912 406 1940 tuus.

842 1961 1083 1975 ‘coement‘

279 1996 299 2024 2
316 1994 420 2026 Selvz'a
437 1998 536 2026 certus
552 1995 617 2026 Ms.
638 1995 774 2027 Beverl.

893 2039 1036 2072 NOTAE

279 2104 300 2132 2
326 2101 456 2141 Cervus]
478 2101 603 2132 Similis
616 2102 666 2132 illi
687 2112 788 2143 quem
802 2103 940 2135 domue-
997 2114 1095 2144 nova,
1111 2110 1147 2136 tu
1164 2105 1280 2146 liquidi
1299 2105 1445 2137 ducebas
1465 2105 1565 2136 fontis
1579 2105 1620 2136 ad
1639 2114 1695 2136 un-

237 2156 291 2182 rat
307 2151 519 2192 Cyparissus,
534 2152 577 2183 de
590 2162 655 2194 quo
670 2152 814 2184 Ovidius
830 2154 886 2186 lib.
904 2163 937 2187 x.
995 2155 1079 2192 dasss
1096 2159 1161 2188 &c.
1206 2157 1269 2188 Vel
1283 2157 1424 2188 similior
1439 2157 1486 2187 illi
1500 2165 1598 2198 quem
1615 2165 1691 2187 cau-

237 2203 325 2234 Met.
361 2204 370 2221 ‘
388 2203 455 2234 Sed
482 2209 596 2234 tamen
630 2208 709 2234 ante
738 2205 820 2236 alios
843 2205 934 2237 Coeae
992 2216 1063 2238 sam
1078 2207 1158 2239 belli
1171 2206 1274 2239 fuisse
1288 2208 1544 2248 dicitVirgilius
1561 2206 1692 2238 AEneid.

236 2254 465 2293 pulcherrime
483 2254 592 2293 gentis
617 2255 743 2286 Gratus
759 2261 844 2293 erat,
868 2256 934 2296 Cy·
990 2267 1055 2290 vn.

238 2305 380 2345 parisse,
403 2304 488 2336 tibi:
518 2310 555 2336 tu
576 2305 700 2345 pabula
726 2315 863 2338 cervum
880 2307 934 2338 Ad

858 2427 1065 2470 XCVII.

822 2517 849 2545 L
865 2518 895 2546 A
916 2518 941 2546 L
962 2517 1044 2548 181
1066 2519 1107 2547 ο.

238 2583 348 2625 CUM
373 2586 490 2623 tener
512 2584 581 2623 est
595 2596 768 2636 onager,
789 2586 974 2640 solaque
995 2587 1142 2628 lalisio
1162 2592 1299 2629 matre

294 2651 525 2692 Pascitur:
558 2651 644 2692 hoc
665 2652 827 2703 infans,
847 2655 927 2696 sed
948 2656 1080 2697 breve
1101 2669 1262 2697 nomen
1283 2656 1434 2697 habet.

270 2750 358 2825 ngm
372 2758 487 2798 onager
513 2753 599 2781 tener
613 2754 670 2792 est,
686 2754 716 2782 et
731 2751 832 2783 lalisio
854 2753 996 2785 nutritur
1019 2754 1082 2785 solo
1095 2754 1185 2786 lacte
1203 2755 1328 2795 matris,
1355 2754 1401 2786 sic
1416 2753 1523 2793 infans
1545 2760 1687 2796 vocatur,

236 2803 267 2825 se
323 2803 388 2824 rect
404 2797 568 2834 tempore.
