1893 3225
548 246 950 277 ΕΡΙῼΒΛΜΜΛῚῪΜ
990 246 1083 275 mu.
1116 246 1187 275 xi.
1502 233 1588 273 811

789 409 937 450 XIII.

426 500 737 533 EfflTAPHmM
770 499 972 530 PARmis
1006 498 1305 528 PANTOMIMI.

249 570 494 621 QulsQffls
517 570 779 611 Flaminiam
800 569 921 618 teris,
941 568 1104 617 viator,

255 638 360 679 Noli
381 638 524 679 nobile
544 637 762 691 praeterire
782 648 982 677 marmor.

254 706 387 747 Urbis
409 706 600 757 deliciae,
622 706 821 759 salesque
844 703 954 754 Nili,

253 772 342 814 Ars
363 779 406 814 et
427 774 584 826 gratia,
604 774 729 815 lusus
749 778 793 814 et
814 772 1038 825 voluptas,

254 841 447 883 Romani
469 842 620 892 decus,
644 847 690 883 et
707 841 834 883 dolor
855 840 1028 889 theatri,
1565 850 1593 876 o

255 906 404 963 Atque
424 923 576 952 omnes
598 910 813 960 Veneres,
835 908 1182 962 Cupidinesque,

256 976 360 1019 Hoc
381 983 480 1020 sunt
500 979 696 1029 condita,
717 991 804 1032 quo
826 977 971 1027 Paris,
993 977 1213 1030 sepulcro.

187 1097 218 1129 O
235 1098 350 1139 viator,
365 1099 503 1140 quisquis
523 1100 660 1131 ambulas
672 1110 728 1141 per
744 1100 945 1137 Flaminiam,
967 1109 1005 1129 ne
1026 1101 1193 1138 proetereas
1207 1096 1329 1127 illustre
1344 1105 1489 1127 marmor.
1536 1095 1599 1125 De-

144 1141 226 1171 licia:
240 1141 338 1180 urbis,
354 1146 384 1173 et
407 1144 486 1174 sales
512 1143 593 1179 Nili,
617 1153 670 1174 ars
692 1147 723 1174 et
743 1143 862 1182 gratia,
881 1143 971 1180 jocus
994 1144 1024 1171 et
1049 1141 1202 1180 voluptas,
1228 1140 1322 1169 honor
1345 1142 1375 1170 et
1402 1148 1513 1169 moeror
1536 1137 1600 1167 Ro-

142 1185 227 1257 vlssanz:
249 1185 377 1226 theatri,
397 1189 487 1226 atque
512 1195 614 1217 omnes
646 1186 777 1218 Veneres
800 1189 828 1216 et
864 1184 1045 1225 Cupidines,
1067 1184 1188 1224 sepulta
1209 1185 1282 1213 sunt
1307 1182 1361 1213 hoc
1384 1182 1513 1221 tumulo,
1543 1189 1600 1220 quo

177 1237 252 1259 arzS.

753 1279 987 1292 eeeeeeeeeeee

169 1334 264 1409 tlipv‘.
281 1335 361 1409 [sige]
380 1336 510 1368 Paridis
522 1334 603 1368 Ald.
614 1335 715 1368 Junt.
727 1336 840 1368 Colin.
866 1333 1063 1367 Pantomimi
1079 1332 1245 1365 omittunt
1261 1335 1296 1363 et
1313 1331 1393 1363 edd.
1406 1331 1487 1362 Par.
1506 1332 1602 1362 1617.

146 1386 164 1409 e
227 1388 311 1409 arna
338 1401 346 1410 .

804 1421 946 1454 NOTAE

192 1493 208 1521 1
235 1490 385 1531 Quisquis
404 1491 604 1532 Flaminiam]
620 1491 708 1524 Vide
723 1492 780 1525 lib.
800 1501 846 1523 V1.
901 1490 1011 1523 simile
1027 1494 1092 1521 est.

150 1540 251 1581 Epig.
266 1542 411 1573 2S.huic
427 1543 548 1583 simile,
564 1548 600 1575 et
613 1543 670 1575 lib.
682 1552 734 1575 xx.
751 1543 849 1583 Epig.
946 1543 965 1572 7
995 1540 1104 1579 Paris]
1138 1538 1321 1570 Suetonius
1345 1538 1378 1568 in
1407 1537 1606 1569 Domitiano

148 1594 204 1622 29.
906 1601 982 1633 cap.
996 1594 1028 1623 3.
1049 1591 1058 1607 ‘
1072 1590 1207 1621 Deinde
1222 1598 1361 1620 uxorem
1377 1598 1471 1619 suam
1488 1588 1605 1619 Domi-

193 1646 214 1674 2
231 1644 390 1686 Marmor]
412 1644 454 1676 Id
470 1649 536 1686 est,
553 1645 747 1687 sepulcrum
763 1654 850 1676 mar·
906 1646 1001 1684 tiam,
1014 1654 1056 1675 ex
1069 1654 1136 1686 qua
1152 1644 1184 1674 in
1196 1642 1344 1674 secundo
1357 1651 1416 1673 suo
1428 1641 1609 1673 consulatu

152 1703 315 1726 moreum.
904 1695 1009 1726 filium
1021 1693 1300 1735 tulerat,Pa1·idis
1309 1692 1481 1724 histrionis
1494 1702 1608 1723 amore

196 1747 214 1775 3
242 1744 387 1786 Salesque
425 1746 512 1786 Nili]
544 1745 698 1787 AEgyptii
730 1755 853 1786 nempe
906 1746 1122 1787 deperditam
1139 1744 1358 1786 repudiavit!
1380 1744 1540 1780 Paridem
1553 1755 1609 1775 ve-

151 1795 267 1836 lepido
290 1801 394 1838 atque
418 1802 518 1828 acuto
541 1797 678 1837 ingenio
694 1797 820 1827 valent.
908 1807 946 1828 ro
962 1796 1109 1828 interfici
1120 1796 1224 1835 jussit
1237 1795 1462 1835 Domitianus,
1477 1799 1514 1826 ut
1530 1804 1610 1826 con-

194 1853 212 1879 5
238 1849 372 1880 Romani
383 1847 490 1887 decus]
514 1848 628 1879 Plauti
644 1847 855 1890 epitaphium
908 1852 978 1878 stat
993 1857 1036 1878 ex
1054 1847 1167 1878 Dione
1194 1846 1228 1877 iu
1245 1845 1452 1877 Domitiano.
1498 1845 1611 1886 Hujus

155 1901 245 1944 apud
270 1901 421 1933 Gellium
451 1900 509 1931 lib.
525 1909 551 1932 1.
582 1909 659 1940 cap.
693 1902 746 1931 24.
776 1899 854 1930 huic
909 1897 1045 1930 Paridis
1059 1896 1416 1930 meminitJuvenalis.

814 2089 956 2131 XIV.

740 2178 802 2209 DE
836 2178 1045 2209 COLONO.

160 2248 435 2299 HAEREDES,
456 2247 594 2289 nolite
619 2247 792 2288 brevem
813 2246 998 2299 sepelire
1022 2246 1222 2287 colonum
1241 2261 1250 2287 :

216 2316 336 2358 Nam
358 2324 469 2357 terra
490 2320 557 2357 est
578 2315 644 2356 illi
666 2314 1065 2368 quantulacumque
1086 2314 1245 2366 gravis.

205 2438 236 2469 Ο
253 2440 399 2479 lua-redes,
410 2438 505 2470 nolite
519 2438 645 2469 humare
662 2437 781 2469 brevem
794 2439 943 2469 colonum.
993 2437 1076 2468 Nam
1091 2436 1367 2477 quantulacumque
1383 2436 1468 2465 terra
1483 2436 1528 2464 est
1547 2443 1619 2474 ἔται

163 2481 210 2511 vis
224 2481 287 2512 ilci.

772 2542 1008 2556 “O“‘OO‘OOO

209 2589 260 2619 De
273 2588 374 2619 colono
389 2589 429 2619 acl
444 2588 580 2620 haeredes
595 2588 728 2623 Thuan.
745 2589 822 2621 cod.

821 2667 966 2700 NOTAE
1027 2697 1030 2700 .

212 2734 228 2762 1
264 2730 400 2772 Sepelire
434 2732 587 2773 colonum]
611 2733 690 2770 Qui,
721 2743 796 2765 cum
821 2733 866 2764 sit
920 2732 1008 2764 ludit
1024 2731 1057 2762 in
1081 2731 1144 2762 hac
1161 2729 1320 2766 formula,
1344 2728 1353 2745 ‘
1370 2728 1414 2758 sit
1442 2726 1502 2757 tibi
1533 2729 1622 2757 terra

169 2781 281 2812 brevis
308 2785 462 2816 staturae,
492 2781 546 2812 vel
568 2782 742 2813 levissimae
763 2788 864 2815 terra:
920 2782 1031 2823 levis‚’
1047 2781 1089 2813 de
1103 2791 1169 2822 qua
1191 2780 1249 2812 lib.
1263 2789 1290 2811 1.
1308 2778 1410 2820 Epig.
1428 2780 1479 2808 89.

167 2832 317 2864 ferendae
343 2841 408 2863 non
433 2832 499 2864 erit
522 2841 603 2873 par:
628 2832 739 2864 Poeta
751 2838 866 2865 antem
