1893 3225
249 219 334 260 942
726 229 775 260 M.
808 228 923 258 VAL.
959 228 1230 258 MAR'HALIS

907 322 1050 354 NOTAE

251 380 260 395 ⁴
282 378 397 410 Rubra
426 377 536 417 testa,'
558 377 620 408 hoc
648 380 713 415 est,
743 385 823 407 vase
851 375 948 407 fictili
1004 375 1175 406 conditam
1201 374 1380 406 comedens
1407 373 1497 405 domi
1521 374 1611 406 laute
1635 383 1700 406 coe-

253 429 368 459 rubro.
1005 426 1114 456 nabis.

292 482 312 510 2
337 479 505 510 Lautorum
515 477 621 518 coenis]
639 478 727 509 Nam
743 476 854 509 fabam
864 478 950 509 bene

908 585 1048 627 VIII.

906 675 1048 705 PAR.

254 744 419 786 IMBUE
439 745 635 798 plebeias
660 744 852 785 Clusinis
873 743 1074 797 pultibus
1095 742 1227 791 ollas,

306 812 366 854 Ut
386 817 505 854 satur
526 813 570 852 in
593 812 745 853 vacuis
764 811 913 852 dulcia
934 813 1078 851 musta
1100 809 1243 850 bibas.

251 974 262 1003 Ι
294 930 391 969 Imple
405 929 479 959 ollas
489 927 623 969 plebeias
641 926 779 959 Clusinis
790 925 944 967 pultibus,
960 928 993 956 ut
1010 925 1150 965 expletus
1163 928 1250 966 potes
1263 925 1369 956 suavia
1383 927 1484 955 musta
1496 923 1527 955 in
1552 923 1625 956 ollis
1646 934 1699 955 ex-

262 973 388 1004 mustis.

852 1020 1090 1032 eeeeeeeeeeee

288 1068 365 1099 Hoc
383 1071 418 1098 et
432 1074 574 1107 sequens
589 1065 705 1106 Epigr.
722 1069 894 1106 permutat
908 1064 962 1095 ed.
975 1064 1077 1095 Barh.

907 1133 1047 1165 NOTAE

291 1205 306 1232 l
334 1200 439 1232 Imlme
453 1200 599 1241 plebeias]
613 1199 689 1231 Hoc
706 1199 850 1231 disticho
862 1208 949 1240 prae·
1003 1196 1341 1237 commendeturque.
1353 1194 1532 1227 Turnebus
1545 1194 1703 1229 lib.xxv.

249 1253 334 1292 cipit
351 1251 533 1291 Martialis,
555 1252 642 1282 utin
662 1251 758 1290 ollas,
773 1260 848 1291 qnae
870 1249 949 1281 Clu·
1003 1259 1078 1290 cap.
1097 1252 1150 1280 28.
1190 1248 1340 1280 Clusium
1378 1257 1459 1278 vero
1496 1248 1700 1279 maritimum

250 1302 312 1333 sini
325 1301 423 1333 farris
437 1301 531 1342 pulte
549 1300 688 1331 imbutae
707 1300 849 1334 fuerint,
864 1309 951 1330 mus-
1002 1300 1134 1330 Tusciae
1165 1298 1328 1339 oppidum
1360 1303 1426 1335 est,
1448 1297 1549 1329 hodie
1578 1298 1699 1330 Chiusi.

251 1359 321 1383 tum
339 1352 507 1392 mittatur,
521 1350 612 1392 qnod
640 1361 680 1381 eo
696 1356 854 1392 tanquam
873 1359 951 1381 con·
1003 1350 1060 1381 De
1074 1348 1165 1380 farre
1175 1348 1254 1380 vide
1268 1348 1416 1379 Plinium
1432 1348 1488 1379 lib.
1500 1357 1611 1380 xvm.
1626 1358 1701 1388 cap.

250 1404 377 1443 diatur,
407 1408 443 1434 et
477 1402 518 1433 ad
556 1402 744 1434 bonitatem
782 1400 952 1442 proficiat,
1005 1403 1035 1431 8.

933 1508 1024 1549 ΙΧ.

891 1597 1068 1629 LENs

258 1669 445 1711 ACOEPE
470 1668 712 1720 Niliacam,
735 1668 922 1709 Pelusia
941 1680 1135 1717 munera,
1158 1666 1315 1707 lentem
1335 1679 1343 1706 ε

306 1736 454 1778 Vilior
475 1741 541 1778 est
563 1738 693 1788 alica,
714 1737 855 1778 carior
875 1736 953 1777 illa
972 1735 1089 1777 faba.

251 1886 272 1921 f
287 1842 408 1915 {Accipe
419 1843 533 1874 lentem
552 1842 723 1881 Niliacam,
737 1843 817 1873 dona
841 1842 988 1873 Pelusia:
1010 1841 1064 1871 illa
1086 1839 1219 1877 inferior
1235 1842 1278 1870 est
1294 1839 1386 1879 alica,
1406 1838 1571 1879 pretiosior
1589 1842 1702 1869 autem

268 1895 284 1916 α
306 1896 335 1915 α.

902 1926 1042 1958 NOTAE

294 1994 309 2022 1
329 1991 504 2031 Niliacam]
520 1991 561 2022 In
575 1991 719 2032 AEgypto
730 1989 950 2031 nempecirca
1005 1988 1193 2019 Pelusiacae
1231 1998 1348 2019 curam
1377 1987 1603 2029 aspernabere
1634 1988 1706 2017 len·

250 2042 414 2083 oppidum
442 2043 615 2073 Pelusium
633 2042 786 2072 nascitur
801 2042 873 2072 lens
891 2051 949 2081 op·
1006 2039 1083 2070 tis:'
1107 2044 1142 2069 et
1166 2039 1296 2069 Plinius
1318 2039 1375 2071 lib.
1399 2047 1508 2070 xvln.
1548 2047 1624 2078 cap.
1648 2040 1699 2068 12.

252 2094 342 2124 tima.
392 2093 556 2133 Virgilius
588 2103 613 2124 1.
644 2092 804 2133 Georgic.
845 2093 853 2109 ‘
873 2092 948 2123 Nec
1003 2091 1060 2121 De
1074 2090 1159 2121 anca
1175 2096 1208 2121 et
1224 2088 1301 2121 faba
1315 2099 1419 2131 supra
1432 2089 1573 2121 dictum.

948 2222 1015 2263 X.

709 2313 884 2344 SIMILA
921 2313 987 2342 EX
1020 2312 1241 2342 TRl'rlco.

255 2383 363 2424 Nssc
386 2383 550 2436 poteris
573 2381 730 2423 similae
754 2381 885 2421 dotes
907 2392 1148 2429 numerare,
1168 2392 1249 2420 nec
1271 2391 1391 2427 tISUS,

306 2450 471 2491 Pistori
492 2451 625 2491 toties
646 2462 746 2490 cum
769 2449 827 2490 sit
849 2451 892 2490 et
911 2452 1018 2502 apta
1041 2460 1166 2488 coco.

275 2592 284 2622 I
311 2549 379 2580 Nec
394 2547 508 2578 valebis
526 2546 645 2585 referre
660 2549 746 2578 dotes
759 2546 883 2588 similae,
899 2555 953 2577 uec
968 2555 1053 2583 usus,
1071 2556 1139 2577 cum
1150 2545 1301 2577 totmodis
1319 2545 1419 2587 pistor
1433 2549 1464 2577 et
1476 2553 1562 2576 cocus
1573 2547 1701 2575 utantur

249 2593 272 2622 il
286 2603 314 2623 u.

910 2631 1054 2664 NOTAE

298 2702 311 2730 1
339 2697 473 2739 Similae]
495 2697 580 2730 Quae
597 2701 649 2728 est
664 2696 724 2728 flos
741 2696 872 2729 farinae.
1002 2702 1177 2729 centarum
1214 2701 1250 2728 et
1279 2696 1483 2728 cibariorum
1513 2693 1693 2735 generibus

297 2748 412 2789 Dotes]
435 2748 511 2779 Hoc
527 2753 591 2788 est,
605 2748 714 2779 varios
730 2759 818 2780 usus.
1001 2749 1199 2782 condiendis
1216 2748 1390 2780 inserviat.

293 2803 313 2830 2
337 2799 459 2830 Pistori
472 2799 577 2839 toties]
602 2799 686 2831 Cum
704 2800 805 2831 variis
823 2803 856 2830 et
877 2799 947 2839 pla-
