1893 3225
267 253 351 294 790
743 264 794 294 M.
829 263 937 293 vAL.
973 262 1246 293 MARTiAms

372 358 588 398 'sonantis
609 371 721 408 aras,
742 358 989 411 horridique
1011 357 1210 411 Sylvaffi,

384 424 510 475 Quas
534 425 668 466 tinxit
687 425 786 478 agni
809 438 931 478 saepe
954 425 1149 477 sanguis,
1170 430 1250 465 aut
1277 424 1408 475 haedi,

386 493 711 547 Dominamque
732 494 878 535 sancti
901 493 1114 545 virginem
1135 492 1277 533 Deam
1298 493 1469 546 templi,

385 559 443 600 Et
462 574 592 614 quem
615 562 776 602 sororis
797 560 1014 614 hospitem
1034 560 1160 600 vides
1180 564 1319 602 castae

385 627 574 668 Martem
595 642 790 669 mearum
807 628 1051 681 prinoipem
1073 627 1395 677 Kalendarum,
1671 626 1728 667 lo

388 696 446 736 Et
467 695 674 737 delicatae
697 697 893 736 laureum
914 707 1068 734 nemus
1091 694 1252 745 Florae,

388 763 441 803 In
463 763 581 817 quod
604 763 770 816 Priapo
788 767 1084 817 persequente
1106 763 1316 816 confugit,

387 830 491 871 Hoc
515 844 642 871 omne
664 831 795 882 agelli
819 831 924 871 mite
946 830 1122 883 parvuli
1142 843 1301 871 numen

388 899 477 939 Seu
501 903 548 939 tu
568 911 734 948 errrore,
759 899 854 940 sive
879 899 1001 940 thure
1023 899 1241 952 placabis,

388 966 670 1020 Ubicumque
694 972 842 1008 noster
865 967 1089 1008 Martialis
1112 971 1197 1017 est,
1219 967 1358 1016 dices,
1674 965 1729 1005 15

386 1034 508 1084 Hac,
531 1048 651 1084 ecce,
673 1048 846 1076 mecum
869 1036 1051 1077 dextera
1072 1036 1174 1077 litat
1194 1036 1323 1077 vobis

387 1101 568 1143 Absens
591 1103 824 1155 sacerdos3
855 1118 935 1146 vos
958 1108 1111 1158 putate
1135 1108 1416 1158 praesentem,
1466 1122 1468 1126 v

388 1170 443 1211 Et
465 1170 566 1211 date
588 1171 775 1222 duobus,
798 1171 1011 1225 quicquid
1034 1172 1148 1213 alter
1169 1172 1341 1225 optarit.

271 1290 350 1321 ,ηερε
366 1280 478 1312 imbuit
494 1282 623 1321 sanguis
643 1282 732 1321 agni,
756 1285 784 1313 et
813 1283 909 1321 haedi,
931 1285 962 1312 et
977 1283 1129 1322 virginem
1155 1282 1257 1313 Deam
1271 1280 1424 1311 dominam
1447 1279 1547 1310 sancti
1562 1279 1679 1318 templi,
1701 1282 1731 1309 et

271 1325 411 1354 Martem
425 1325 596 1365 principem
613 1335 751 1356 mearum
775 1326 1003 1364 Kalendarum,
1026 1335 1115 1366 quem
1129 1328 1248 1365 spectas
1261 1325 1412 1363 hospitem
1426 1323 1547 1362 pudicoe
1562 1322 1686 1361 sororis,
1701 1326 1729 1352 et

271 1367 409 1397 laureum
425 1377 531 1398 nemus
544 1368 574 1398 F
575 1369 649 1398 loroe
665 1372 793 1407 teneroe,
812 1369 841 1399 in
857 1370 936 1408 quod
946 1368 1087 1408 confugit
1108 1368 1226 1407 Priapo
1241 1369 1449 1406 persequente.
1494 1365 1557 1396 Seu
1571 1365 1733 1403 sanguine,

270 1420 324 1440 seu
340 1410 430 1440 thure
442 1410 580 1450 placabis
594 1412 697 1441 omnia
724 1412 788 1442 hoec
805 1411 917 1441 blanda
941 1413 1067 1441 numina
1083 1411 1191 1449 exigui
1214 1411 1320 1448 agelli,
1349 1409 1537 1448 Ubicumque
1561 1411 1606 1438 est
1631 1411 1736 1438 noster

271 1453 448 1491 Martialis,
476 1453 605 1493 inquies,
629 1455 769 1484 sacerdos
792 1454 901 1484 absens
922 1464 988 1484 ecce
1015 1463 1131 1484 mecum
1156 1452 1240 1483 vobis
1264 1454 1336 1483 litat
1365 1452 1429 1482 hoec
1454 1462 1529 1483 inea
1542 1461 1635 1482 manu
1648 1461 1658 1487 ;
1682 1460 1735 1481 ros

271 1495 449 1527 existimate
462 1499 657 1536 praesentem,
679 1500 708 1527 et
723 1497 877 1527 concedite
887 1497 1031 1527 ambobus
1046 1496 1195 1537 quicquid
1211 1495 1376 1536 expetierit
1391 1496 1482 1525 alter.

885 1571 921 1582 oe
925 1571 1121 1583 eeuoeeooe

315 1616 333 1644 7
359 1612 414 1644 Sic
437 1613 513 1644 cod.
538 1613 718 1645 Pulmann.
759 1615 805 1645 Et
829 1614 907 1645 edd.
930 1617 1016 1645 vett.
1041 1618 1077 1646 et
1092 1613 1222 1655 Delph.
1239 1619 1275 1645 et
1290 1613 1524 1645 Farnab.—l5
1554 1613 1662 1645 Vester
1678 1611 1732 1644 ed.

271 1656 535 1688 Barbouii.-—l8
560 1657 691 1697 Optabit
704 1656 781 1688 cod.
800 1657 981 1688 Pulmann.

932 1743 1071 1775 NOTAE

315 1808 335 1837 6
360 1806 554 1848 Horridz'que
563 1806 707 1849 Syl-vani]
723 1808 790 1841 Qui
804 1817 978 1839 nemorum
1033 1809 1202 1850 sylvarum
1222 1809 1346 1847 Deam,
1362 1808 1418 1839 cui
1434 1807 1584 1839 dicatum
1600 1811 1675 1838 erat
1694 1817 1736 1838 eo

274 1858 371 1888 Deus
388 1862 453 1897 est,
468 1862 503 1888 et
520 1858 671 1898 pingitur
687 1862 725 1889 ut
741 1859 889 1898 Faunus,
905 1868 979 1889 cor-
1033 1860 1066 1890 in
1078 1860 1152 1891 loco
1166 1861 1330 1900 templum
1345 1870 1353 1890 ;
1370 1860 1487 1890 Diana
1499 1869 1578 1890 vero
1590 1864 1625 1891 et
1638 1860 1734 1890 Mars

275 1913 358 1939 nuta
374 1907 499 1949 fronte,
517 1911 583 1940 διο.
629 1909 767 1940 Natalis
782 1909 904 1940 Comes
922 1909 980 1941 lib.
1034 1920 1076 1941 ex
1086 1911 1175 1943 Jove
1188 1911 1258 1941 nati
1274 1915 1364 1942 sunt.

274 1967 308 1989 V·
321 1968 398 1999 cap·
415 1961 447 1989 9·
1078 1965 1118 1993 10
1156 1963 1303 1994 BIearum
1335 1961 1524 2002 principem]
1569 1960 1735 1991 Kalendis

315 2013 334 2040 7
360 2011 561 2046 Qussstinxit
581 2010 672 2050 agni]
698 2010 864 2042 Horatius
890 2010 978 2042 libro
1034 2023 1157 2054 nempe
1189 2014 1325 2045 Martiis
1349 2018 1448 2044 natus
1477 2017 1530 2044 est
1557 2013 1739 2052 Martialis,

274 2071 298 2091 1.
314 2061 384 2093 Od.
398 2064 429 2093 4.
451 2062 460 2078 ⁴
475 2062 575 2092 Nunc
587 2062 666 2093 etin
679 2061 844 2092 umbrosis
861 2061 978 2091 Fauno
1033 2064 1134 2105 Epig.
1147 2067 1201 2096 24.
1215 2075 1327 2105 snpra.

272 2113 376 2144 decet
391 2113 566 2144 immolare
583 2113 680 2153 lucis,
701 2113 768 2143 Seu
795 2117 913 2154 poscat
924 2122 979 2154 ag·
1081 2118 1121 2146 16
1146 2116 1231 2155 Hac,
1258 2115 1341 2156 ecce]
1366 2115 1444 2147 Hoc
1471 2120 1538 2154 est,
1567 2115 1737 2146 Martialis

274 2172 364 2202 nam,
382 2163 452 2195 sive
471 2164 567 2195 malit
582 2163 743 2195 haedum.'
1036 2164 1119 2196 licet
1149 2165 1272 2197 absens
1303 2176 1406 2197 manu
1430 2175 1506 2197 mea
1531 2165 1626 2197 vobis
1652 2165 1736 2196 faci&

316 2218 335 2244 8
360 2215 600 2256 Dominamque]
634 2215 713 2246 Hoc
731 2220 805 2246 est:
832 2215 979 2246 Dianam
1036 2215 1109 2247 haec
1121 2226 1229 2248 sacra.

906 2379 1093 2421 XCIII.

796 2469 863 2498 AD
905 2470 1229 2499 CLEMENTEM.

278 2535 327 2576 S1
357 2536 476 2589 prior
498 2536 751 2589 Euganeas,
770 2537 993 2587 Clemens,
1020 2537 1283 2579 Helicaonis
1305 2551 1422 2588 oras,

333 2603 549 2657 Pictaque
571 2607 824 2659 pampineis
845 2606 1011 2647 videris
1029 2619 1135 2648 arva
1149 2606 1288 2660 jugis,

321 2707 351 2739 O
372 2709 522 2750 Clemens,
543 2710 572 2741 si
584 2710 673 2751 prior
699 2711 860 2742 adveneris
887 2710 921 2741 in
935 2711 1093 2750 regionem
1110 2712 1293 2750 Euganeum
1317 2710 1512 2751 Helicaonis,
1534 2714 1565 2742 et
1587 2711 1621 2742 in
1645 2721 1738 2752 agros

889 2785 1127 2796 ‘eumen-‘eoo

328 2830 342 2857 1
371 2827 533 2859 Heliconis
559 2830 589 2859 in
606 2839 675 2860 oras
693 2828 772 2862 edd.
790 2834 872 2861 vett.
890 2835 924 2861 et
940 2830 1015 2862 cod.
1034 2831 1168 2861 Boverl.
1196 2830 1336 2870 ‘Inepte
1354 2829 1442 2861 hunc
1457 2830 1477 2862 l.
1495 2829 1737 2871 depravarunt,
