1893 3225
269 203 355 244 984
653 212 1059 243 EPIGRAMMATUM
1102 213 1193 244 mn.
1230 214 1342 245 xm.
1891 201 1893 272 i

930 307 1072 339 NOTAE

308 372 524 412 Tarentinum]
539 371 671 402 Plinius
683 372 741 402 lib.
758 380 832 402 xu-
848 381 922 413 cap.
936 375 967 404 6.
1026 374 1082 404 tali
1102 374 1329 413 Macedonian,
1354 379 1442 407 teste
1468 377 1624 409 Ferrario
1639 380 1727 410 refe·

265 425 272 439 ⁴
284 424 410 453 Verum
424 429 459 453 et
475 423 709 464 longinquiora
722 423 831 454 ltaliae
846 423 887 453 ab
901 422 969 454 Au-
1025 430 1119 456 rente
1141 426 1227 457 hunc
1254 436 1385 457 versum
1410 427 1590 459 Martialis.
1635 431 1643 446 ‘
1659 430 1726 461 Au-

265 474 358 503 sonio
376 473 460 503 mari
478 483 544 504 nou
571 480 691 505 carent
715 474 832 515 gloria,
846 476 968 506 Taren-
1023 474 1098 506 lon’
1118 481 1230 507 tamen
1259 485 1317 507 sen
1344 478 1352 492 ‘
1367 477 1496 508 Caulon
1511 478 1518 489 '
1543 480 1584 510 ab
1606 481 1724 512 eodem

265 527 346 565 tina,
363 531 398 557 et
423 526 638 565 Sei-vitiana‚'
663 529 728 559 δῖε.
783 528 829 558 Et
849 528 967 558 eodem
1024 526 1149 557 dicitur
1165 527 1327 567 oppidum
1345 527 1480 568 Magnae
1496 528 1652 567 Graeciae,
1668 531 1725 561 ho-

265 576 323 608 iib.
341 586 415 616 cap.
433 579 465 607 3.
489 578 497 593 ‘
512 577 656 608 Necnon
672 578 895 609 Tarentinum
913 587 968 618 ge·
1022 577 1077 608 die
1094 578 1314 618 Custelvetere,
1333 578 1367 608 in
1382 588 1440 609 ora
1457 578 1625 610 Calabriae
1639 581 1724 612 uite-

264 638 325 659 nus
342 627 447 669 aliqui
460 627 587 669 fecere,
599 628 766 669 praedulci
782 629 868 660 uva!
891 629 965 661 Lib.
1023 629 1115 668 riori,
1146 630 1247 669 juxta
1295 629 1560 669 promontorium
1594 631 1724 670 Cocyn-

266 689 345 710 vero
374 689 455 710 vui.
471 690 546 720 cap.
563 682 616 712 48.
643 680 714 720 agit
730 680 772 710 de
800 680 883 710 lanis
899 680 963 711 Ta·
1022 679 1126 709 thum.
1172 680 1224 710 De
1250 679 1310 710 hoc
1327 678 1453 719 oppido
1482 679 1571 721 loqui
1589 680 1724 711 videtur

264 731 419 762 rentinis.
1020 730 1141 762 Poiita.

308 786 320 813 1
348 781 464 822 Aulon]
486 781 577 813 Urbs
606 787 656 813 est
680 782 712 813 in
730 791 789 813 ora
805 781 961 813 occiden-

876 938 1112 980 CXXVI.

783 1028 1208 1058 UNGUENTUM.

264 1095 548 1138 UNGUEN'I'U
559 1108 591 1137 M
614 1095 780 1138 haeredi
800 1108 1039 1149 nunquam,
1057 1108 1141 1136 nec
1162 1096 1262 1137 vina
1284 1097 1517 1152 relinquas.

318 1164 401 1205 Ille
422 1164 582 1207 habeat
600 1178 802 1206 nummos
820 1178 829 1205 ε
862 1165 956 1205 haec
978 1165 1057 1205 tibi
1081 1169 1175 1206 tota
1196 1164 1312 1207 dato,

309 1290 474 1328 Nunquam
499 1288 653 1328 relinquas
668 1289 783 1319 haeredi
802 1292 1007 1327 unguentum,
1025 1298 1076 1319 nec
1092 1289 1173 1320 rina.
1224 1291 1279 1321 Ille
1294 1296 1495 1331 consequatur
1511 1301 1659 1327 numnms,
1687 1294 1722 1320 lu

259 1342 398 1362 consume
415 1332 478 1362 hoec
495 1334 573 1362 tota.

865 1384 1106 1394 -eeeeae-emeeo

303 1439 443 1470 Lemma
460 1437 577 1469 deficit
594 1438 625 1468 in
643 1438 697 1468 ed.
716 1437 884 1468 Barb.—l
919 1437 972 1468 Vel
987 1447 1048 1478 pro
1062 1447 1116 1469 nec
1130 1439 1196 1470 Ms.
1214 1439 1348 1471 Reverl.

921 1523 1061 1556 NOTAE

303 1592 315 1619 1
345 1588 411 1619 Nec
439 1590 512 1620 vina
538 1589 707 1631 relinquas]
743 1589 839 1620 Idem
871 1589 961 1620 dixit
1017 1590 1182 1630 Epig.77.

258 1639 313 1669 nb.
327 1648 374 1669 vi.
392 1639 493 1679 Epig.
507 1641 561 1672 27.
584 1639 673 1671 Vide
688 1640 790 1671 etiam
804 1639 862 1671 lib.
878 1648 962 1671 vni.

859 1790 1122 1833 CXXVII.

791 1880 990 1910 CORONA
1027 1880 1201 1910 ROSEA.

258 1947 367 1987 DAT
390 1948 638 1998 festinatas,
661 1947 832 1998 Caesar,
853 1948 934 1989 tibi
956 1949 1114 1989 bruma
1133 1962 1342 1989 coronas:

313 2015 550 2066 Quondam
573 2017 686 2058 veris
708 2021 816 2067 erat,
837 2030 951 2059 nunc
971 2021 1046 2058 tua
1069 2017 1191 2058 facta
1212 2031 1315 2059 rosa
1336 2021 1412 2058 est.

299 2126 421 2167 Caesar,
434 2126 541 2158 bruma
555 2127 614 2158 tibi
626 2128 772 2168 producit
793 2137 920 2159 coronas
932 2131 1150 2168 praematuras.
1175 2128 1261 2160 Olim
1276 2138 1346 2160 rosa
1355 2128 1628 2168 ηαεεεὺαίιιιϊενε,
1640 2138 1717 2160 nune

253 2170 394 2201 nascitur
406 2174 458 2202 tuo
463 2171 564 2210 jussu.

848 2223 1090 2235 eeeeeeeeee

294 2279 313 2307 2
337 2277 439 2307 Erant
455 2276 534 2308 edd.
552 2282 638 2308 vett.
656 2282 690 2308 et
717 2278 841 2318 Delph.
866 2283 902 2309 et
917 2278 1064 2309 Farnab.
1089 2278 1097 2294 ‘
1113 2277 1227 2309 Palat.
1253 2281 1347 2308 recte
1363 2281 1443 2315 erat,
1468 2281 1506 2308 nt
1534 2277 1576 2308 ad
1603 2287 1712 2309 rosam

252 2319 444 2352 referatur.'
465 2319 618 2352 Schrevel.

907 2363 940 2395 N
946 2363 1048 2395 OTAE

294 2430 306 2457 1
336 2426 473 2467 Bruma]
497 2426 686 2475 Solstitium
704 2426 888 2467 hybernum
903 2427 952 2458 in·
1007 2426 1089 2456 tiani
1115 2426 1235 2467 hyeme
1266 2426 1358 2456 nasci
1384 2426 1604 2457 assentatorie
1628 2426 1714 2458 dicit

250 2477 377 2517 tellige.
423 2477 513 2508 Vide
526 2477 587 2509 lib.
600 2487 648 2509 w.
664 2478 764 2518 Epig.
775 2480 828 2508 80.
842 2478 897 2508 nbi
910 2478 953 2508 de
1007 2477 1131 2509 Pozita.

248 2528 331 2559 rosis
348 2527 510 2568 hybernis
528 2538 612 2569 quas
629 2528 661 2559 in
679 2528 822 2569 gratiam
837 2528 954 2560 Domi-
