1893 3225
228 270 312 315 568
700 284 749 313 M.
783 284 893 314 VAL.
929 283 1203 314 MARTiAms

228 380 356 421 cilius
371 382 412 421 te
425 379 608 432 fatigare
628 384 826 433 possunt,
841 393 973 433 quam
985 392 1066 420 nos
1088 380 1265 428 satiare,
1281 377 1422 418 omnis
1443 389 1594 418 versus
1609 377 1674 418 in-

228 452 424 500 gereret.⁵
448 447 662 498 Quamvis
677 453 824 488 autem
840 448 1171 500 Epigrammata
1186 445 1471 487 severissimis
1485 456 1676 497 quoque,

228 519 271 555 et
290 528 505 568 supremae
527 514 741 556 fortunae⁶
757 513 775 536 ‘¹
808 515 915 555 viris
935 516 998 556 ita
1020 515 1186 568 scripta
1218 515 1320 564 sint,
1342 518 1389 554 ut
1410 513 1680 554 mimicam⁷e

227 584 455 624 verborum
467 583 691 624 licentiam
705 582 932 623 affectasse
947 583 1197 624 videantur:
1219 596 1298 635 ego
1313 585 1458 622 tamen
1474 577 1577 621 illisf
1592 593 1678 622 non

228 651 415 705 permisi
437 654 521 692 tam
541 651 706 692 lascive
727 651 860 704 loqui,
880 664 1010 704 quam
1045 651 1199 691 solent.
1261 649 1371 691 Cum
1391 662 1496 703 pars
1516 648 1614 689 libri
1635 653 1680 689 et

227 717 368 772 major
407 723 451 758 et
471 718 626 759 melior
647 718 704 759 ad
725 718 998 771 majestatem
1024 719 1138 758 sacri
1172 718 1360 758 nominis
1391 716 1455 758 tui
1489 716 1680 768 allegata

229 785 301 836 sit,
323 786 568 827 meminerit
598 799 688 827 non
717 786 831 826 nisig
858 786 1099 839 religionis8
1122 787 1422 839 purificatione
1442 785 1679 825 lustratus9

229 853 437 895 accedere
477 854 533 894 ad
562 854 726 908 templa
766 854 936 895 debere.
1006 853 1138 904 Quod
1168 858 1218 894 ut
1257 853 1573 894 custoditurum
1606 864 1677 892 me

227 922 381 962 lecturi
403 922 560 972 sciant,
582 923 627 962 in
648 923 748 975 ipso
779 922 919 962 libelli
937 921 1066 975 hujus
1084 921 1233 962 limine
1249 926 1282 944 ¹0
1303 921 1494 976 profiteri
1513 919 1680 962 brevis-

230 990 343 1031 simo
365 991 535 1044 placuit
559 990 896 1044 Epigrammate.

230 1094 337 1121 carent
363 1090 467 1121 divino
494 1094 547 1121 tuo
572 1090 682 1130 pudori
708 1090 884 1120 memoriam
921 1099 1043 1120 suorum
1065 1089 1301 1129 praeconiorum,
1324 1099 1390 1130 qua>
1414 1093 1538 1129 possunt
1551 1089 1682 1128 facilius

229 1133 343 1173 uff'erre
358 1133 417 1164 tibi
440 1134 578 1171 toerliam,
599 1143 687 1173 quam
702 1132 788 1163 nobis
804 1133 989 1163 satietatem.
1034 1132 1123 1163 Licet
1138 1136 1240 1163 autem
1254 1133 1315 1163 viri
1331 1133 1425 1163 etiam
1445 1132 1637 1172 gravissimi,
1650 1136 1681 1163 et

228 1176 525 1216 supremaefortunae
540 1176 585 1206 ita
593 1175 730 1213 fecerint
750 1176 998 1216 Epigrammata,
1025 1179 1059 1205 ut
1088 1176 1250 1206 videantur
1273 1176 1435 1216 affectasse
1450 1175 1579 1206 nimiam
1590 1176 1682 1206 licen-

229 1219 307 1249 tiam
322 1219 502 1250 verboram:
522 1219 720 1249 nihilominus
735 1229 790 1256 ego
821 1229 877 1248 non
900 1218 1030 1248 concessi
1054 1218 1117 1247 illis
1143 1219 1225 1258 loqui
1253 1222 1316 1249 tam
1342 1219 1446 1256 libere,
1467 1228 1556 1258 quam
1571 1220 1681 1254 solent,

228 1272 295 1292 cam
309 1272 383 1302 pars
398 1262 469 1292 libri
486 1265 514 1292 el
529 1262 627 1299 ‘maior
639 1266 668 1292 el
691 1262 798 1291 melior
814 1261 972 1299 dirigatur
986 1262 1025 1291 ml
1041 1261 1231 1298 maiestatem
1252 1262 1333 1291 sacri
1357 1263 1404 1292 tui
1430 1261 1573 1291 nominis.
1620 1261 1682 1291 Re-

227 1305 369 1335 coutetur
384 1315 443 1335 non
453 1305 562 1335 debere
586 1305 672 1335 adire
687 1306 800 1344 templu
816 1305 876 1334 nisi
887 1307 1037 1343 purgatus
1052 1304 1232 1334 lustratione
1252 1305 1423 1341 religionis.
1471 1305 1560 1338 Quod
1569 1313 1616 1334 me
1632 1303 1683 1333 ob-

227 1351 419 1378 servaturam
430 1352 464 1377 at
480 1351 605 1378 teneant
620 1349 757 1386 lectores,
774 1347 891 1387 placuit
906 1347 940 1376 id
955 1347 1093 1386 polliceri
1109 1346 1284 1377 brevissimo
1310 1347 1544 1387 Epigrammate
1561 1347 1595 1377 in
1617 1347 1683 1386 ipso

226 1392 382 1431 principio
397 1390 484 1429 hujus
497 1389 579 1421 libri.

837 1440 1074 1452 0000000000

226 1488 366 1528 quoniam
390 1487 462 1527 quid
478 1486 678 1517 samaria—5
706 1483 784 1515 Ald.
801 1484 899 1517 Junt.
916 1489 950 1515 et
967 1485 1076 1515 Colin.
1098 1495 1200 1516 omues
1225 1495 1330 1516 versus
1356 1486 1613 1524 ingererent-6
1636 1486 1678 1516 In

229 1530 441 1570 quibusdam,
456 1539 583 1559 summat*
594 1528 754 1566 forllmoe:
777 1533 813 1558 et
830 1528 876 1558 sie
893 1527 1000 1558 codex
1015 1528 1270 1558 Pulmanui.—T
1299 1528 1413 1558 Codex
1433 1529 1610 1559 Pulmanni
1627 1530 1683 1560 ha-

230 1574 301 1611 bet,
318 1573 472 1603 mimicam
490 1573 543 1602 vel
564 1572 730 1607 inimicum,
755 1571 911 1609 ambigua
932 1570 1110 1609 scriptura.
1154 1570 1241 1601 Vide
1259 1581 1318 1601 nos
1348 1571 1391 1601 ad
1419 1573 1543 1602 Catuli.
1570 1572 1683 1603 Carm.

231 1624 327 1646 LXIV.
343 1618 417 1646 288.
433 1617 505 1645 239.
552 1613 618 1644 Alii
638 1615 766 1653 legunt,
790 1613 936 1649 mianum
970 1612 1057 1643 unde
1075 1613 1202 1643 nimiam
1219 1614 1249 1643 iu
1268 1613 1345 1645 edd.
1371 1620 1457 1645 vett.
1484 1615 1561 1647 Ald.
1586 1615 1686 1647 Junt.

229 1664 264 1689 et
280 1659 454 1689 Coliu.-S
480 1657 588 1688 Codd.
603 1658 698 1687 Vatt.
720 1656 871 1686 Florem.
900 1660 935 1686 et
952 1656 1157 1686 Pulmanni:
1196 1666 1256 1686 non.
1281 1656 1344 1686 nisi
1365 1658 1535 1695 religiosa3
1571 1663 1607 1688 et
1633 1658 1682 1689 sic

230 1701 338 1732 edidit
361 1700 626 1732 Scriverius-9
648 1699 854 1729 Beverlaudi
873 1699 940 1729 Ms.
966 1698 1125 1735 lustratos,
1149 1699 1239 1739 quod
1262 1700 1362 1729 etiam
1385 1700 1476 1739 conj.
1502 1700 1684 1739 Grumum,

229 1744 428 1775 dubitante-r
445 1745 622 1773 verm—10
646 1741 723 1772 Aid.
749 1742 845 1773 Jnnt.
873 1741 980 1771 Colin.
1008 1741 1140 1782 Gryph.
1162 1741 1276 1782 inipso
1299 1742 1399 1773 libello
1425 1743 1516 1782 hujus
1539 1744 1680 1774 nomine:

230 1787 434 1818 Beverlaudi
455 1786 522 1818 Ms.
537 1785 570 1816 in
585 1785 651 1825 ipso
668 1784 762 1815 libelli
778 1785 871 1824 liujus
885 1784 997 1814 omine.

890 1858 1029 1890 NOTAE

271 1927 285 1948 *¹
313 1923 669 1966 Etsupremaefortunae]
695 1923 928 1963 Alii,summoe.·
979 1923 1149 1961 mimicam,
1165 1923 1379 1961 alii‚mimam.

229 1979 323 2011 Quos
348 1976 438 2007 viros
465 1979 642 2006 enumerat
662 1974 793 2004 Plinius
809 1974 929 2006 Jnnior
1025 1972 1038 1991 f
1061 1974 1174 2004 Tamen
1185 1973 1261 2013 illis]
1272 1973 1581 2013 Epigrammatibus
1593 1983 1684 2005 nem-

228 2029 287 2060 lib.
311 2037 345 2059 v.
373 2027 484 2067 Epist.
513 2028 545 2056 3.
573 2025 652 2055 dum
677 2025 827 2056 ostendit
849 2025 929 2065 Epi-
983 2033 1036 2065 pe,
1052 2025 1171 2065 quibus
1188 2025 1395 2055 conveniunt
1411 2025 1572 2056 lasciviae.

227 2082 417 2120 grammata
450 2075 589 2117 quidem
609 2075 745 2114 lasciva,
770 2074 828 2105 sed
855 2084 929 2110 ,qra-
1025 2080 1041 2103 ἕ
1066 2075 1225 2115 Nonnisi]
1250 2075 1341 2106 Deus
1353 2075 1440 2106 enim
1452 2080 1503 2106 est
1517 2075 1685 2107 Domitia-

227 2130 439 2161 vissiinorum
462 2127 608 2158 virorum
638 2126 794 2166 exemplo
823 2126 929 2166 scrip·
983 2135 1056 2156 nus.
1077 2126 1149 2157 Lib.
1169 2136 1201 2158 v.
1216 2127 1313 2167 Epig.
1330 2129 1360 2156 8.
1384 2127 1479 2157 Deos
1496 2136 1576 2157 vero
1591 2127 1686 2158 adire

227 2181 310 2213 sisse
323 2191 373 2212 se.
983 2187 1049 2207 non
1080 2177 1158 2209 licet
1174 2177 1239 2208 nisi
1263 2181 1420 2217 purgato.
1467 2177 1601 2217 Legunt
1617 2177 1688 2217 alii,

271 2236 285 2252 θ
308 2230 472 2262 Mimicam
507 2227 664 2269 [nimiam]
702 2227 767 2260 Alii
799 2229 930 2269 legunt,
986 2227 1058 2258 Non
1071 2227 1133 2258 uisi
1147 2227 1295 2266 religiosa
1304 2226 1540 2269 purificatione.

723 2420 789 2451 AD
824 2421 1015 2451 LIBRUM
1050 2421 1201 2453 SUUM.

232 2483 576 2539 LAUIUGEROS
599 2494 777 2544 domini,
799 2495 922 2542 liber,
943 2495 1150 2537 intrature
1174 2496 1383 2548 Penates,

290 2564 425 2604 Disce
448 2562 696 2603 verecundo
718 2563 914 2604 sanctius
936 2576 1011 2604 ore
1031 2564 1172 2617 loqui,

273 2675 304 2705 0
323 2674 401 2705 liber
415 2674 588 2713 ingressure
604 2674 773 2704 laureatam
789 2674 910 2704 domum
925 2673 1052 2713 domini,
1067 2673 1152 2704 disce
1169 2673 1251 2714 loqui
1267 2675 1383 2705 castius
1395 2684 1447 2706 ore
1459 2675 1580 2715 pudico.
1619 2676 1690 2709 Nu-

835 2756 1072 2768 eeeeeeeeeeee

275 2804 315 2836 In
333 2803 395 2835 hoc
413 2803 670 2844 Epigrammate
683 2802 729 2833 nil
745 2803 879 2835 variant
894 2803 1013 2844 scripti
1028 2808 1086 2835 aut
1099 2802 1264 2843 impressi.
