1893 3225
550 269 913 301 EPIGRAMMATU
924 268 954 297 M
991 267 1082 296 LIB.
1117 268 1199 297 vn.

1524 255 1606 296 551.

155 372 289 413 Hunc
311 369 569 410 Marcellino
590 367 770 421 poteris,
794 364 1017 414 Faustino,
1042 363 1243 404 libellum'

214 440 416 480 Mittere:
442 437 534 490 jam
557 435 734 484 chartis,
750 434 840 487 jam
863 437 992 473 vacat
1014 431 1087 471 ille
1105 432 1238 485 jocis.

152 507 241 548 Sed
264 508 301 547 si
323 519 459 560 parva
478 505 539 545 tui
560 503 818 544 munuscula
839 502 1002 555 quaeris
1022 500 1154 541 amici
1581 498 1608 536 5

210 572 540 621 Commendare,
560 571 668 611 ferat
694 570 888 610 carmina
908 573 1055 610 nostra
1077 580 1208 621 puer:
1571 559 1575 563 ’

155 642 257 683 Nou
283 642 426 695 qualis
447 639 616 681 Geticae
640 639 830 680 satiatus
850 638 966 678 lacte
980 638 1185 691 juvencae

208 711 459 752 Sarmatica
478 707 618 760 rigido
639 707 751 748 ludit
771 706 820 759 ‚in
845 719 970 746 amne
992 710 1117 755 rota;

150 779 237 821 Sed
262 777 506 832 Mitylenaei
525 789 678 817 roseus
699 774 928 826 mangonis
950 773 1164 826 ephebus,

207 846 292 887 Vel
313 859 402 887 non
423 858 568 886 caesus
587 844 729 884 adhuc
748 845 881 882 matre
897 840 1078 894 jubente
1096 829 1261 880 Lacon.

1552 839 1607 878 10

150 913 210 955 At
231 913 310 955 tibi
331 913 507 966 captivo
528 911 715 952 famulus
736 910 930 950 mittetur
951 908 1006 949 ab
1030 908 1159 957 Istro,

208 980 300 1031 Qui
321 980 574 1021 Tiburtinas
592 990 775 1032 pascere
795 979 942 1031 possit
961 989 1083 1017 oves.

151 1091 313 1127 Faustina
327 1090 584 1131 poteris'mittere
595 1088 781 1120 Marcellino
791 1088 871 1119 hunc
882 1087 1004 1119 libram.
1043 1088 1117 1118 Jam
1127 1088 1182 1118 dat
1196 1096 1320 1127 operam
1330 1084 1468 1125 scriptis,
1480 1088 1510 1115 et
1521 1083 1614 1115 ludis.

151 1133 199 1165 At
210 1136 237 1164 si
251 1134 327 1164 libet
341 1136 551 1165 commendare
566 1133 682 1171 exigua
698 1133 876 1162 munuscula
890 1131 939 1161 tui
950 1130 1055 1168 amici,
1077 1140 1155 1170 puer
1167 1130 1257 1167 ferat
1273 1132 1393 1160 nostros
1406 1137 1530 1159 versas:
1553 1137 1611 1158 non

149 1178 250 1217 qualis
263 1177 397 1208 satiatus
409 1177 637 1215 lactejuvencae
657 1176 778 1206 Geticoe
794 1175 871 1205 ludit
890 1174 994 1204 trocho
1013 1173 1187 1203 Sarmatico
1213 1173 1245 1203 z'n
1254 1172 1357 1213 fluvio
1371 1173 1493 1210 gelato:
1515 1173 1548 1200 at
1563 1180 1611 1200 ro-

150 1229 219 1251 seus
239 1221 413 1251 adolescens
438 1219 599 1258 mangonis
616 1218 806 1259 Mitylenaei,
823 1220 879 1247 aut
897 1216 1148 1247 Lacedaemonius
1163 1217 1296 1246 nondum
1312 1214 1501 1253 verberatus,
1514 1216 1613 1244 matre

152 1263 334 1303 imperante.
377 1263 421 1294 At
437 1263 573 1294 remittet
597 1261 656 1292 tibi
669 1271 790 1292 servum
815 1270 834 1290 a
852 1259 1003 1290 Danubio
1018 1259 1113 1300 ricto,
1137 1259 1188 1299 qai
1208 1261 1305 1299 possit
1319 1267 1444 1298 pascere
1465 1266 1533 1288 oves
1560 1257 1613 1287 Ti-

152 1306 306 1337 burcinas.

761 1355 880 1367 moe-e
885 1355 1005 1366 moe-‘-

155 1402 348 1434 manni.—8
387 1403 566 1434 Sarmatica
596 1402 702 1441 gelido
740 1401 820 1433 Ald.
849 1401 947 1433 Jnnt.
985 1399 1095 1431 Coliu.
1131 1399 1263 1439 Gryph.
1299 1397 1470 1428 Calderin.
1500 1396 1618 1427 Plant.

150 1445 290 1477 Junian.
306 1446 462 1478 Pulman.
479 1447 586 1486 Lang.
603 1444 729 1485 Delph.
746 1446 898 1477 δια-10
911 1444 1007 1476 Junt.
1021 1447 1137 1474 nostra
1148 1443 1180 1473 in
1193 1441 1344 1481 margine
1358 1453 1366 1473 ι
1384 1443 1483 1471 matre
1495 1438 1617 1470 vidente

152 1489 270 1520 Lacon.

811 1529 951 1561 NOTAE

201 1588 217 1616 l
245 1584 411 1625 Odrysios]
433 1585 499 1615 Vel
526 1584 703 1625 Othrysios,
717 1588 756 1615 ut
778 1584 858 1614 scri-

155 1636 241 1667 bunt
257 1635 333 1666 alii:
357 1636 420 1666 hoc
447 1639 514 1674 est,
528 1634 770 1675 hyperboreos,
788 1634 857 1664 Ge-

155 1687 254 1718 ticos.
277 1686 366 1717 Vide
392 1686 494 1726 Epig.
521 1688 552 1717 7.
579 1695 694 1725 supra.
717 1684 858 1725 Triones]

152 1737 196 1768 Id
211 1741 277 1775 est,
294 1747 419 1775 ursam,
435 1737 509 1768 Lib.
527 1745 575 1767 vr.
589 1736 689 1776 Epig.
707 1739 760 1767 58.

197 1789 217 1818 3
242 1787 337 1817 Hunc
367 1786 566 1826 Marcellino]
590 1786 645 1817 Ad
676 1797 776 1827 quem
805 1790 858 1817 est

153 1837 213 1870 lib.
230 1847 279 1868 Vl.
297 1837 397 1878 Epig.
421 1840 474 1868 25.
498 1837 596 1868 victis
624 1842 737 1868 autem
755 1837 857 1868 Dacis

156 1893 191 1920 et
207 1888 307 1920 Getis
331 1898 398 1929 pax
411 1898 570 1919 concessa
582 1887 706 1919 fuerat.

196 1942 215 1970 7
240 1939 384 1970 Satiatus
407 1938 501 1979 lacte]
526 1939 692 1971 Getarum
717 1938 807 1969 enim
824 1943 860 1970 et

155 1990 389 2021 Sarmatarum
425 1989 522 2031 pueri
551 1990 642 2021 lacte
672 1989 858 2021 vesceban-

154 2045 221 2073 tur.

196 2095 217 2122 8
240 2091 418 2123 Sarmatica
441 2091 563 2132 rigido]
586 2090 711 2122 Inculti
728 2090 858 2132 quippe

156 2147 256 2173 erant
272 2143 321 2173 illi
350 2142 461 2183 pueri,
479 2142 537 2183 qui
563 2141 683 2173 trocho
701 2142 859 2172 luderent

153 2202 257 2234 nuper
282 2193 426 2233 glaciem
449 2191 598 2225 fluminis
628 2191 755 2233 frigore
782 2201 860 2223 con-

153 2243 252 2275 creti.
309 2244 365 2275 De
403 2243 521 2275 trocho
558 2243 616 2275 lib.
645 2252 725 2274 xtv.
755 2243 859 2284 Epig.

916 1586 990 1664 ¹63·
999 1632 1063 1663 Sed
1080 1632 1273 1673 Mitylenoez']
1288 1631 1457 1671 Mitylene
1469 1629 1548 1660 urbs
1561 1633 1614 1660 est

914 1684 1019 1715 Lesbi
1038 1684 1171 1723 iusulae,
1187 1682 1277 1713 unde
1293 1680 1432 1713 formosi
1450 1681 1545 1721 pueri
1564 1689 1617 1711 ac-

912 1733 1148 1765 cersebautur.

956 1787 996 1814 10
1025 1784 1080 1814 Vel
1104 1793 1162 1813 non
1183 1783 1293 1823 coesus]
1317 1782 1371 1814 Ad
1387 1792 1478 1821 aram
1495 1782 1613 1813 Dianae

915 1844 1041 1876 pueros
1067 1834 1263 1865 verberibus
1298 1834 1432 1864 caedere
1460 1833 1615 1864 solebant

914 1885 1178 1924 Lacedaemonii,
1203 1890 1240 1916 ut
1264 1883 1417 1915 ferendis
1443 1883 1614 1915 laboribus
1651 1908 1659 1917 ,

915 1940 991 1970 illos
1022 1937 1290 1970 assuefacerent.
1338 1936 1544 1968 Plutarchus
1580 1936 1613 1967 in

915 1990 1086 2031 Lycurgo.

958 2044 992 2071 1]
1025 2040 1157 2081 Captiva
1174 2038 1274 2079 Istro]
1298 2039 1375 2070 Hoc
1396 2043 1462 2079 est,
1476 2048 1494 2070 a
1508 2036 1614 2068 Dacia

913 2091 1065 2122 devicta.

958 2144 997 2172 12
1023 2141 1087 2176 Qui
1118 2139 1312 2180 Tiburtinas]
1348 2140 1472 2172 Tibure
1501 2139 1614 2170 villam

913 2192 1064 2223 habebat
1095 2191 1289 2223 Faustinus.
1336 2190 1410 2222 Lib.
1437 2199 1487 2221 ιν.
1513 2188 1613 2231 Epig.

915 2245 969 2274 57.

764 2360 1011 2403 LXXXI.

718 2453 785 2483 AD
822 2450 1040 2481 LAUSUM.

154 2525 409 2566 TmGtNTA
433 2525 526 2564 toto
545 2522 663 2563 mala
685 2524 786 2562 sunt
807 2521 1144 2574 Epigrammata
1164 2518 1302 2559 libro:

212 2593 261 2634 Si
282 2592 466 2633 totidem
486 2592 602 2632 bona
625 2594 745 2640 sunt,
768 2589 931 2639 Lause,
949 2589 1058 2629 liber
1078 2587 1223 2627 bonus
1245 2588 1327 2627 est.

1401 2583 1441 2592 „x-

200 2690 351 2730 Triginta
366 2692 439 2720 sunt
455 2689 696 2730 Epigrammata
707 2689 790 2720 mala
801 2691 866 2720 toto
878 2688 955 2719 libro
966 2698 977 2720 .-
1000 2687 1032 2719 Ο
1049 2687 1161 2726 Lause,
1185 2685 1212 2716 si
1235 2685 1367 2717 totidem
1381 2688 1453 2717 sunt
1468 2684 1558 2726 bona,
1575 2686 1614 2716 li-

160 2734 255 2766 bellus
270 2736 315 2764 est
331 2733 434 2763 bonus.

767 2785 887 2797 eeeeee

888 2781 1006 2796 oooooo

201 2833 267 2865 Hic
284 2841 350 2865 non
361 2830 496 2864 variant
507 2831 598 2873 libri,
613 2835 673 2864 aut
687 2840 788 2864 manu
802 2830 921 2872 scripti
936 2833 995 2862 aut
1008 2830 1104 2872 prelo
1118 2828 1248 2862 excusi.
