1960 3230
291 261 373 300 :308
770 273 819 302 M.
856 274 966 304 i'AL.
1002 274 1276 304 MAR'riAms

915 432 1117 474 XXIII.

691 522 753 552 De
787 521 970 562 EODEM,
1004 524 1069 552 AD
1104 523 1336 554 PHOEBUM.

292 586 490 635 PHOEBE,
504 588 602 629 veni
621 602 631 640 3
663 589 741 629 sed
763 593 956 642 quantus
972 603 1084 640 eras,
1101 604 1200 631 cum
1220 591 1340 633 bella
1360 592 1523 632 tonanti

346 654 452 708 Ipse
469 655 592 696 dares
612 656 756 697 Latiae
780 657 948 710 plectra
969 658 1164 699 secunda
1178 660 1302 713 lyrae.

291 722 410 773 Quid
431 727 552 765 tanta
572 737 652 777 pro
674 725 773 766 luce
794 727 976 778 precer?
1008 730 1070 776 tu,
1092 725 1236 776 Polla,
1259 728 1461 769 maritum

345 790 476 844 Saepe
495 792 632 843 colas,
653 798 697 833 et
718 806 766 833 se
790 794 953 834 sentiat
978 794 1079 847 ipse
1100 794 1201 834 coli.

332 912 365 944 Ο
377 913 486 953 Apollo
501 913 584 952 reni,
600 918 633 944 at
649 918 784 954 quantus
806 925 887 955 eras,
901 926 969 947 cum
984 917 1049 956 ipse
1062 915 1139 947 bella
1155 916 1296 947 cantanti
1309 917 1487 946 concederes
1495 916 1615 956 plectra
1636 924 1743 946 secun—

286 957 327 986 da
342 957 419 996 lyrce
433 956 568 987 Latinae.
617 958 700 992 Quia
714 958 823 998 optabo
831 969 890 1000 pro
902 961 954 990 die
977 963 1041 991 tam
1057 961 1252 990 memoranda
1266 957 1281 990 ,⁷
1303 962 1352 998 tu,
1378 969 1397 989 o
1416 959 1518 998 Polla,
1533 959 1638 990 crebro
1662 959 1744 989 colas

287 999 457 1038 conjugem,
475 1003 564 1040 atque
579 1000 629 1032 ille
642 1001 800 1041 intelligat
816 1012 848 1033 se
862 1003 933 1033 coli.

884 1073 1124 1085 φΝΝοΝσΝφ·

332 1117 347 1144 1
374 1113 461 1144 Edd.
479 1119 563 1145 vett.
589 1115 666 1146 bella
681 1117 826 1148 canenti:
850 1117 1058 1148 Beverlandi
1074 1118 1142 1148 Ms.
1160 1117 1237 1149 bella
1261 1118 1410 1148 tonantis.
1455 1117 1653 1149 Lectionem
1670 1126 1745 1148 nos-

289 1161 373 1187 tram
390 1157 518 1197 primus
535 1158 630 1189 dedit
645 1159 893 1191 Gruterus—4
916 1160 1098 1191 Pulmanni
1113 1161 1243 1192 codex:
1267 1162 1381 1192 sentiat
1396 1161 1450 1192 ille
1461 1161 1530 1192 coli.

947 1247 1088 1279 NOTAE

334 1299 344 1326 1
379 1297 470 1337 Veni]
494 1298 628 1340 Nempe
646 1300 687 1330 ad
700 1301 772 1332 haec·
786 1310 895 1341 sacra,
912 1312 987 1343 quae
1040 1302 1187 1342 Virgilio
1204 1301 1364 1333 carminis
1390 1301 1481 1342 epici
1509 1298 1648 1342 g10riam
1666 1311 1745 1333 con-

287 1346 429 1378 facimus
459 1350 606 1380 natalem
634 1351 761 1382 Lucani
785 1351 873 1382 diem
899 1353 986 1383 cele·
1042 1352 1186 1382 cessisti.

287 1395 436 1429 brantes.
1083 1406 1101 1434 3
1130 1404 1189 1443 Τιι,
1208 1403 1313 1444 Polla]
1336 1404 1404 1435 Diu
1416 1404 1520 1445 vivas,
1539 1408 1577 1435 ut
1588 1404 1743 1435 maritum

329 1449 348 1477 2
372 1448 499 1479 Plectra
512 1449 658 1489 secunda]
677 1451 754 1482 Hoc
767 1456 833 1491 est,
847 1452 901 1483 cui
922 1453 985 1483 Lu·
1041 1453 1164 1494 saepius
1181 1453 1294 1484 colere
1321 1454 1444 1495 possis.

287 1507 371 1528 cano
389 1503 424 1530 tu
442 1500 528 1539 ipse⁷
545 1510 563 1531 o
588 1501 730 1542 Phoebe,
755 1502 938 1534 secundam
966 1514 985 1534 a

790 1711 841 1740 IN
880 1712 1200 1744 MALEDICUM.

285 1772 395 1813 CUM
414 1774 633 1818 Juvenale
654 1791 753 1819 meo
768 1792 867 1832 quae
888 1793 957 1820 me
973 1781 1253 1823 committere
1273 1786 1429 1831 tentas,

343 1840 463 1891 Quid
494 1857 579 1884 non
607 1846 808 1897 audebis,
827 1847 999 1900 perfida
1022 1849 1186 1902 lingua,
1211 1850 1360 1903 loqui?

283 1908 349 1949 Te
369 1909 551 1963 fingente
571 1914 710 1963 nefas,
743 1915 944 1968 Pyladen
965 1917 1134 1959 odisset
1155 1917 1360 1959 Orestes:

341 1977 513 2019 Thesea
531 1980 717 2021 Pirithoi
740 1982 1013 2026 destituisset
1035 1998 1171 2026 amor.

284 2046 350 2085 Tu
373 2045 548 2088 Siculos
564 2047 730 2098 fratres,
752 2054 795 2091 et
815 2051 961 2105 majus
981 2066 1136 2094 nomen
1157 2053 1358 2104 Atridas,
1718 2056 1746 2095 5

344 2114 403 2154 Et
426 2115 562 2156 Ledae
587 2126 765 2170 poteras
788 2119 1035 2162 dissociare
1057 2135 1205 2175 genus.

326 2225 356 2255 Ο
387 2227 494 2263 lingua
517 2228 668 2268 improba,
691 2239 758 2270 quae
784 2232 938 2271 experiris
959 2236 1151 2266 conmittere
1181 2245 1229 2266 me
1242 2246 1310 2267 cum
1326 2245 1390 2266 meo
1405 2235 1570 2272 «Iuvenale,
1590 2234 1663 2274 quid
1685 2243 1746 2264 non

281 2269 408 2299 audebis
421 2270 522 2300 dicere
535 2268 550 2301 Ζ
597 2273 723 2303 Orestes
734 2275 846 2305 odisset
866 2277 1004 2316 Pyladen
1021 2281 1051 2309 te
1062 2279 1264 2318 excogitante
1279 2279 1385 2316 scelus,
1397 2281 1490 2318 atque
1502 2286 1589 2307 amor
1604 2276 1746 2307 Pirithoi

279 2312 463 2342 deseruisset
482 2313 605 2344 leesea.
653 2315 698 2346 Τιι
722 2318 841 2348 valebas
856 2319 1030 2360 disjungere
1044 2321 1166 2352 Siculos
1185 2321 1320 2361 fratres,
1336 2325 1427 2361 atque
1448 2320 1582 2352 Atridas
1601 2320 1741 2351 sortitos

882 2391 1116 2404 eeeeeeeeeeee

327 2429 377 2459 Ad
402 2429 622 2461 Doti-actorem
635 2431 757 2463 lemma
774 2438 826 2465 est
850 2434 882 2465 in
912 2435 1030 2467 codice
1048 2437 1307 2468 Pulmanni.-—l
1334 2437 1413 2467 Cum
1427 2436 1576 2467 Juvenale
1592 2445 1656 2466 meo
1671 2436 1744 2475 quid

283 2481 330 2501 me
358 2473 548 2503 committere
582 2477 716 2515 temptas
755 2477 963 2509 Reverlandi
989 2480 1120 2511 Ms.—3
1160 2480 1297 2521 Pylades
1323 2480 1440 2511 odisset
1471 2480 1606 2510 Oresten
1631 2478 1742 2510 codex

326 2605 340 2632 l
371 2601 450 2631 Cam
481 2602 648 2643 Juvenale]
674 2603 750 2635 Hoc
766 2610 838 2637 est:
865 2606 896 2637 Ο
922 2608 984 2640 liu·
1082 2613 1099 2640 5
1125 2609 1247 2641 Siculos
1264 2609 1402 2649 fratres]
1426 2608 1585 2649 Intellige
1604 2608 1743 2648 Amphi-

283 2662 362 2690 gua,
379 2661 451 2691 quae
469 2655 582 2682 tentas
611 2654 837 2686 contentionis
865 2662 901 2688 et
918 2658 984 2689 dis·
1039 2669 1174 2690 nomum
1211 2664 1247 2690 et
1277 2658 1442 2700 Anapiam
1467 2664 1564 2689 natos
1591 2659 1743 2698 Catanae‚

282 2702 360 2732 sidii
378 2701 504 2732 semina
516 2702 635 2741 jacere
653 2703 743 2734 inter
759 2715 812 2736 me
831 2712 865 2737 et
880 2707 984 2739 Juve-
1039 2710 1153 2748 hodie,
1182 2709 1328 2749 Catonia,
1352 2709 1384 2739 in
1412 2709 1496 2740 urbe
1514 2709 1653 2748 Siciliae,
1676 2719 1742 2740 non

282 2753 393 2782 nalem
412 2751 553 2782 Poetam
571 2753 653 2784 satis
670 2758 798 2786 notum.
1039 2760 1139 2800 longe
1169 2769 1188 2789 a
1204 2764 1318 2790 monte
1347 2759 1460 2799 AEtna,
1487 2768 1629 2800 quorum
1648 2758 1740 2799 pium

325 2805 342 2832 3
369 2801 524 2842 Pyladen]
541 2802 671 2834 Horum
689 2804 827 2836 hex-oum
845 2806 984 2839 historia
1037 2809 1071 2839 in
1102 2815 1262 2849 parentes
1292 2819 1441 2841 amorem
1471 2809 1580 2841 refert
1609 2808 1737 2840 Strabo

285 2855 438 2885 omnibus
456 2858 536 2883 nota
552 2859 615 2884 est.
1040 2859 1096 2890 lib.
1116 2868 1166 2890 vi.
