1893 3225
553 233 958 266 EmGRAMMATuM
997 236 1088 266 ΜΒ.
1122 235 1230 266 xiv.
1531 226 1616 268 999

759 419 1011 462 XXXIV.

685 510 818 540 FALX
856 510 922 541 Ex
960 510 1100 541 ENSE.

159 577 268 618 PAX
292 590 360 618 me
381 581 502 619 certa
517 576 644 619 ducis
663 577 869 632 placidos
891 579 1092 620 curvavit
1113 579 1158 620 in
1178 593 1297 622 usus.

212 647 437 701 Agricolae
458 659 573 688 nunc
596 660 709 697 sum,
731 647 885 689 militis
906 652 1006 690 ante
1023 648 1102 689 fui.

200 770 284 802 Rata
304 780 368 811 pax
395 770 596 811 Imperatoris
610 770 750 801 curvavit
767 779 812 801 me
828 769 862 801 in
886 780 960 802 usus
978 772 1181 812 tranquillos:
1204 782 1283 804 nunc
1307 781 1374 805 sum
1398 774 1611 815 agricultoris,

156 814 312 852 antccaesui
324 814 448 845 militis.

763 865 1002 878 eeeeeeeeeeee

200 924 216 952 l
244 922 338 953 Creta
354 922 428 953 cod.
446 922 578 953 Beverl.
620 922 735 952 Domus
755 922 867 953 dociles
882 921 958 954 cod.
980 922 1012 952 in
1028 931 1135 964 marg.
1151 922 1207 954 ed.
1232 923 1314 955 Par.
1332 926 1426 957 1617.
1459 924 1515 957 Sic
1530 925 1612 957 alios

154 963 268 1005 legere
285 970 383 996 notat
400 965 512 996 editor
530 964 658 1005 Delph.
696 965 845 1006 Proprius
860 975 923 1006 pro
932 965 1069 1006 placidos
1084 965 1159 998 cod.
1178 967 1314 998 Beverl.

808 1051 955 1083 NOTAE

196 1119 213 1145 1
240 1116 334 1146 Certa
357 1116 458 1156 ducis]
488 1115 680 1147 Domitiani
711 1116 855 1148 scilicet.
951 1119 971 1148 2
994 1115 1130 1156 Militis]
1158 1116 1308 1157 Nempe,
1332 1126 1409 1148 cum
1430 1125 1537 1149 essem
1565 1122 1613 1149 te-

152 1165 553 1208 Videlib.1x.Epig.71.
584 1167 713 1198 ‘Nulla
728 1167 852 1198 ducum
907 1167 976 1198 lum
1013 1166 1172 1198 militare.
1230 1166 1393 1206 Virgilius
1420 1175 1447 1198 1.
1482 1167 1610 1207 Georg.

152 1216 285 1256 feritas,
300 1217 393 1248 nulla
411 1223 464 1248 est
482 1217 613 1248 insania
628 1216 709 1248 ferri
723 1228 731 1248 :
756 1217 851 1248 Pace
906 1219 916 1235 ⁴
932 1218 977 1249 Et
990 1227 1103 1249 curvae
1119 1217 1266 1259 rigidum
1288 1216 1393 1250 falces
1418 1216 1612 1250 conflantur

149 1267 217 1299 frui
230 1272 324 1300 certa
338 1267 526 1309 laetitiaque
541 1266 651 1298 licet.'
903 1268 939 1299 in
952 1267 1093 1301 ensem?

763 1427 990 1470 XXXV.

711 1516 1043 1547 SECURICULA.

150 1584 261 1627 CUM
285 1585 410 1626 fieret
427 1585 565 1626 tristis
585 1584 813 1626 solvendis
834 1584 985 1626 auctio
1001 1586 1205 1636 nummis,

207 1653 327 1693 Haec
349 1652 674 1707 quadringentis
693 1651 892 1693 millibus
916 1657 1036 1694 emta
1056 1653 1150 1694 fuit.

191 1765 270 1795 Cum
284 1763 388 1795 auctio
402 1766 510 1794 moesla
516 1762 613 1805 fieret
623 1763 664 1794 ad
678 1763 836 1794 solvendos
850 1772 1000 1805 nummos,
1014 1763 1078 1794 hoec
1085 1764 1155 1802 fuit
1169 1768 1347 1805 comparata
1363 1764 1603 1805 quadringentis

146 1808 294 1839 millibus.

811 1848 950 1881 NOTAE

189 1914 382 1954 Securicula]
405 1914 469 1945 Est
485 1921 590 1954 parva
604 1913 742 1944 securis.
903 1911 995 1954 quod
1011 1916 1092 1944 tunc
1107 1912 1235 1945 ferrum
1248 1912 1348 1945 rebus
1361 1913 1437 1945 aliis
1448 1913 1603 1944 omnibus

189 1970 205 1996 1
234 1967 313 1997 Cum
327 1963 441 2007 fleret]
464 1964 549 1995 Cum
580 1963 744 1994 bellorum
767 1962 849 1993 civi-
902 1963 1012 1994 carius
1028 1968 1132 2004 esset,
1144 1974 1219 1996 cnm
1233 1974 1347 1996 omnes
1362 1964 1405 1995 ad
1420 1973 1514 1996 arma
1526 1973 1605 1995 con-

146 2018 228 2049 lium
258 2021 412 2056 tempore
429 2015 554 2046 civium
575 2014 846 2055 proscriptorum
900 2020 1089 2046 currerent.
1128 2015 1183 2046 An
1208 2014 1297 2046 forte
1315 2015 1468 2056 pretiosa
1483 2015 1550 2046 fuit
1561 2016 1603 2046 ab

145 2070 234 2100 bona
250 2068 311 2100 sub
325 2068 421 2099 hasta
435 2066 679 2106 venderentur,
705 2064 778 2096 haec
796 2074 848 2096 se-
898 2065 1039 2097 artificis
1052 2067 1180 2107 opere?
1225 2066 1480 2098 Videatlector.

146 2119 298 2152 curicula
319 2127 447 2150 summo
471 2117 584 2159 pretio
608 2115 745 2148 vendita
760 2115 845 2155 fuit;

746 2264 998 2306 XXXVI.

550 2355 894 2386 FERRAMENTA
928 2353 1198 2384 TONSORIA.

110 2446 114 2450 -
142 2421 439 2464 TONDENms
460 2424 558 2465 haec
581 2437 700 2465 arma
719 2423 802 2465 tibi
823 2424 921 2463 sunt
938 2425 1042 2475 apta
1063 2421 1237 2474 capillis
1255 2434 1264 2461 ε

203 2489 434 2543 Unguibus
455 2492 549 2533 haec
569 2492 714 2545 longis
735 2491 854 2532 utilis
871 2504 881 2542 ;
913 2490 992 2532 illa
1011 2491 1147 2543 genis.

189 2605 268 2636 Hoec
282 2615 369 2636 arma
383 2605 443 2637 tibi
458 2606 624 2638 inservient
639 2607 802 2639 tondendis
815 2606 927 2639 comis:
949 2606 1013 2638 laec
1035 2606 1145 2637 idonea
1159 2604 1314 2645 unguibus
1328 2604 1427 2643 longis
1442 2612 1596 2635 resecan-

145 2648 208 2687 dis,
232 2649 286 2680 illa
298 2649 389 2688 genis
403 2649 573 2681 radendis.

799 2691 942 2725 NOTAE

185 2759 204 2786 :2
222 2756 470 2797 Unguibushoec]
484 2756 726 2798 Forfex,cujus
739 2756 842 2788 etiam
896 2754 1079 2786 serviebat.

145 2806 234 2837 aliud
267 2817 372 2847 genus
409 2808 543 2849 capillis
582 2807 764 2840 tondendis
793 2807 840 2838 in·
941 2806 1018 2846 Illa]
1038 2805 1214 2837 Novacum
1230 2803 1371 2835 scilicet.
