1893 3225
251 211 334 252 921
729 221 775 247 M.
809 219 921 248 VAJJ.
959 216 1231 246 MARTlALts

851 346 1116 387 LXXVII.

769 438 841 466 DE
889 436 1211 467 AETHON'I‘E.

372 509 454 550 ΜΠ
466 518 572 549 LTIS
595 507 699 548 dum
718 506 924 560 precibus
945 505 972 546 J
979 517 1104 545 ovem
1128 504 1307 551 salutat,

370 578 498 617 Stans
520 587 718 617 summos
739 575 972 628 resupinus
993 585 1134 626 usque
1157 572 1201 611 in
1222 569 1422 623 ungueis,

370 645 535 685 AEthon
555 644 600 683 in
622 642 858 696 Capitolio,
881 640 1081 695 pepedit.

371 713 581 753 Riserunt
600 711 806 752 comites:
838 709 915 750 sed
937 709 1034 762 ipse
1058 709 1223 749 Divum

371 780 577 821 Offensus
599 779 768 832 genitor
789 777 1026 818 trinoctiali
1685 773 1712 811 5

376 847 534 888 Affecit
554 846 819 887 domicoenio
841 845 1053 886 clientem.

371 916 482 957 Post
501 916 584 956 hoc
605 914 817 967 flagitium
837 911 1033 953 misellus
1052 911 1234 960 AEthon,

372 984 486 1025 Cum
508 983 601 1024 vult
622 983 666 1023 in
690 981 965 1035 Capitolium
991 980 1149 1030 venire,

371 1051 514 1092 Sellas
536 1054 637 1091 ante
660 1050 769 1103 petit
794 1048 1117 1091 Patroclianas,

372 1119 428 1159 Et
452 1118 571 1172 pedit
598 1118 851 1170 deciesque,
872 1116 1113 1169 viciesque.
1661 1114 1717 1154 10

371 1186 460 1227 Sed
481 1186 687 1241 quamvis
706 1186 789 1226 sibi
814 1185 983 1226 caverit
1004 1183 1247 1237 crepando,

372 1254 653 1309 Compressis
672 1254 849 1294 natibus
866 1252 895 1293 J
901 1265 1029 1292 ovem
1052 1252 1234 1292 salutat.

300 1344 386 1374 Dum
399 1344 516 1374 AEthon
532 1343 657 1374 adhibet
672 1343 747 1374 Jovi
764 1343 876 1373 multas
887 1352 1003 1382 preces,
1018 1345 1106 1373 stans
1120 1342 1281 1382 resupinus
1296 1352 1390 1382 usque
1402 1342 1436 1371 in
1445 1350 1576 1371 summos
1589 1349 1721 1379 ungues,

259 1388 379 1427 crepuit
394 1386 426 1418 in
445 1386 612 1426 Capitolio.
659 1386 742 1416 Socii
757 1387 892 1416 riserunt
904 1396 914 1416 .·
938 1387 991 1415 secl
1009 1386 1075 1425 ipse
1089 1389 1179 1425 pater
1197 1386 1332 1416 Deorum
1345 1387 1434 1415 Ioesus
1449 1383 1610 1414 mulctavit
1626 1383 1718 1413 clien-

259 1433 320 1460 tem
335 1429 508 1460 trinoctiali
534 1430 722 1460 domicoeuio.
769 1429 847 1459 Post
863 1428 917 1458 hoc
938 1428 1107 1468 flagitium
1133 1438 1200 1458 cum
1224 1428 1360 1458 misellus
1388 1427 1503 1458 AEtlum
1527 1426 1592 1457 vult
1613 1429 1718 1466 petere

262 1473 465 1512 Capitolium,
489 1473 577 1511 prius
601 1472 667 1502 adit
680 1471 772 1502 sellas
787 1470 1019 1509 Putrwliunas,
1045 1474 1075 1500 et
1097 1474 1203 1510 crepat
1219 1471 1319 1501 decies
1331 1474 1359 1501 et
1374 1470 1488 1500 vicies:
1511 1470 1564 1500 sed
1580 1469 1652 1500 licet
1666 1478 1718 1508 pe-

259 1516 355 1545 ciendo
371 1515 431 1546 sibi
441 1515 627 1555 providerit,
649 1513 830 1554 compressis
845 1512 970 1543 natibus
985 1515 1100 1544 salutat
1115 1515 1235 1544 Jorem.

870 1588 1106 1599 eeeeeeeeeeee

302 1633 355 1664 Aa
380 1634 545 1665 Gethonem
571 1635 702 1664 Tlinan.
730 1632 871 1664 cod.—:1
897 1633 988 1664 ‘Alii
1020 1634 1175 1664 homines:
1211 1631 1332 1662 recte.’
1366 1630 1521 1662 Schrerel.
1565 1630 1622 1662 Sic
1645 1629 1722 1661 cod.

255 1677 406 1759 Ιξῗὶὲξᾶιίιὲ
423 1682 462 1750 iedt
487 1676 539 1708 ed.
568 1677 740 1708 Barb.—9
765 1676 990 1712 Quutridiauas
1018 1676 1094 1707 cod.
1114 1676 1340 1707 BeverL——IO
1368 1674 1564 1715 Vigetiesque
1579 1683 1640 1714 pro
1666 1682 1724 1713 que

918 1762 1057 1794 NOTAE

304 1830 322 1858 2
348 1827 445 1858 Stans
458 1827 605 1867 smarnos]
629 1827 706 1857 Mos
729 1831 804 1857 erat
821 1835 965 1867 precan-
1021 1826 1162 1857 latrinas
1180 1826 1420 1866 interpretare.

261 1879 357 1918 tium,
375 1884 410 1909 ut
426 1878 546 1909 coelum
564 1877 786 1918 respicientes
814 1876 966 1916 resupini
1066 1881 1105 1909 12
1148 1877 1351 1918 Compressis]
1391 1877 1513 1909 AEthon
1550 1874 1722 1917 parasitus

261 1930 398 1960 summis
414 1929 537 1970 pedum
550 1929 665 1970 digitis
678 1929 885 1960 insisterent.
898 1929 965 1959 Do·
1025 1928 1175 1969 pedendi
1193 1928 1274 1959 vitio
1289 1928 1338 1959 sic
1368 1926 1558 1966 laborabat,
1576 1932 1627 1966 ut,
1642 1925 1724 1956 iicet

261 1982 379 2013 mitius.
1025 1980 1088 2011 sibi
1115 1980 1277 2019 cavisset,
1294 1979 1465 2020 crepitum
1483 1986 1619 2019 semper
1633 1986 1724 2008 com-

306 2036 326 2063 9
363 2031 592 2072 Patroclianas]
616 2031 778 2064 Publicas
804 2030 968 2074 quasdam
1025 2031 1172 2071 primere
1188 2035 1379 2071 cogeretur.

849 2124 1138 2166 LXXVIII.

803 2215 885 2245 DE
939 2215 1196 2245 EODEM.

267 2283 410 2323 ANTE
430 2282 562 2323 Jovis
584 2287 771 2324 statuam
795 2282 967 2335 crepuit
990 2287 1111 2323 satur
1132 2281 1311 2322 histrio:
1344 2293 1521 2334 poenam

323 2349 501 2402 Jupiter
517 2349 695 2399 indixit,
710 2350 858 2390 vivere
881 2349 935 2389 de
957 2349 1154 2402 proprio.

312 2443 438 2474 Histrio
463 2443 597 2474 satiatus
619 2444 744 2484 pepedi(
765 2449 838 2474 ante
867 2443 1067 2474 simulacrum
1090 2444 1198 2475 Jotis:
1221 2444 1349 2485 Jupiter
1374 2445 1602 2476 mulctavitlzac
1624 2455 1726 2487 poena,

271 2487 373 2517 rivere
388 2487 423 2516 de
434 2486 571 2526 proprio.

878 2538 1114 2548 oee‘aee-emoaee

311 2582 386 2614 Hoc
403 2582 621 2622 Epigramma
637 2582 690 2613 hic
707 2583 825 2613 saltem
844 2583 1003 2613 nesciunt
1021 2583 1098 2615 edd.
1117 2583 1195 2614 ΑΜ.
1210 2583 1307 2615 Junt.
1321 2584 1430 2615 Coiin-
1449 2583 1553 2615 Barb.

926 2665 1068 2696 NOTAE

316 2734 335 2759 2
364 2729 474 2760 Vivere
485 2730 521 2760 ‹Ie
533 2729 674 2770 proprio]
697 2731 781 2761 Cum
798 2740 876 2761 vero
891 2739 969 2771 pau-
1027 2728 1224 2769 cogebatur.

273 2790 332 2821 per
350 2786 437 2811 ezsot
454 2782 517 2811 iste
545 2780 680 2821 dimon,
701 2780 790 2811 domi
812 2781 970 2820 jejunare
