1893 3225
538 197 947 229 EPIGRAMMATUM
986 198 1080 228 [ΑΒ.
1117 198 1187 228 lx.
1507 190 1593 232 715

132 285 393 337 Mansisses,
417 286 463 328 H
467 287 607 336 elene,
632 284 962 339 Phrygiamque
979 284 1164 327 redisset
1184 286 1227 326 in
1249 284 1376 328 Idam

187 355 441 396 Dardanius
463 355 636 408 gemino
658 366 757 394 cum
778 352 1040 407 Ganymede
1063 354 1205 395 Paris.

128 476 277 514 inferiora
292 480 475 517 superarunt
490 478 566 507 duas
582 477 668 507 Deos
680 487 690 507 .·
713 485 732 507 o
750 476 878 514 Helene,
895 477 1070 517 mansisses,
1087 480 1117 507 et
1137 476 1320 508 Dardanius
1338 476 1435 507 Paris
1450 487 1589 509 reversus

131 524 211 551 esset
226 521 257 551 vin
274 521 379 551 urbem
395 521 570 561 Phrygiam
581 530 649 550 cum
660 520 782 559 gemino
801 520 990 560 Ganymede.

742 594 976 605 “teo-evmoo

129 637 249 678 legunt
275 638 352 670 edd.
380 638 527 670 Farnab.
552 642 588 670 et
603 638 858 679 antiquissimae.
891 639 982 669 Idam
995 642 1047 669 est
1062 638 1094 668 in
1112 637 1187 670 cod.
1205 637 1402 669 Pulmanni.

785 714 925 746 NOTAE

128 786 199 817 nati
216 790 294 816 sunt
311 784 474 825 Amyclis,
496 796 570 827 quae
588 785 666 817 urbs
691 790 743 817 est
767 787 828 817 La·
886 786 1002 817 Paridi
1024 785 1137 826 judici
1165 785 1347 826 Helenam,
1375 796 1448 828 qnae
1467 796 1589 827 nempe

128 838 235 868 coniae
253 846 357 876 prope
370 838 585 877 Therapnas;
604 837 660 868 ubi
676 838 702 868 si
719 836 830 868 affuis-
886 838 1010 869 donum
1034 842 1108 868 erat
1132 837 1274 868 inferius
1292 848 1392 879 quam
1410 839 1588 879 imperium

127 893 204 918 sent
218 888 344 919 Hierus
362 893 395 919 et
412 888 552 929 Asillus‚
575 894 667 931 (eum
683 890 774 921 Juno
790 899 829 920 ac
886 888 1086 928 promissum
1102 888 1276 928 aJunone‚
1288 893 1323 919 et
1334 888 1502 929 sapientia
1514 898 1590 929 pro-

127 938 242 968 Panas
260 939 506 970 contendentes
535 940 577 970 de
610 950 709 980 pomo
726 949 829 971 aureo
884 939 985 970 missa
1012 950 1030 970 a
1054 937 1225 979 Pallade‚)
1242 944 1417 972 contemta
1441 940 1587 980 Helena,

129 999 148 1019 a
179 989 313 1020 Venere
338 989 437 1021 victae
476 995 567 1031 sunt,
603 990 829 1031 promittente
884 1000 902 1021 a
920 990 1047 1021 Paride
1063 990 1153 1032 rapti
1166 988 1318 1022 fuissent.
