1924 3225
582 241 992 272 13P1GRAMMATUM
1029 241 1122 271 [ΑΒ.
1159 242 1244 271 vii„
1553 231 1638 274 525

824 366 976 408 XLV.

761 458 825 487 DE
863 458 1050 487 EADEM.

407 526 640 568 FAcUNm
665 526 844 567 Senecae
866 530 1029 580 potens
1055 526 1235 575 amiCUS,

406 594 518 635 Caro
540 594 789 648 proximus,
817 599 892 634 aut
911 594 1026 647 prior
1050 594 1229 643 Sereno,

405 662 497 703 Hic
515 667 583 703 est
603 662 831 703 Maximus
851 663 937 711 ille,
960 676 1090 715 quem
1112 662 1332 715 frequenti

405 729 534 771 Felix
555 730 685 771 litera
704 730 868 783 pagina
889 729 1070 771 salutat.

403 798 540 840 Hunc
561 804 608 840 tu
630 813 709 852 per
726 799 900 840 Siculas
923 804 1106 839 secutus
1128 798 1286 846 undas,
1607 815 1635 840 o

403 865 442 906 Ο
465 866 612 916 nullis,
634 866 783 916 Ovidi,
802 867 989 907 tacende
1010 867 1184 921 linguis,

402 935 618 988 Sprevisti
639 934 805 975 domini
826 935 1011 975 furentis
1033 935 1135 975 iras.

400 1001 586 1044 Miretur
606 1003 821 1057 Pyladem
842 1017 971 1061 suum
991 1007 1204 1053 vetustas,

400 1069 553 1111 Haesit
573 1072 648 1125 qui
669 1084 817 1112 comes
839 1071 963 1112 exuli
985 1073 1194 1124 parentis.

399 1137 515 1187 Quis
536 1139 791 1180 discrimina
812 1142 1039 1192 comparet
1070 1138 1287 1179 duorum?
1579 1139 1634 1180 10

398 1205 592 1248 Haesisti
611 1220 762 1249 comes
783 1207 903 1248 exuli
926 1207 1131 1248 Neronis.

214 1295 330 1327 Potens
342 1295 458 1327 amicus
470 1297 582 1328 diserti
596 1298 732 1338 Senecoe,
739 1299 902 1339 proximus
919 1299 1013 1334 Caro,
1029 1301 1083 1328 aut
1094 1297 1181 1336 prior
1193 1295 1322 1333 Sereno,
1333 1295 1384 1326 hic
1397 1298 1441 1326 est
1457 1295 1509 1325 ille
1524 1292 1634 1325 BIaxz‘-

169 1348 249 1378 mus,
264 1349 351 1380 quem
373 1340 582 1378 salutatfelix
599 1342 743 1382 Epistola
750 1342 913 1382 frequenti
923 1341 1058 1381 pagina.-
1081 1341 1161 1370 hunc
1180 1345 1214 1370 tu
1229 1339 1395 1369 comitatus
1407 1349 1464 1378 per·
1476 1348 1560 1368 mare
1580 1337 1632 1368 Si-

168 1384 281 1421 culam,
298 1383 393 1413 Ovidi
408 1383 588 1414 celebrande
602 1385 742 1415 omnibus
754 1385 883 1423 linguis,
897 1383 1224 1420 contemsistifurores
1235 1381 1352 1413 domini
1362 1382 1450 1412 irati.
1487 1381 1636 1420 Antiqui-

167 1427 218 1455 tas
229 1426 377 1464 praedicet
387 1436 474 1456 snum
489 1427 654 1467 Pyladem,
671 1429 724 1468 qui
739 1428 905 1459 comitatus
916 1431 961 1458 est
976 1427 1096 1458 exulem
1111 1426 1241 1457 matris.-
1264 1425 1334 1466 quis
1347 1424 1484 1463 conferat
1494 1424 1634 1464 pericula

167 1468 325 1499 amborum
339 1467 355 1500 ί)
381 1469 512 1500 Secutus
527 1480 557 1500 es
573 1471 693 1502 exulem
711 1471 859 1503 Neronis.

784 1535 901 1546 &enee
905 1535 1021 1546 eom»

213 1575 265 1606 Ad
280 1577 409 1606 eundem
424 1576 547 1608 lemma
561 1582 613 1609 est
627 1578 661 1609 in
678 1578 758 1610 Ald.
771 1579 867 1610 Junt.
885 1577 995 1609 Colin.
1014 1577 1147 1618 Gryph.
1165 1579 1294 1608 &c.—l
1320 1576 1446 1607 Seneca·
1469 1576 1634 1614 proximus

170 1619 287 1649 amicus
303 1619 509 1650 Beverlandi
532 1621 665 1652 Ms.—2
691 1622 784 1652 Claro
804 1620 967 1661 proximus
994 1621 1029 1651 in
1056 1620 1257 1651 eodem—9
1281 1619 1400 1650 Codex
1427 1618 1633 1649 Pulnianniz

169 1671 267 1692 comes
282 1663 382 1692 exulis
400 1663 550 1702 parentis.

826 1705 968 1737 NOTAE

211 1770 231 1797 2
257 1768 338 1798 Caro
351 1769 528 1809 proximus]
549 1769 589 1800 In
608 1779 721 1800 amore
746 1779 870 1809 nempe
927 1773 995 1798 tem
1026 1768 1182 1809 adjunxit
1207 1767 1326 1799 Oresti
1353 1766 1519 1805 exulanti,
1547 1776 1588 1797 ne
1614 1777 1633 1798 a

167 1827 250 1859 erga
266 1819 441 1850 Senecam.
470 1820 575 1850 Carus·
592 1825 704 1851 autem
723 1826 757 1851 et
770 1821 870 1851 Sere·
925 1826 1035 1851 matre
1048 1831 1108 1851 sua
1122 1820 1632 1862 Clytaemnestra,utAgamein-

168 1879 244 1907 nus,
260 1875 295 1900 et
311 1870 366 1900 liic
379 1871 551 1901 Maximus
568 1871 873 1909 Caesonins,Sene-
930 1882 995 1902 non
1014 1878 1126 1912 pater,
1142 1872 1409 1903 interficeretur.
1448 1872 1632 1912 Euripides

167 1929 217 1951 cae
231 1920 585 1953 amicissimifuerunt.
630 1922 718 1952 Vide
732 1923 872 1955 Senecae
927 1922 961 1952 in
987 1922 1128 1962 Oreste,
1157 1928 1194 1954 et
1217 1923 1402 1962 Sophocles
1429 1922 1461 1952 in
1479 1917 1631 1954 Electra.

167 1972 359 2012 Epistolam
370 1975 423 2004 87.
926 1974 1064 2004 Deinde
1091 1983 1249 2004 reversus
1274 1977 1416 2003 matrem
1438 1972 1580 2011 occidit,
1597 1979 1632 2004 et

210 2025 228 2054 3
255 2024 539 2066 Quemflequtmtz']
561 2024 616 2056 Ad
634 2035 732 2066 quem
759 2027 870 2058 Caeso-
925 2035 1057 2057 rursum
1075 2026 1240 2057 exulavit.

166 2074 258 2106 nium
282 2076 383 2106 toties
407 2076 547 2117 scripsit
571 2078 714 2109 Seneca.
774 2079 869 2109 Felix
967 2079 1007 2107 10
1031 2077 1191 2117 Duorum]
1212 2075 1353 2116 Pyladis
1365 2084 1487 2115 nempe
1500 2079 1536 2106 et
1549 2076 1631 2108 Ovi-

165 2126 257 2156 litera
274 2126 410 2166 dicitur,
434 2132 473 2157 nt
488 2127 620 2168 opinor,
635 2128 724 2169 qnod
747 2128 869 2160 bearet
922 2126 990 2158 dii:
1016 2127 1072 2158 ille
1098 2127 1200 2165 enim,
1218 2127 1378 2158 Orestem
1392 2130 1541 2164 secutus,
1559 2137 1627 2157 non

167 2177 277 2217 ipsum
293 2177 505 2209 Caesonium:
921 2181 1053 2209 tantum
1069 2178 1257 2218 periculum
1269 2181 1433 2217 expertus
1444 2181 1507 2216 est,
1522 2188 1628 2217 quan-

208 2231 226 2258 5
253 2229 347 2258 Hunc
366 2228 416 2269 tu]
438 2229 526 2260 Vide
543 2229 760 2270 Epigramma
780 2239 867 2271 prae-
922 2233 994 2259 tum
1010 2228 1096 2259 adiit
1114 2229 1272 2266 Ovidius,
1293 2227 1491 2259 damnatum
1516 2238 1534 2258 a
1558 2229 1627 2259 Ne-

165 2279 302 2310 cedens.
921 2288 1002 2310 rone
1033 2279 1221 2310 saevissimo
1258 2284 1405 2319 tyranno
1434 2279 1625 2310 Caesonium

207 2333 227 2361 7
256 2330 397 2370 Domini]
421 2331 580 2362 Neronis.
921 2331 1117 2362 comitatus

208 2384 228 2412 8
252 2382 392 2412 Miretur
417 2381 586 2422 Pyladem]
611 2381 678 2415 Qui
701 2391 736 2413 se
761 2381 864 2413 comi-

805 2488 987 2531 XLVI.

719 2580 786 2610 AD
820 2579 1058 2610 PRISCUM.

166 2643 524 2688 COMMENDARE
546 2652 672 2688 tuum
691 2646 794 2689 dum
811 2647 881 2689 vis
902 2648 1010 2689 mihi
1031 2646 1223 2688 carmine
1245 2658 1419 2695 munus,

222 2713 507 2768 Maeonioque
529 2716 658 2769 cupis
680 2715 856 2758 doctius
876 2729 950 2758 ore
972 2716 1122 2770 loqui3

210 2813 293 2843 Dum
309 2813 356 2844 tis
371 2813 509 2846 versibus
523 2817 732 2847 commendare
743 2816 821 2847 mihi
834 2819 922 2848 tuum
937 2817 1059 2856 donum,
1073 2818 1104 2847 et
1125 2815 1210 2856 cupis
1225 2823 1333 2846 canere
1348 2812 1536 2853 eloquentius
1552 2810 1619 2841 110-
