1893 3225
141 171 226 212 864
619 179 668 207 M.
702 177 815 208 vm„
850 175 1127 207 MAR'rlAhlsz

837 372 914 414 CI.

702 474 769 503 AD
804 474 993 503 FLAccu
1006 474 1053 502 M.

141 555 343 597 TuAmA
368 558 458 596 tam
480 558 657 595 tenuem
682 554 885 607 potuisti,
912 554 1087 604 Flacco,
1110 554 1292 595 videre?

197 624 267 665 Tu
290 629 410 678 puto,
433 622 550 676 quod
573 636 658 663 non
679 627 763 672 est,
788 622 962 671 Flacce,
984 622 1132 664 videre
1154 625 1294 676 potes.

186 749 216 780 Ο
236 748 358 787 Flacca,
374 748 550 788 potuistine
577 746 691 777 intueri
718 746 834 777 Thaida
853 749 916 775 lam
929 745 1040 776 exilem
1053 743 1069 776 ?
1094 745 1124 776 O
1148 744 1265 783 Flacce,
1281 742 1444 783 opinor,tu
1457 743 1544 781 poles
1560 740 1607 770 in-

143 792 225 823 tueri
237 792 317 832 qnod
328 801 387 822 ποη
403 794 461 822 est.

756 850 993 863 ‘‘‘‘‘‘‘‘‘

184 900 234 931 Ad
249 901 375 931 eundem
392 898 447 929 ed.
465 898 538 929 ead.

805 939 945 972 NOTAE

183 1022 203 1050 2
228 1019 273 1050 Tu
285 1018 378 1059 puto]
400 1019 528 1050 Sensus
550 1021 620 1049 cst:
657 1017 759 1049 Oculi
783 1016 845 1055 tui,
898 1015 1028 1046 Thaida
1043 1019 1110 1046 tam
1133 1014 1256 1045 exilem
1274 1009 1533 1053 deprehendere
1551 1018 1607 1049 po-

140 1081 158 1102 o
189 1071 326 1109 Flacco,
352 1068 634 1111 perspicacissimi
668 1072 762 1105 sunt,
788 1066 844 1109 qui
901 1066 1040 1098 tuerint.

819 1249 922 1290 CII.

729 1352 776 1381 lN
817 1351 1032 1381 mmmm.

142 1433 252 1475 NON
281 1436 347 1473 est
367 1431 588 1478 mentum,
613 1430 689 1482 qui
712 1434 756 1469 te
777 1429 880 1469 mihi
902 1428 1019 1468 dixit
1038 1427 1203 1467 habere

201 1500 463 1541 Formosam
485 1510 676 1546 carnem,
701 1496 860 1550 Lydia,
883 1509 972 1537 non
994 1495 1168 1536 faciem.

141 1569 222 1610 Est
242 1570 317 1618 ita,
340 1568 379 1608 si
401 1572 568 1617 taceas,
591 1569 635 1606 et
656 1565 693 1606 si
715 1568 805 1605 tam
827 1567 951 1605 muta
972 1563 1221 1611 recumbam

198 1635 346 1687 Quam
368 1634 475 1676 silet
495 1633 541 1674 in
565 1645 669 1674 cera
689 1631 857 1682 vultus,
879 1636 923 1673 et
943 1632 989 1672 in
1010 1630 1184 1672 tabula.

139 1704 232 1745 Sed
255 1702 429 1757 quoties
448 1700 661 1755 loqueris,
684 1712 858 1741 carnem
878 1712 1066 1754 quoque,
1088 1697 1246 1753 Lydia,
1269 1697 1444 1752 perdis3
1580 1695 1608 1734 5

199 1771 256 1813 Et
278 1784 360 1812 sua
381 1770 484 1824 plus
505 1768 630 1820 nulli,
650 1781 783 1822 quam
805 1767 905 1817 tibi,
927 1768 1076 1820 lingua
1095 1770 1240 1808 nocet.

141 1839 311 1881 Audiat
335 1837 480 1879 aedilis
502 1850 558 1877 ne
578 1839 634 1885 te,
656 1834 912 1888 videatque,
933 1837 1119 1875 caveto:
1196 1842 1199 1844 ’

199 1907 466 1949 Portentum
485 1908 568 1955 est,
585 1903 759 1957 quoties
781 1903 922 1957 coepit
936 1903 1084 1957 imago
1106 1902 1244 1957 loqui.

185 2033 217 2065 O
231 2033 345 2075 Lydia,
360 2042 421 2063 non
434 2035 478 2063 est
495 2032 656 2071 mentum,
673 2031 726 2071 qui
739 2031 823 2062 dixit
841 2030 917 2062 mihi
929 2034 959 2062 te
972 2030 1082 2063 habere
1093 2031 1253 2071 pulchrum
1264 2039 1466 2068 carnem,non
1477 2027 1605 2066 faciem.

141 2079 196 2109 lta
211 2081 271 2116 est,
283 2075 311 2106 si.
323 2076 426 2115 sileas,
441 2078 470 2106 et
485 2075 512 2105 si
527 2074 686 2105 recumbas
701 2077 766 2105 tum
780 2078 879 2111 muta,
891 2085 984 2114 quam
997 2078 1078 2106 tacet
1092 2075 1195 2105 vultus
1209 2074 1242 2104 in
1257 2082 1325 2104 cera
1336 2076 1429 2112 atque
1444 2071 1477 2102 in
1491 2069 1605 2102 tabula.

141 2122 185 2153 At
201 2120 320 2161 quoties
333 2118 479 2160 loqueris,
495 2127 514 2148 o
529 2117 779 2159 Lydia,amitlis
793 2118 888 2148 etiam
899 2127 1023 2149 carnem
1034 2129 1046 2155 ;
1062 2128 1116 2148 nec
1130 2117 1187 2148 ulli
1197 2117 1299 2156 magis
1314 2116 1399 2147 obest
1414 2125 1470 2145 sna
1486 2114 1606 2152 lingua,

139 2174 233 2204 quam
248 2162 319 2194 tibi.
369 2162 499 2201 Caveto,
512 2171 550 2192 ne
563 2161 666 2192 oedilis
675 2161 783 2192 audiat
799 2164 842 2200 te,
853 2164 909 2192 aut
923 2161 1036 2192 videat.
1084 2160 1274 2200 Prodigium
1285 2163 1344 2199 est,
1361 2157 1480 2199 quoties
1500 2157 1606 2195 imago

139 2207 232 2248 coepit
247 2205 342 2247 loqui.

801 2267 833 2300 N
840 2267 943 2299 OTAE

181 2350 201 2377 5
228 2347 360 2377 Carnem
382 2344 512 2385 quoque]
537 2344 626 2375 Nam
649 2343 846 2384 injucundis
904 2345 1016 2385 ginem
1047 2352 1128 2374 vero
1164 2343 1253 2384 loqui
1289 2346 1487 2383 portentum
1510 2345 1607 2372 erat:

141 2402 245 2439 atque
264 2395 399 2427 insulsis
416 2395 483 2426 tuis
500 2394 711 2425 sermonibus
727 2403 845 2434 eorpo-
902 2394 1032 2425 idcirco
1055 2397 1170 2424 autem
1199 2392 1342 2434 Lydiam
1362 2395 1464 2423 vocat
1488 2391 1607 2432 imagi-

140 2448 186 2481 ris
198 2445 484 2489 pulchritudinem
497 2444 679 2484 deturpas:
698 2449 757 2474 aut
770 2443 845 2474 sim-
902 2454 991 2484 nem,
1005 2443 1095 2486 quod
1107 2443 1256 2475 formosa
1265 2442 1402 2485 quidem
1419 2447 1523 2480 esset,
1546 2441 1605 2472 sed

140 2498 278 2541 pliciter
303 2495 456 2537 intellige
486 2494 740 2526 deformitatem
778 2494 844 2525 oris
900 2494 1095 2535 immobilis,
1126 2499 1230 2536 atque
1253 2493 1422 2526 illecebris
1459 2497 1606 2525 careret.

143 2550 276 2593 Lydiae,
290 2549 370 2580 dum
383 2549 593 2590 loqueretur.
900 2547 955 2578 De
974 2545 1091 2578 AEdilis
1105 2545 1300 2578 muneribus
1315 2544 1374 2577 lib.
1388 2555 1419 2576 v.
1439 2544 1537 2585 Epig.
1551 2546 1606 2575 84.

184 2605 204 2633 7
222 2600 354 2641 AEdt'lis]
370 2599 543 2641 Expiabat
557 2605 740 2641 portenta:
766 2600 844 2632 ima—
