1893 3225
510 259 915 291 EPIGRAMMA'I'UM
951 260 1045 290 [ΑΒ.
1079 259 1183 289 xlv.
1463 246 1575 289 1003

754 420 932 462 XLVI.

610 510 725 540 PILA
758 509 1079 540 TRiGONAms.

123 580 173 621 S1
197 592 266 620 me
288 578 510 620 nobilibus
531 577 621 619 scis
642 578 881 631 expulsare
900 577 1106 628 sinistris,

177 648 287 689 Sum
308 651 409 688 tua:
441 647 480 687 si
501 646 662 696 nescis,
684 645 863 696 rustice,
882 645 1018 687 redde
1039 646 1188 700 pilam.

161 774 200 806 Si
215 773 355 806 manibus
376 773 542 806 industriis
559 773 673 806 novisti
695 774 846 815 eoepellere
867 783 928 814 me,
955 783 1023 806 sum
1044 778 1119 805 tua:
1142 774 1244 804 sinon
1260 772 1384 810 novisli,
1410 782 1430 804 o
1451 774 1577 813 rustice,

120 818 250 849 restitue
263 818 372 858 pilam.

730 869 948 881 “estem“
953 870 969 881 e

164 916 179 944 l
204 913 314 945 Mobil.
330 913 385 946 ed.
403 912 507 946 Barb.
536 912 616 945 Vid.
633 913 715 946 Not.
728 914 810 946 Var.

778 999 918 1034 NOTAE

163 1067 179 1095 l
204 1064 241 1095 Si
254 1075 301 1096 me
315 1065 482 1108 nobilibus]
503 1065 679 1098 Industria
694 1065 819 1108 qnippe
874 1065 991 1098 laudet
1006 1065 1130 1106 Polybi
1146 1065 1252 1106 magis
1267 1062 1445 1096 sinistras!
1478 1062 1577 1094 Unde

118 1125 203 1156 opus
220 1121 296 1147 erat
321 1117 363 1148 ad
385 1118 473 1149 bunc
499 1117 629 1149 ludum.
653 1117 743 1149 Vide
759 1117 820 1150 lib.
873 1118 1063 1150 Scriverius
1088 1117 1144 1148 hic
1160 1116 1245 1157 legit
1262 1115 1381 1146 aliter:
1407 1113 1444 1145 Si
1456 1123 1504 1145 me
1519 1115 1578 1144 scis

117 1176 168 1198 ιν.
177 1167 275 1207 Epig.
286 1170 337 1199 19.
346 1172 382 1199 et
392 1168 449 1199 lib.
462 1178 527 1200 vu.
541 1170 640 1210 Epig.
652 1172 706 1200 32.
719 1173 755 1201 et
766 1172 821 1201 72.
875 1168 989 1209 Polybi
1003 1167 1079 1199 levis
1089 1169 1252 1207 expulsare
1262 1165 1413 1197 sinistris.
1435 1164 1578 1196 Judicet

116 1216 196 1248 ‘Sic
231 1217 378 1258 palmam
404 1218 466 1249 tibi
492 1219 536 1249 de
566 1219 701 1259 trigone
730 1218 822 1250 nudo
874 1220 998 1251 lector.
1041 1219 1107 1250 Vel
1130 1219 1219 1251 forte
1243 1217 1449 1259 legendum:
1473 1215 1510 1247 Si
1532 1225 1577 1246 me

116 1267 239 1299 Unctae
256 1266 316 1299 det
331 1266 429 1300 favor
444 1267 574 1300 arbiter
588 1278 736 1309 coronae,
747 1268 825 1301 Nec
875 1268 1050 1311 mobilibus,
1059 1270 1113 1309 ξε.

747 1413 953 1456 XLVII.

720 1505 975 1535 Fonnis

116 1572 204 1613 ΙΤΕ
222 1571 389 1626 procul,
401 1571 593 1626 juvenes
613 1586 622 1614 z
654 1573 772 1615 mitis
794 1574 901 1615 mihi
922 1574 1133 1615 convenit
1154 1577 1290 1615 aetas:

176 1640 301 1682 Folle
321 1640 449 1681 decet
470 1654 634 1694 pueros
654 1642 819 1693 ludere,
841 1643 947 1684 folle
969 1655 1108 1684 senes.

160 1758 191 1789 Ο
207 1759 421 1799 adolescentes,
437 1759 527 1797 longe
538 1757 689 1790 recedite:
711 1757 845 1790 imbellis
860 1760 937 1789 oetas
951 1759 1028 1791 mihi
1041 1761 1181 1794 convenit
1191 1771 1202 1793 .-
1223 1762 1307 1792 decet
1322 1766 1434 1802 pueros
1449 1761 1479 1789 et
1494 1766 1578 1789 senes

120 1802 224 1834 ludere
230 1801 321 1840 folle.
775 1842 917 1874 NOTAE

161 1913 177 1942 l
203 1910 312 1950 Mitis]
336 1909 471 1941 Etenim
485 1919 551 1941 non
565 1919 647 1951 opus
664 1912 718 1940 est
730 1917 820 1948 mag·
917 1910 938 1939 2
961 1908 1062 1948 Folle]
1085 1909 1163 1940 Pila
1186 1908 1319 1941 scilicet
1334 1911 1436 1940 vento
1451 1906 1580 1946 inflata,

116 1960 223 2000 navi,
240 1960 331 1991 unde
353 1960 560 1991 robustiores
581 1960 819 1991 adolescentes
873 1966 940 1999 qna
965 1959 1060 1999 pueri
1089 1964 1126 1992 et
1153 1969 1252 1992 senes
1288 1969 1325 1992 se
1362 1957 1581 1991 exercebant,

116 2010 182 2043 alio
198 2010 267 2043 ludi
279 2019 404 2053 genere
420 2020 582 2043 exercere
594 2020 630 2043 se
640 2010 780 2042 debent.
872 2008 961 2041 Vide
976 2009 1037 2042 lib,
1052 2019 1103 2043 lv.
1119 2011 1220 2053 Epig.
1238 2013 1288 2043 19.

731 2154 965 2198 XLVIII.

708 2244 993 2276 HARPASTA.

121 2311 243 2352 HAEc
266 2311 385 2364 rapit
406 2309 557 2353 Antaei
573 2312 708 2354 velox
728 2313 773 2352 in
795 2312 975 2365 pulvere
997 2311 1203 2363 draucus,

176 2377 372 2421 Grandia
392 2379 470 2433 qui
491 2393 606 2422 vano
628 2379 746 2421 colla
765 2380 917 2421 labore
937 2379 1057 2422 facit.

161 2488 307 2562 lDrauaeus
321 2488 401 2520 celer
424 2488 544 2529 Anloei,
566 2489 619 2530 qui
633 2489 740 2521 inutili
756 2489 859 2521 labore
874 2490 1016 2522 extendit
1031 2490 1154 2530 collum,
1178 2490 1263 2530 rupit
1286 2490 1350 2520 lloec
1368 2489 1528 2529 harpasta
1544 2490 1576 2519 in

116 2540 158 2570 pu
171 2541 254 2562 vere.

729 2586 849 2597 em
850 2585 969 2597 nnnnn

163 2629 179 2657 1
204 2626 274 2658 Pro
290 2626 333 2659 A.
346 2637 375 2659 v.
392 2626 496 2659 habet
512 2624 681 2668 antituflox
703 2629 779 2661 cod.
798 2630 936 2662 Beverl·

776 2716 920 2749 NOTAE

163 2777 340 2818 Harpasta]
362 2777 447 2809 Pilae
464 2787 586 2818 nempe
599 2782 697 2810 erant
710 2788 751 2809 ex
767 2788 822 2810 co·
877 2781 1040 2821 harpasta
1054 2789 1154 2810 mann
1171 2778 1407 2819 pulverulenta
1427 2775 1541 2815 rapis)

121 2827 169 2859 rio
195 2827 320 2867 factae3
344 2828 400 2860 lib.
423 2838 474 2861 ινθ
504 2829 604 2870 Epig.
633 2832 684 2862 19.
722 2829 821 2861 ‘Sive
922 2834 937 2862 l
961 2829 1068 2862 Anlcei
1085 2828 1232 2869 clv-aucus]
1256 2828 1295 2859 ld
1321 2833 1384 2868 est,
1407 2828 1574 2875 pqlaestrae
