1893 3225
260 212 345 254 950
732 218 780 248 M.
814 216 927 246 VAL.
960 215 1236 246 MAthAms

302 318 526 357 Projincaculo
541 326 644 348 caseus
666 315 705 348 V.
720 315 786 347 Ms.
803 315 1003 347 BeverL-l
1021 314 1165 346 Geniales
1180 314 1296 353 snoges
1324 312 1530 354 projent.sr.
1549 313 1592 344 id.
1611 317 1645 344 et
1659 323 1707 343 vs.

258 366 289 394 2.
312 363 417 393 missa.
915 401 1014 433 NOT
1025 400 1056 431 E

301 472 321 500 2
349 468 428 499 Hoec
439 466 554 507 massa]
579 466 656 498 Hoc
673 470 736 506 est,
750 466 804 497 hic
827 475 957 505 caseus,
1011 472 1183 504 superum,
1215 462 1306 494 circa
1343 462 1528 494 Matrinum
1558 461 1711 494 fluvium.

258 529 380 560 nempe
405 529 423 550 e
447 519 534 550 lacte
558 518 592 548 in
608 527 750 548 massam
767 517 959 558 coagulato,
1013 515 1081 546 Alii
1112 520 1190 547 sunt
1215 514 1249 545 in
1277 513 1462 555 Campania
1491 513 1534 544 ad
1564 511 1710 544 inferum

260 570 302 602 de
318 579 384 612 quo
401 569 531 600 Plinius
548 568 606 600 lib.
624 578 675 600 Χι.
693 578 769 609 cap.
783 571 836 600 42.
873 567 959 598 Ves-
1013 575 1117 598 mare.

260 621 321 652 tini
338 630 415 653 vero
431 620 542 652 Italiae
563 624 641 652 sunt
666 618 782 661 populi
806 618 849 650 ad
866 627 959 649 mare

875 750 1106 793 XXXII.

703 846 887 877 CASEUS
919 845 1014 874 VEL
1025 845 1278 876 ABRENSIS.

263 916 375 959 NON
402 928 723 969 quemcumque
742 915 903 964 focum,
924 927 1008 956 nec
1032 914 1200 955 fumum
1221 926 1380 955 caseus
1402 926 1586 964 omnem,

320 984 407 1025 Sed
426 982 747 1024 Velabrensem
768 983 843 1037 qui
864 982 989 1032 bibit,
1011 982 1086 1023 ille
1108 982 1240 1036 sapit.

261 1132 278 1163 b
304 1090 365 1120 Ille
380 1099 484 1121 caseus
492 1090 572 1130 sapit
588 1099 647 1120 non
662 1089 714 1129 qui
735 1088 838 1120 hausit
850 1097 1066 1129 quemcumque
1073 1087 1194 1127 focum,
1206 1097 1259 1119 nec
1271 1096 1390 1118 omnem
1398 1085 1534 1127 fumum,
1551 1087 1605 1117 secl
1626 1085 1714 1118 Vela-

281 1143 404 1164 rensem.

870 1183 1008 1194 ortem
1011 1183 1111 1194 ttttt

306 1229 455 1260 Fumnsus
471 1237 531 1269 pro
550 1228 615 1260 Vel.
639 1227 715 1258 cod.
733 1227 868 1259 Beverl.
898 1232 934 1258 et
957 1227 1005 1258 sic
1029 1226 1111 1257 alios
1135 1227 1250 1266 legere
1266 1227 1399 1258 notavit
1422 1226 1534 1257 editor
1547 1226 1715 1267 Delph—

262 1275 282 1303 2
308 1273 377 1313 Ipse
390 1271 467 1303 edd.
484 1276 569 1303 vett.
586 1276 621 1303 et
637 1271 763 1312 Delph.
780 1277 815 1302 et
838 1269 984 1302 Farnab.
1022 1270 1078 1301 Sic
1094 1269 1195 1302 codd.
1213 1270 1348 1301 Beverl.
1365 1274 1400 1301 et
1416 1270 1529 1301 Palat.

917 1358 1059 1390 NOTAE

306 1426 325 1454 2
342 1424 404 1455 Sed
426 1424 650 1464 Velabrensem]
666 1423 852 1455 Velabrum
868 1424 961 1454 locus
1019 1423 1161 1454 Romani
1177 1421 1307 1454 cunctis
1332 1421 1579 1463 praeferendos,
1607 1425 1644 1452 ut
1669 1420 1717 1451 ait

265 1480 340 1507 erat
365 1476 482 1506 Romae
507 1475 562 1507 ubi
599 1484 716 1506 caseos
746 1473 963 1506 infamabant
1018 1473 1149 1505 Plinius
1165 1472 1223 1505 lib.
1242 1481 1293 1505 211.
1310 1482 1386 1514 cap.
1403 1475 1457 1504 42.

862 1582 1120 1624 XXXIII.

744 1675 888 1706 CAsm
923 1673 1233 1704 TREBULANI.

262 1746 506 1787 TREBULA
529 1757 609 1786 nos
631 1744 800 1798 genuit3
831 1743 1110 1787 commendat
1132 1741 1275 1795 gratia
1297 1740 1476 1794 duplex,

322 1813 427 1855 Sive
448 1813 534 1854 levi
556 1813 750 1863 flamma,
771 1813 866 1854 sive
888 1812 1118 1853 domamur
1139 1822 1270 1863 aqua.

309 1925 414 1956 Pressz'
428 1934 531 1956 sumus
547 1923 687 1956 Trebulis
704 1934 714 1961 ,-
745 1923 905 1953 laudamur
924 1920 959 1952 ob
981 1920 1133 1960 duplicem
1149 1929 1248 1959 usum,
1262 1918 1327 1950 sive
1340 1927 1486 1959 paramur
1508 1917 1568 1950 levi
1573 1917 1719 1959 flamma,

264 1969 327 2000 sive
342 1978 433 2010 aqua.

919 2005 1058 2038 NOTAE

308 2087 325 2114 1
353 2082 500 2122 Trebula]
524 2083 579 2113 De
593 2081 726 2122 qualib.
743 2090 775 2111 v,
791 2080 892 2120 Epig.
906 2081 959 2110 71.
1017 2077 1105 2118 grati
1117 2082 1215 2108 erant
1226 2076 1356 2118 saporis
1367 2075 1436 2108 sive
1449 2077 1529 2109 tosti
1550 2074 1621 2107 sive
1635 2085 1721 2117 aqua

265 2133 352 2164 unde
367 2133 458 2164 casei
484 2132 626 2164 Romam
651 2129 881 2162 afferebantur
903 2130 960 2170 qui
1017 2127 1194 2160 macerati.

871 2263 1121 2308 XXXIV.

905 2357 1067 2388 BULBI.

268 2419 379 2461 CUM
402 2419 460 2460 sit
481 2432 591 2460 anus
612 2417 791 2473 conqu,
813 2421 856 2460 et
874 2418 961 2461 sint
981 2419 1061 2460 tibi
1080 2423 1251 2461 mortua
1272 2423 1479 2472 membra,

326 2487 404 2529 Nil
426 2487 546 2528 aliud
563 2487 708 2528 bulbis
730 2499 860 2541 quam
881 2491 1000 2528 satur
1021 2500 1123 2528 esse
1144 2494 1285 2542 potes.

269 2635 300 2666 b·
315 2593 393 2623 Cum
408 2591 522 2623 habeas
542 2589 816 2633 uxo⁷·e7n[cetulam
838 2594 868 2623 et
883 2590 1020 2622 membra
1043 2592 1208 2635 languida,
1229 2603 1291 2624 uon
1307 2592 1396 2625 debes
1418 2594 1556 2626 saturari
1576 2594 1639 2627 nisi
1661 2595 1724 2628 bul-

290 2645 326 2667 ts.

873 2687 1110 2700 eeeeeeeeeeee

310 2746 330 2773 2
354 2744 363 2759 ‘
376 2741 491 2774 Fatuis
508 2741 681 2774 fabrorum
697 2742 786 2774 betis
805 2743 953 2784 insipida
969 2745 1074 2785 magis
1093 2745 1172 2776 lect.
1230 2745 1336 2776 Extra
1358 2753 1489 2776 omnem
1507 2745 1725 2780 dubitationis

270 2786 377 2817 aleam
395 2795 414 2817 a
439 2785 560 2818 Po'etae
577 2794 679 2818 manu
702 2784 767 2818 fuit
785 2787 828 2818 N.
845 2797 874 2819 a.
888 2787 969 2819 bulbi
985 2798 1075 2829 quam
1090 2789 1225 2820 satureia
1243 2787 1366 2829 potest!
1400 2789 1455 2820 De
1469 2788 1576 2830 Rooy.
