1893 3225
487 249 590 278 urm
605 249 660 278 uA
675 248 888 277 MuserM
930 248 1021 276 mu.
1056 246 1158 275 xiv.
1447 234 1550 276 1001

776 409 883 451 XL.

709 498 961 528 CANDELA.

270 563 501 603 Ariorum
512 572 543 601 M
568 560 647 602 tibi
671 574 768 602 sors
791 560 916 602 dedit
937 560 1141 609 lucernae,

270 631 415 672 Tutus
435 643 534 684 quae
557 630 660 684 vigil
680 629 820 683 exigit
840 629 1059 671 tenebras.

145 738 244 767 Casus
257 735 316 767 tibi
330 734 457 766 donavit
474 733 652 766 candelam
668 735 813 766 ancillam
827 735 973 775 lucernoe,
997 745 1065 776 quoe
1080 735 1191 766 ardens
1213 734 1338 775 expellit
1361 735 1501 767 tenebras
1515 736 1563 767 in-

98 789 221 811 ηοω-ωε.

713 830 952 845 eeeeeeeeeeee

144 889 155 908 ‘
172 889 332 921 Cicindela
349 890 429 920 Vat.
454 889 533 920 Vid.
549 889 646 920 Serv.
664 899 718 929 ap.
734 888 877 920 Salmas.
905 898 936 929 p.
950 889 1036 921 375!
1061 890 1246 922 Revera—1
1270 888 1412 919 Lucerna
1432 888 1507 921 cori.
1530 888 1562 919 in

101 936 207 973 marg.
223 933 278 964 ed.
302 933 384 964 Par.
412 935 505 964 1617.
538 933 710 964 Lucernam
736 932 804 963 Ms.
831 933 1035 964 Beverl.—2
1060 934 1154 964 Totas
1179 933 1353 965 Gruter.e
1369 933 1436 964 Ms.
1463 933 1563 964 etsie

101 976 206 1008 habet
218 975 272 1008 ed.
284 975 387 1007 Barb.
403 981 438 1007 et
452 977 535 1007 alios
551 976 601 1007 ita
615 976 728 1016 legere
746 980 862 1007 monet
879 976 991 1008 editor
1004 977 1131 1018 Delph.

764 1067 907 1099 NOTAE

147 1133 163 1162 1
188 1130 358 1172 Ancillam]
382 1132 539 1163 Lucerna
561 1131 747 1163 utebantur
761 1131 810 1162 di·
905 1134 926 1162 2
952 1132 1063 1172 Tutus]
1089 1132 1165 1163 Hoc
1195 1136 1267 1164 est:
1294 1132 1394 1164 Licet
1417 1133 1566 1164 lucernae

103 1180 204 1220 vites,
227 1181 371 1213 candela
393 1191 476 1213 vero
502 1192 683 1223 pauperes,
710 1192 809 1224 quam
864 1182 988 1213 ancilla
1012 1183 1056 1214 sit
1083 1182 1240 1223 candela,
1257 1188 1370 1214 tamen
1395 1183 1484 1214 idem
1502 1183 1566 1214 tibi

105 1232 262 1263 ancillam
291 1233 440 1263 lucernae
465 1237 567 1264 vocat
595 1232 702 1263 instar
729 1242 810 1272 pau-
864 1231 1010 1263 officium
1027 1238 1192 1274 praestat:
1217 1234 1354 1266 lucente
1381 1234 1470 1265 enim
1487 1243 1567 1265 can-

104 1283 275 1323 periorum
292 1283 520 1323 foeminarum,
536 1293 610 1324 quae
628 1282 809 1314 ditioribus
865 1282 940 1314 dela
956 1283 1039 1314 nihil
1052 1282 1215 1315 offendes.

103 1333 319 1365 ancillantur.

768 1444 901 1486 XLI.

539 1535 780 1566 LUCERNA
815 1535 1142 1568 POLYMYXOS.

110 1604 407 1646 ILLUSTREM
432 1617 532 1646 cum
555 1607 650 1644 tota
669 1603 784 1643 meis
807 1603 1018 1644 convivia
1038 1603 1243 1654 flammis,

166 1673 341 1727 Totque
363 1686 508 1727 geram
528 1684 703 1726 myxas,
725 1684 816 1713 una
836 1672 1019 1713 lucerna
1039 1685 1189 1714 vocor.

110 1828 120 1857 I
156 1783 235 1814 Cum
248 1783 325 1816 meis
330 1783 472 1825 flammis
486 1783 656 1815 illuminem
670 1786 752 1814 totus
775 1784 892 1825 epulas,
914 1788 945 1816 et
961 1784 1088 1816 habeam
1104 1788 1150 1816 tot
1176 1783 1339 1826 ellychnia,
1361 1770 1497 1824 appellor
1511 1791 1571 1813 una

118 1836 245 1858 ¹ucerrwt.

768 1869 910 1902 NOTAE

157 1948 173 1976 1
202 1945 279 1976 Tota
308 1944 464 1985 convivia]
485 1943 687 1976 Triclinium
714 1944 816 1976 intel·
871 1955 988 1978 nares:
1011 1945 1102 1979 unde
1126 1945 1265 1977 lucerna
1281 1943 1411 1983 δίμυξος,
1422 1948 1458 1975 et
1479 1942 1575 1974 πολύ-

112 1996 195 2036 lige,
210 1996 268 2027 ubi
283 1996 503 2028 celebrantur
515 1995 684 2027 convivia.
871 2000 960 2038 μυξος
982 1998 1024 2029 ab
1047 1996 1293 2038 ellyclmiorum
1319 2004 1457 2027 numero
1482 1994 1575 2025 dicta

156 2050 176 2078 2
202 2047 317 2087 Totque
329 2045 577 2087 gerammyxus]
602 2044 688 2085 Μύξα
700 2045 819 2076 humor
873 2054 939 2081 est,

114 2103 168 2131 est
192 2108 233 2129 ex
259 2098 396 2130 naribus
417 2096 606 2138 profluens:
635 2097 718 2128 item
732 2094 820 2135 μύξαι

768 2222 931 2265 XLII.

743 2311 956 2344 GEREUS.

122 2387 219 2427 1-I1c
240 2387 320 2443 tibi
340 2390 579 2428 nocturnos
600 2382 835 2439 praestabit
855 2392 1009 2422 cereus
1030 2379 1175 2431 ignes:

178 2455 407 2496 Subducta
428 2459 495 2496 est
513 2466 650 2508 puero
672 2463 862 2506 namque
882 2449 1065 2490 lucerna
1080 2451 1175 2487 tuo.

167 2577 233 2609 Hic
252 2586 355 2608 cereus
376 2575 435 2607 tibi
460 2575 615 2607 exhibebit
638 2578 803 2606 nocturnas
819 2572 988 2613 flammas:
1014 2568 1128 2600 etenim
1151 2568 1276 2598 lucerna
1297 2566 1439 2603 surrepta
1455 2565 1498 2592 est
1525 2564 1578 2591 tuo

122 2630 222 2652 servo.

786 2656 928 2689 NOTAE

170 2727 298 2767 Cereus]
317 2725 551 2757 Saturnalibus
573 2733 692 2756 cereos
706 2722 826 2754 donari
880 2724 933 2752 59.
963 2720 973 2736 ‘
990 2720 1065 2751 Nec
1081 2717 1323 2749 dormitantem
1336 2720 1473 2742 vernam
1489 2707 1580 2739 frau-

127 2777 321 2817 solitosjam
335 2776 482 2807 diximus
496 2776 555 2806 lib.
570 2784 604 2805 v.
620 2773 721 2814 Epig.
738 2775 790 2803 18.
881 2771 964 2801 dare
989 2769 1127 2799 lucerna
1144 2764 1291 2797 Erubuit
1315 2761 1433 2800 fallax,
1459 2758 1581 2790 ardeat

169 2833 188 2861 2
212 2827 385 2868 Subducta]
406 2827 495 2858 Vide
523 2826 583 2857 lib.
615 2833 695 2856 vm.
725 2822 826 2863 Epig.
882 2821 938 2852 illa
955 2818 1060 2850 licet!
