1893 3225
519 237 921 268 EPicRAMMA'rUM
961 240 1052 268 mn.
1087 239 1157 268 X1.
1483 229 1566 272 835

117 325 334 368 Octavam
355 327 520 380 poteris
538 341 710 370 servare
728 342 738 369 :
762 328 1011 369 lavabimur
1042 342 1153 370 una:

175 396 294 445 Scis,
316 408 448 449 quam
472 397 562 437 sint
582 397 792 450 Stephani
815 398 975 438 balnea
990 398 1143 450 juncta
1163 397 1284 439 mihi.

117 462 270 504 Prima
289 464 366 504 tibi
388 463 562 504 dabitur
585 464 723 505 ventri
742 464 920 505 lactuca
941 466 1161 506 movendo

174 530 325 581 Utilis,
345 536 390 572 et
410 532 552 585 porris
575 531 649 572 fila
669 537 846 573 resecta
867 534 962 573 suis
980 547 989 574 ε

117 599 230 640 Mox
252 605 396 650 vetus,
419 604 461 640 et
481 601 598 641 tenui
616 601 753 654 major
773 600 969 655 cordylla
988 602 1151 643 lacerto
1168 616 1179 653 ;

173 668 261 708 Sed
282 682 416 722 quam
436 681 534 709 cum
556 672 665 710 rutae
683 668 915 710 frondibus
939 682 1027 710 ova
1047 675 1214 723 tegant.

116 734 270 777 Altera
287 750 375 777 non
396 737 576 778 deerunt
594 738 718 778 tenui
740 743 917 779 versata
936 738 1089 779 favilla
1106 751 1117 790 ;

175 803 232 844 Et
252 804 507 845 Velabrensi
528 818 676 846 massa
697 809 872 846 recocta
888 805 988 846 foco
1008 819 1017 846 ε
1509 804 1565 844 10

118 871 176 912 Et
197 884 297 924 quae
319 870 535 913 Picenum
556 877 784 913 senserunt
803 872 940 926 frigus
963 873 1120 914 olivae:

172 938 287 980 Haec
310 940 419 980 satis
438 941 480 980 in
501 946 661 992 gustu:
693 945 840 981 cetera
860 953 994 981 nosse
1016 941 1177 994 cupis'?

120 1005 324 1056 Mentiar,
346 1012 393 1048 ut
414 1008 567 1049 venias
586 1022 595 1049 :
627 1009 792 1062 pisces,
814 1009 1062 1063 conchylia,
1085 1021 1254 1058 sumen,

171 1073 230 1114 Et
249 1075 382 1115 cortis
405 1082 595 1125 saturas,
617 1081 751 1129 atque
772 1076 951 1130 paludis
975 1089 1106 1118 aves:

116 1140 229 1192 Quae
247 1155 329 1182 nec
353 1143 495 1184 Stella
516 1144 629 1185 solet
653 1157 752 1185 rara
772 1145 858 1185 nisi
882 1158 1038 1198 ponere
1062 1157 1206 1186 coena.
1510 1141 1566 1183 15

169 1208 280 1250 Plus
303 1223 383 1264 ego
404 1211 642 1264 polliceor:
673 1213 736 1253 nil
756 1213 954 1255 recitabo
969 1213 1064 1254 tibi.

1532 466 1559 505 <Ji

113 1321 230 1352 accede.
275 1321 401 1352 Poteris
411 1321 568 1353 observare
583 1322 699 1354 horam
711 1327 870 1360 octavam5
893 1323 1065 1355 lavabimur
1081 1323 1193 1355 simul:
1216 1321 1343 1358 novisti,
1357 1330 1446 1361 quam
1460 1320 1564 1351 vicina

113 1364 176 1393 sint
192 1363 268 1394 mihi
280 1364 386 1395 balnea
413 1364 576 1405 Stephani.
622 1366 737 1397 Prima
753 1367 813 1398 tibi
842 1371 1012 1407 apponetur
1027 1368 1146 1398 lactuca
1170 1367 1279 1397 idonea
1293 1365 1433 1395 solvendo
1449 1364 1565 1402 ventri,

113 1411 143 1436 et
151 1406 211 1446 fila
226 1410 343 1438 resecta
358 1416 397 1438 ex
417 1408 484 1438 suis
495 1409 596 1448 porris
608 1419 618 1444 ;
640 1420 712 1440 mox
728 1414 816 1440 vetus
831 1411 968 1451 cordyla,
983 1413 1012 1441 et
1027 1409 1125 1448 major
1148 1409 1233 1440 tenui
1249 1409 1361 1440 lacerto
1375 1417 1386 1443 ;
1408 1407 1460 1437 sed
1475 1416 1566 1446 quam

113 1449 252 1489 operiunt
277 1459 331 1480 ota
357 1460 424 1480 cum
434 1450 525 1489 foliis
545 1454 636 1482 rutoe.
680 1452 793 1483 Altera
819 1462 882 1483 ova
897 1463 957 1483 non
974 1452 1116 1494 deficient
1139 1455 1259 1483 versata
1275 1451 1360 1481 tenui
1373 1449 1509 1487 favilla‚·
1531 1452 1566 1477 et

114 1501 223 1522 massa
237 1495 356 1523 recocta
360 1491 433 1528 foco
453 1493 640 1524 Velabrensi.
686 1495 730 1524 Et
745 1495 835 1526 οἷὰ-α’
850 1505 916 1535 quae
932 1498 1069 1535 experire
1083 1498 1154 1525 sunt
1163 1494 1274 1533 frigus
1289 1493 1450 1523 Picenum.
1481 1490 1563 1521 Haec

112 1535 267 1575 sufficiunt
281 1535 314 1565 in
327 1538 432 1573 gustu.
462 1535 560 1566 Visne
575 1537 653 1566 scire
669 1536 795 1568 cetera?
818 1541 852 1568 ut
865 1538 969 1568 venias
983 1537 1116 1568 mentiar
1131 1538 1241 1577 pisces,
1261 1535 1562 1575 conchylia,ncmen‚

110 1580 139 1607 et
152 1577 283 1617 pingues
307 1587 378 1608 aves
399 1578 505 1618 cortis,
530 1583 559 1609 et
581 1580 721 1619 paludis.-
746 1591 814 1620 quoe
828 1591 882 1611 nec
895 1590 1045 1621 apponere
1070 1581 1147 1611 solet
1173 1580 1273 1611 Stella
1288 1578 1350 1609 nisi
1372 1587 1445 1608 rara
1466 1584 1565 1606 caena.

722 1653 959 1664 ΝΝΝΙΝΜ

156 1695 176 1723 2
195 1693 255 1724 Est
277 1693 439 1724 omittunt
463 1693 541 1725 Ald.
567 1695 664 1727 Junt.
690 1695 800 1726 Colin.
828 1694 923 1725 Alios
947 1695 1062 1735 legere
1088 1696 1124 1726 C.
1151 1705 1191 1726 m.
1209 1695 1237 1725 si
1259 1697 1283 1724 t.
1302 1703 1333 1724 n.
1359 1692 1445 1722 venit
1468 1694 1565 1722 notat

116 1736 329 1767 Farnab.—9
358 1737 437 1766 Alea
465 1737 631 1767 Vat.-10
662 1737 796 1767 Massica
820 1741 905 1768 cocta
930 1738 996 1768 Ms.
1022 1739 1158 1769 Beverl.
1221 1738 1336 1767 Coacta
1360 1735 1499 1766 Gruter..
1524 1743 1566 1763 ex

115 1779 315 1810 Palam—13
340 1778 393 1810 Id.
416 1779 489 1810 vult
514 1788 557 1809 ex
580 1779 657 1810 eod.
678 1779 917 1819 colyphia.-15
943 1781 1053 1809 Mensa
1078 1790 1138 1820 pro
1162 1790 1245 1809 coena
1260 1779 1328 1808 Ms.
1344 1777 1565 1808 Beverl.—·l7

770 1869 907 1901 NOTAE

157 1939 173 1967 1
197 1936 267 1967 Juli
295 1934 447 1975 Cerealis]
472 1934 539 1967 Qui
561 1934 627 1965 fuit
655 1934 756 1975 po'eta
771 1933 808 1964 il·
866 1932 995 1964 labrum
1013 1943 1094 1964 vero
1110 1933 1205 1973 regio
1218 1938 1293 1963 erat
1309 1931 1401 1963 urbis
1418 1933 1546 1963 Romae.

111 1986 241 2026 lustris,
258 1986 300 2017 de
325 1996 392 2027 quo
408 1986 537 2016 Plinius
555 1985 672 2026 junior
694 1984 753 2015 lib.
770 1993 810 2015 ιι.
909 1986 947 2015 11
997 1984 1041 2014 Et
1072 1993 1139 2025 quae
1177 1982 1341 2022 Picenum]
1386 1982 1487 2024 Epig.
1513 1984 1567 2015 44.

114 2037 224 2078 Epist.
240 2039 292 2068 19.
308 2036 396 2066 Vide
420 2035 520 2076 Epig.
537 2037 567 2066 8.
583 2035 639 2065 lib.
658 2043 706 2065 ιν.
867 2034 927 2065 lib.
940 2043 965 2065 1.

155 2089 175 2117 4
197 2085 364 2127 Stephani]
388 2085 493 2125 Cujus
510 2084 712 2115 mentionem
730 2082 816 2114 fecit
913 2088 952 2116 12
977 2085 1057 2116 Haec
1074 2085 1153 2115 satis
1172 2084 1206 2115 in
1227 2082 1337 2123 gustu]
1359 2082 1435 2114 Hoc
1451 2086 1516 2119 est,
1532 2081 1567 2112 in

114 2136 296 2167 Suetonius
323 2136 357 2166 in
379 2134 514 2166 Domit.
546 2134 663 2165 nescio
694 2143 736 2164 an
766 2133 811 2164 sit
870 2134 1011 2166 exordio
1033 2144 1151 2174 coenae,
1166 2130 1265 2174 Epig.
1279 2137 1332 2165 32.
1351 2143 1466 2173 supra.
1481 2133 1566 2163 Sen-

118 2186 220 2218 idem.
868 2195 924 2216 sus
940 2190 1004 2224 est,
1023 2185 1133 2226 inquit
1152 2184 1317 2223 Raderus,
1333 2188 1437 2224 caput
1461 2193 1567 2214 coenae

159 2240 177 2268 5
202 2235 355 2276 Lactuca]
395 2235 450 2266 De
472 2234 617 2266 lactucis
639 2238 676 2266 et
701 2233 812 2275 porris
868 2235 990 2266 lautius
1007 2245 1176 2276 apponam
1194 2235 1315 2266 verbis.
1360 2234 1402 2264 In
1416 2233 1569 2264 lautiori-

121 2288 221 2329 Epig.
235 2291 288 2320 47.
301 2287 361 2319 lib.
375 2296 433 2318 111.
867 2285 929 2316 bus
945 2285 1108 2316 conviviis
1120 2285 1231 2316 locum
1246 2285 1455 2325 praecipuum
1467 2284 1569 2314 habe-

157 2343 176 2371 7
203 2337 364 2379 Cordylla]
388 2338 440 2369 De
466 2337 530 2369 hoc
556 2346 680 2377 genere
708 2335 810 2377 piscis
867 2335 951 2366 bant
981 2335 1105 2375 pisces,
1132 2339 1170 2366 ut
1186 2333 1261 2365 fuse
1280 2334 1431 2375 explicat
1448 2333 1569 2364 Hera]-

118 2389 260 2430 Epig.2.
273 2389 332 2419 lib.
344 2397 400 2419 ιιι.
418 2392 454 2418 et
470 2388 571 2429 Epig.
589 2387 783 2418 1.lib.x111.
867 2385 940 2417 dus.
988 2386 1154 2426 Conchylia
1184 2389 1262 2416 sunt
1291 2389 1417 2422 ostrea,
1452 2385 1567 2415 Sumen

160 2442 179 2469 8
195 2439 257 2469 Sed
272 2438 376 2478 quam]
399 2438 500 2478 Epig.
511 2441 542 2469 8.
555 2438 612 2468 lib.
632 2446 668 2469 x.
686 2441 694 2454 ‘
708 2437 813 2468 Secta
868 2440 982 2467 autem
1008 2435 1134 2476 papilla
1150 2436 1219 2466 suis
1234 2433 1377 2466 effoetae:
1406 2434 1572 2475 Epig.44.

115 2488 329 2520 coronabunt
341 2493 470 2519 rutatos
482 2498 545 2519 ova
561 2486 730 2519 lacertos!
869 2486 929 2517 lib.
947 2495 1031 2517 xxii.

160 2542 180 2570 9
206 2539 303 2570 Tenui
328 2539 466 2579 versata]
503 2539 645 2570 Sorbilia
675 2548 739 2569 ova
764 2538 815 2568 in·
915 2540 951 2568 15
979 2537 1057 2572 Quae
1085 2546 1139 2567 nec
1165 2535 1279 2575 Stella]
1302 2535 1358 2566 De
1383 2543 1449 2576 quo
1466 2533 1567 2574 Epig.

117 2590 245 2630 tellige.
259 2590 315 2620 Sic
332 2589 434 2621 Ovid.
450 2598 533 2621 vm.
547 2590 688 2620 Metam.
704 2590 713 2606 ‘
725 2589 814 2620 Ova·
870 2587 973 2619 ΒΑΗ).
989 2597 1014 2618 1.

117 2649 181 2681 que
197 2649 264 2670 non
281 2641 349 2670 acri
361 2639 488 2670 leviter
502 2643 636 2670 versata
651 2637 797 2671 favilla.'
911 2640 951 2668 16
977 2637 1033 2668 Nil
1042 2636 1192 2676 recitabo]
1216 2636 1304 2667 Vide
1322 2635 1423 2675 Epig.
1440 2636 1493 2664 79.
1507 2633 1569 2664 lib.

161 2692 202 2721 10
242 2690 286 2720 Et
320 2688 512 2728 Velabrensi]
549 2689 691 2719 Caseum
713 2689 814 2720 Vela·
868 2697 903 2720 v.
942 2688 1066 2720 Horat.
1080 2688 1089 2705 ‘
1103 2687 1283 2719 Indoctum
1301 2687 1500 2727 doctumque
1516 2683 1567 2715 fu·

122 2742 277 2772 brensem
304 2741 532 2781 interpretare
558 2739 635 2771 foco
666 2744 701 2771 et
724 2740 816 2772 fumo
869 2743 928 2779 gat
944 2737 1278 2770 recitatoracerbus.’

120 2791 325 2831 induratum,
345 2792 443 2832 Epig.
461 2794 514 2822 32.
532 2790 589 2822 lib.
620 2798 705 2821 xm.
751 2791 817 2820 Ve-
