1893 3225
586 211 989 243 liplGRAMMATUM
1029 210 1119 239 ΜΒ.
1154 210 1202 239 x.
1525 196 1610 238 775

166 311 246 351 Bis
268 323 348 351 sex
370 310 508 350 lustra
526 311 606 350 tori
621 322 708 349 nox
729 307 849 348 mitis
869 311 910 347 et
930 306 1083 347 ultima
1105 305 1249 353 clusit,
1584 302 1612 340 5

224 377 438 418 Arserunt
461 391 545 418 uno
568 376 719 418 funera
739 375 843 416 bina
864 387 983 426 rogo.

167 444 271 485 Hos
291 451 432 486 tamen
454 448 503 484 ut
524 445 672 498 primis
694 447 846 496 raptos
867 435 950 483 sibi
973 442 1130 495 quaerit
1150 441 1193 481 in
1215 440 1341 481 annis
1359 453 1369 481 :

228 512 477 566 lmprobius
498 512 603 552 nihil
623 511 690 551 his
712 509 889 550 fletibus
911 522 1010 550 esse
1032 513 1192 563 potest.

166 632 250 652 senes
276 622 469 661 requiescunt
484 620 729 658 sorteselicz'ore.
776 620 852 650 Nox
875 620 985 650 blanda
1001 622 1031 650 et
1048 618 1159 650 ultima
1179 617 1361 648 terminavit
1384 614 1541 647 duodecim
1557 617 1616 646 Ius-

169 668 219 694 tra
242 665 303 694 tori
320 665 494 704 nuptialis,
516 668 545 694 et
566 666 624 694 duo
640 664 757 701 funcra
779 666 915 693 cremata
938 665 1009 692 sunt
1025 672 1084 692 uno
1100 671 1186 700 rogo.
1233 659 1444 690 Nihilominus
1460 659 1613 689 Rabirius

169 709 280 746 qnoerit
297 708 350 737 hos
367 711 398 737 ut
416 711 518 747 raptos
532 707 590 737 sibi
608 707 638 737 in
654 707 764 746 primis
773 706 882 737 annis:
904 705 984 736 nihil
997 708 1096 745 potest
1112 714 1175 735 esse
1190 702 1357 743 improbius
1373 702 1443 733 istis
1457 702 1614 742 lacrymis.

821 791 959 823 NOTAE

211 861 228 887 5
255 856 314 887 Bis
334 866 389 887 sex
411 856 524 896 lustra]
548 856 734 897 Sexaginta
749 866 867 887 annos.
923 856 1006 886 mati
1021 859 1108 886 sunt.

209 910 230 938 6
270 908 394 939 Funera
429 907 516 947 bina]
550 908 657 939 Pater
693 914 729 939 et
761 912 871 938 mater
966 909 985 937 8
1008 905 1181 946 Improbz'us
1195 902 1289 943 nihil]
1313 903 1396 934 Cum
1413 900 1539 933 defleat
1562 911 1619 943 pa·

170 957 288 988 eadem
320 962 421 988 nocte
453 958 588 997 mortui,
613 964 648 989 et
675 959 773 989 simul
797 966 870 988 cre-
922 963 1038 989 rentes
1052 957 1151 997 longa
1167 955 1328 996 felicique
1345 954 1416 984 vita
1430 952 1566 984 functos

789 1118 1008 1160 LXXII.

400 1207 772 1238 ADULATomUM
809 1208 872 1237 DE
906 1207 1112 1238 cAEsARE
1145 1205 1391 1237 TRAJANO.

285 1274 526 1316 FausTRA
547 1275 778 1317 blanditiae
800 1277 958 1318 venitis
981 1276 1035 1317 ad
1059 1289 1128 1317 me

283 1341 457 1384 Attritis
476 1344 749 1385 miserabiles
767 1344 957 1386 labellis.

289 1411 502 1452 Dicturus
523 1411 761 1461 dominum,
785 1411 1016 1465 Deumque
1036 1424 1125 1452 non
1145 1424 1269 1452 sum:

284 1478 313 1519 J
317 1493 387 1519 am
405 1492 491 1520 non
512 1485 579 1521 est
598 1479 725 1520 locus
745 1480 828 1520 hae
850 1480 893 1520 in
913 1481 1020 1520 urbe
1041 1479 1184 1520 vobis.

289 1546 360 1586 Ad
385 1547 571 1588 Parthos
591 1548 743 1601 procul
765 1548 825 1589 ite
841 1548 1048 1602 pileatos,
1601 1543 1629 1583 5

287 1614 343 1655 Et
364 1619 528 1668 turpes,
549 1615 836 1670 humilesque,
856 1616 1170 1669 supplicesque

289 1682 519 1723 Pictorum
541 1683 636 1724 sola
657 1685 830 1725 basiate
850 1697 1014 1736 regum.

289 1748 393 1789 Non
413 1757 480 1790 est
500 1750 571 1791 hic
594 1750 812 1801 dominus,
835 1750 911 1791 sed
932 1752 1188 1804 imperator,

290 1816 381 1857 Sed
394 1817 672 1871 justissimus
695 1819 886 1859 omnium
909 1822 1110 1859 senator:

287 1885 374 1926 Per
395 1898 524 1939 quem
545 1885 598 1926 de
621 1886 775 1940 Stygia
795 1886 928 1927 domo
948 1886 1129 1927 reducta
1149 1888 1224 1926 est
1254 1914 1263 1920 .
1576 1882 1630 1922 10

218 1997 248 2026 0
265 1995 489 2026 assentationes
504 1995 701 2035 miserabiles,
722 1997 846 2028 attritis
869 1997 967 2028 labris
982 1997 1141 2028 inutiliter
1155 1995 1303 2027 acceditis
1328 1994 1368 2024 ad
1392 2002 1460 2024 me:
1483 2002 1543 2022 non
1565 2001 1633 2022 sum

173 2039 313 2070 dicturus
327 2039 495 2076 dominum,
517 2042 546 2069 et
572 2039 697 2076 Deum‚·
712 2041 782 2078 jam
806 2049 866 2070 non
891 2044 936 2071 est
952 2041 1034 2071 locus
1054 2040 1139 2071 vohis
1161 2040 1217 2071 Imc
1239 2039 1271 2069 in
1295 2036 1387 2068 urbe:
1409 2035 1515 2075 procul
1534 2034 1578 2065 ite
1593 2035 1633 2064 ud

179 2081 310 2112 Parthos
323 2081 465 2120 pileatos,
481 2080 509 2111 et
518 2082 629 2121 foedoe,
644 2085 737 2121 atque
753 2083 889 2121 alstemo,
901 2087 931 2113 et
946 2083 1096 2123 supplices
1110 2080 1289 2112 osculamini
1304 2080 1400 2111 soleas
1415 2088 1523 2117 regum
1536 2077 1630 2117 picto-

175 2134 252 2155 rum.
297 2124 364 2154 Hic
378 2133 437 2155 non
453 2127 498 2154 est
520 2124 675 2163 dominus,
698 2126 750 2155 sed
771 2125 957 2166 Imperator,
980 2127 1032 2157 sed
1049 2126 1181 2156 Senator
1195 2123 1387 2164 aequissimus
1401 2120 1557 2152 omnium.-
1581 2120 1634 2159 qui

837 2201 975 2233 NOTAE

218 2266 237 2294 2
282 2263 417 2294 Attritis
461 2261 664 2303 miserabiles]
710 2264 880 2304 Loquitur
934 2270 1024 2302 rent,
1041 2265 1096 2296 vel
1112 2274 1131 2295 a
1143 2262 1362 2295 similitudine
1377 2268 1564 2298 servorum,
1579 2257 1633 2299 qni

176 2312 286 2345 Poeta
313 2313 356 2344 de
387 2313 456 2344 suis
491 2319 526 2343 et
564 2313 792 2345 Romanorum
828 2325 878 2345 as·
935 2314 1130 2347 libertatem
1146 2312 1266 2354 adepti
1291 2312 1416 2353 pileum
1447 2308 1639 2346 sumebant,

177 2364 438 2403 sentationibus,
460 2373 534 2405 quae
550 2365 584 2395 in
605 2374 665 2395 usu
680 2370 780 2395 erant
796 2370 879 2396 tem-
937 2370 975 2396 ut
990 2364 1150 2396 ostendat
1167 2362 1278 2394 Poeta
1302 2360 1450 2393 Parthos
1464 2368 1540 2390 esse
1558 2367 1637 2390 con-

176 2414 315 2454 poribus
330 2414 596 2456 Domitiani‚qui
611 2415 720 2446 Deum
733 2417 882 2456 appella·
937 2415 1075 2447 ditionis
1092 2414 1238 2446 servilis.

177 2465 203 2494 ri
229 2474 266 2495 se
287 2464 405 2504 jussit,
418 2465 518 2504 Epig.
534 2468 564 2496 8.
587 2465 645 2496 lib.
664 2475 698 2497 v.
715 2466 811 2507 quasi
827 2467 883 2498 ho-
979 2469 998 2497 7
1023 2464 1199 2504 Pictorum]
1216 2462 1270 2494 Ad
1283 2466 1397 2493 vestes
1407 2464 1442 2493 et
1454 2466 1637 2501 purpuram

178 2517 287 2548 mines
323 2518 516 2548 attriverint
552 2518 658 2557 labra,
694 2518 746 2549 vel
777 2519 881 2559 pedes
937 2516 1054 2555 refer3
1079 2516 1176 2556 reges
1192 2523 1270 2545 suos
1292 2511 1479 2544 adorabant
1506 2507 1639 2546 Parthi,

178 2568 252 2607 ejus
269 2566 464 2606 osculando,
486 2568 539 2597 vel
555 2568 617 2608 ipsi
634 2567 766 2599 assidue
789 2567 880 2597 blan·
937 2577 1077 2610 quorum
1095 2566 1200 2607 pedes
1216 2563 1469 2596 osculabantur.

181 2617 317 2648 diendo.
978 2622 997 2650 8
1023 2618 1096 2649 Νοη
1120 2619 1166 2648 est
1193 2615 1258 2655 hic]
1281 2614 1448 2654 Trajanus
1470 2609 1640 2646 nimirum,

223 2672 241 2699 6
268 2669 319 2699 Ad
334 2667 484 2707 Parthos]
501 2668 634 2709 Nempe
649 2673 744 2700 natos
756 2668 799 2700 ad
813 2678 882 2699 ser·
936 2668 980 2699 de
997 2668 1095 2707 eujus
1109 2665 1276 2697 modestia
1293 2663 1364 2704 agit
1382 2661 1513 2692 Plinius
1524 2657 1639 2699 junior

183 2719 325 2749 vitutem
342 2730 349 2749 z
376 2718 520 2758 pileatos
537 2719 633 2758 dicit,
648 2719 737 2760 quod
754 2724 884 2760 praeter
936 2720 969 2749 iu
987 2728 1047 2749 suo
1066 2715 1283 2758 panegyrico.

184 2771 412 2801 Romanorum
438 2779 564 2801 morem
597 2770 713 2810 pileati
751 2770 884 2801 incede-
