1893 3225
599 227 1002 260 EPlGRAMMA'rUM
1038 230 1133 262 mu.
1166 232 1271 263 xiv.
1541 228 1652 271 1047

801 458 1047 501 CLXVII.

766 559 1076 590 PLECTRA.

201 626 428 666 FuRvinA
452 640 506 667 ne
530 627 630 669 trito
651 627 733 667 tibi
753 627 918 681 pollice
941 630 1103 682 pusula
1125 635 1298 684 surgat:

252 693 472 735 Exornent
493 694 676 734 docilem
699 694 872 747 garrula
893 695 1061 748 plectra
1082 697 1233 751 lyram.

219 806 287 877 *INe
302 806 412 836 ardens
425 806 550 846 pustula
565 805 625 836 tibi
641 807 761 836 eveniat
777 806 889 836 attrito
900 805 1022 846 pollice,
1044 816 1157 838 canora
1173 809 1291 848 plectra
1306 810 1455 840 adornent
1479 811 1578 851 lyram
1592 811 1643 842 do-

196 858 225 878 cz
237 858 294 879 em.

813 901 830 912 φ
835 901 1034 912 erut-evoco

236 958 250 985 1
280 955 393 986 Pusula
411 955 536 995 Delph.
554 955 585 985 in
604 960 688 986 text.
706 954 763 985 sed
779 956 903 995 pustula
918 955 950 986 in
967 956 1100 996 Interp.
1127 956 1202 988 Hoc
1216 957 1342 989 habent
1357 958 1435 989 edd.
1454 960 1534 991 Par.
1551 963 1646 991 1617.

191 998 365 1029 Sclirevel.
385 999 497 1030 Maitt.
516 998 617 1029 Barb.
642 999 771 1028 Pulsula
787 998 867 1030 Ald.
884 999 981 1030 Junt.
1000 999 1109 1029 Colin.
1145 1002 1153 1015 ‘
1166 1000 1351 1041 V.pustul‹1,
1379 1012 1452 1042 quae
1469 1008 1504 1034 et
1524 1004 1645 1043 pusula.

191 1041 268 1072 vid.
284 1042 379 1073 Junii
393 1041 609 1072 Nomenclat.
632 1041 765 1072 Pulsum
781 1041 865 1081 legit
879 1042 1072 1074 Domitius!
1090 1043 1197 1082 Marg.
1212 1045 1261 1074 ed.
1275 1044 1351 1076 Par.
1363 1047 1456 1076 1617.
1474 1046 1646 1077 Domitius

190 1084 391 1115 Camerinus
407 1089 507 1115 notat
521 1084 603 1115 aiios
618 1084 717 1115 codd.
745 1084 872 1115 habere
888 1084 921 1115 id
944 1086 1143 1124 pulsum—2
1169 1087 1310 1118 Exorent
1326 1087 1378 1120 ed.
1404 1088 1510 1120 Barb.
1540 1094 1577 1120 et
1591 1090 1641 1120 sic

190 1127 272 1157 alios
287 1128 402 1167 legere
419 1132 515 1158 notat
530 1126 642 1158 editor
658 1127 786 1167 Delph.
833 1128 974 1158 Exornet
991 1129 1056 1160 Ms.
1074 1129 1211 1160 Beverl.
1226 1132 1281 1171 qui
1298 1130 1400 1162 habet
1416 1132 1548 1163 candida
1557 1133 1602 1172 pl.

850 1213 992 1244 NOTAE

233 1286 248 1314 l
272 1284 408 1314 Fervida
431 1293 466 1313 ue
481 1282 572 1322 trito]
594 1282 660 1315 Qui
676 1282 764 1313 enim
792 1282 889 1314 nudis
943 1282 1005 1322 dit,
1022 1284 1078 1324 qui
1105 1288 1141 1315 et
1157 1285 1293 1324 pustula
1314 1291 1486 1326 surgente,
1513 1297 1587 1329 quae
1612 1295 1647 1321 et

183 1335 316 1376 digitis,
344 1340 379 1366 et
403 1335 530 1375 absque
555 1335 688 1374 plectro
724 1333 889 1365 citharam
944 1335 1063 1374 pusula
1085 1334 1221 1374 dicitur,
1247 1335 1442 1369 intumescit
1472 1343 1508 1370 et
1538 1339 1642 1372 dolet.

187 1385 313 1425 pulsat,
344 1393 577 1425 saepenumero
612 1383 756 1423 digitum
787 1384 889 1415 oblae-
942 1383 1119 1415 Turnebus
1133 1384 1189 1416 lib.
1202 1393 1253 1416 tx.
1268 1395 1341 1426 cap.
1355 1389 1409 1418 24.

776 1554 1049 1597 CLXVIII.

757 1657 784 1685 '1¹
802 1657 832 1686 R
849 1658 875 1686 o
892 1657 917 1686 c
934 1657 965 1686 Η
985 1657 1013 1686 U
1033 1658 1071 1687 s.

187 1735 413 1777 INDUGEN
425 1747 488 1777 DA
510 1742 609 1777 rota
630 1740 725 1777 est:
759 1735 840 1777 das
860 1736 990 1776 nobis
1011 1735 1120 1776 utile
1141 1749 1312 1776 munus.

243 1804 334 1845 Iste
355 1805 530 1845 trochus
552 1804 715 1858 pueris,
738 1808 785 1844 at
807 1804 912 1844 mihi
935 1803 1124 1844 canthus
1146 1805 1240 1845 erit.

229 1920 421 1960 Impellenda
436 1923 481 1950 est
501 1922 589 1951 rota:
611 1919 699 1950 nobis
715 1918 845 1958 largiris
859 1919 971 1949 donum
985 1919 1073 1951 utile.
1120 1919 1218 1950 Pueri
1232 1920 1464 1951 delectabuntur
1479 1930 1511 1951 eo
1525 1922 1642 1960 trocho,

183 1973 238 2002 ego
250 1972 319 1994 vero
333 1968 438 1994 cantu.

795 2013 1030 2026 eeeeeeeeeeee

226 2084 240 2112 1
267 2082 321 2112 Da
337 2081 403 2112 Ms.
418 2080 620 2112 BeverL—-2
647 2080 765 2111 Cantus
781 2079 859 2111 edd.
877 2084 961 2110 vett.
989 2079 1068 2111 vid.
1088 2081 1169 2112 Not.
1198 2081 1278 2112 Var.

837 2165 981 2197 NOTAE

228 2231 377 2271 Trochus]
399 2232 455 2262 Sic
476 2241 495 2262 a
515 2231 673 2262 Turnebo
690 2231 883 2271 explicatur
938 2231 992 2261 vel
1005 2230 1122 2262 missus
1139 2230 1243 2270 orbis,
1259 2229 1452 2262 tinniebant
1475 2233 1509 2261 et
1524 2239 1640 2271 erepa-

182 2282 241 2314 lib.
261 2291 381 2313 xxvu.
397 2292 471 2323 cap.
487 2285 540 2313 33.
586 2283 670 2313 Erat
688 2286 801 2312 autem
827 2291 882 2321 ge·
936 2281 1030 2312 bant.
1076 2282 1216 2313 Mittere
1233 2286 1346 2312 autem
1371 2281 1533 2322 scienter,
1558 2282 1640 2312 artis

183 2343 245 2364 nus
269 2333 340 2364 ludi
364 2333 571 2371 (hermanici,
594 2338 633 2363 ut
659 2332 794 2363 nomine
807 2331 881 2372 ipso
936 2337 1012 2363 erat
1027 2342 1093 2363 non
1105 2333 1267 2372 vulgaris.

182 2382 376 2413 indicatur:
401 2389 474 2414 rota
490 2384 578 2413 enim
604 2387 678 2414 erat
694 2393 809 2414 ansam
826 2383 880 2414 ha-
982 2386 1002 2415 2
1025 2384 1071 2414 At
1087 2382 1164 2414 mihi
1185 2383 1316 2414 canthus
1341 2382 1480 2423 [cantus]
1504 2382 1638 2423 Nempe

182 2433 277 2471 bens,
292 2438 329 2463 ut
355 2433 487 2464 facilius
503 2434 711 2475 mitteretur,
739 2433 881 2465 axiculis
938 2433 1082 2465 tinnitus
1108 2433 1165 2465 ille
1183 2434 1290 2465 trochi
1308 2433 1411 2464 missi.
1457 2432 1538 2471 Alii,
1567 2444 1637 2464 cun-

182 2489 364 2524 compacta
413 2485 611 2516 transversis
655 2485 876 2526 jaciebatur:
934 2485 1019 2524 thus,
1047 2484 1173 2516 ferrum
1198 2494 1320 2526 nempe
1336 2494 1403 2526 quo
1416 2484 1543 2515 circum
1567 2489 1643 2516 rota

180 2545 321 2576 quorum
360 2534 535 2566 clavicuiiae
572 2541 608 2567 et
647 2537 876 2569 commissurae
932 2537 1097 2570 munitur.

177 2586 335 2625 aduncae,
353 2587 431 2617 dnm
445 2587 645 2618 versabatur
666 2588 765 2618 missa
793 2593 880 2629 rota,
