1960 3230
287 232 372 276 514
765 240 813 268 M.
847 236 959 269 vAn.
993 236 1268 267 MAR'riALls

288 339 347 381 Et
367 337 450 380 tibi
472 337 525 379 de
546 334 712 379 Pharia
732 333 1052 388 Memphiticus
1073 334 1180 374 urbe
1199 333 1364 374 fututor

346 407 558 459 Navigat,
582 419 608 446 a
627 404 769 445 rubris
789 408 831 444 et
848 404 969 456 niger
989 401 1128 442 Indus
1148 401 1301 454 aquis:

288 475 332 517 N
336 489 387 516 ec
407 474 689 516 recutitorum
710 471 826 524 fugis
851 470 1031 522 inguina
1051 469 1080 510 J
1084 468 1327 518 udaeorum,
1716 467 1745 508 5

344 543 443 584 Nec
463 546 505 583 te
521 540 769 583 Sarmatico
792 539 945 580 transit
964 536 1132 578 Alanus
1155 549 1288 590 equo.

287 610 393 662 Qua
411 611 582 651 ratione
601 609 729 657 ineis,
752 621 850 648 cum
871 607 931 647 sis
950 605 1161 646 Romana
1180 605 1342 658 puella,

343 678 480 730 Quod
502 677 708 719 Romana
726 675 808 716 tibi
827 675 1018 715 mentula
1037 674 1157 714 nulla
1174 672 1351 727 placet?

941 774 974 806 N
981 773 1084 805 OTAE

326 857 344 884 4
372 852 489 883 Rubris
503 856 532 883 et
541 853 645 891 niger,
658 851 728 891 δρα]
754 849 783 881 Α
800 851 885 882 mari
902 852 985 891 Ery-
1043 849 1153 881 Hebr.
1171 849 1233 888 BD,
1245 848 1279 879 id
1296 851 1362 887 est,
1372 857 1568 888 papyrosum.

284 906 405 944 thraeo,
421 905 509 946 quod
526 914 602 935 cum
623 904 796 944 Ἐρυθραῖον
811 903 986 933 diceretur
1084 904 1101 930 5
1127 900 1356 936 Reontitorum,
1368 897 1440 938 ξω]
1457 897 1587 930 Quibus
1598 895 1742 929 circum-

285 956 428 994 Graeeis,
456 955 498 986 ab
527 955 675 994 Erythra
698 953 767 984 filio
796 954 918 984 Persei
949 958 985 984 et
1040 950 1115 982 cisis
1129 949 1318 990 succrescit
1331 948 1432 980 cutis.

283 1005 526 1043 Anfflomedae,
541 1005 598 1046 qui
620 1004 665 1035 ibi
682 1005 851 1044 regnavit,
869 1003 983 1034 Latini
1080 1003 1100 1031 6
1124 1000 1312 1039 Sarmatico,
1336 998 1403 1039 Esca]
1431 998 1589 1040 Namque
1616 998 1741 1030 Alanos

284 1056 425 1087 Rubrum
451 1060 639 1093 verterunt,
665 1056 759 1096 cujus
782 1055 904 1086 coloris
928 1055 983 1084 vel
1036 1051 1184 1091 Scythiae
1212 1051 1360 1091 populos
1386 1049 1420 1080 in
1450 1049 1617 1080 Sarmatia
1633 1050 1742 1080 Euro·

283 1115 402 1137 arenas
438 1107 493 1138 vel
530 1106 637 1137 undas
672 1116 745 1137 esse
781 1106 982 1137 credebant.
1037 1112 1110 1143 poea
1127 1106 1258 1143 ponunt
1271 1101 1403 1133 Plinius
1415 1106 1450 1132 et
1466 1101 1689 1132 Ptolemaeus,

906 1235 1109 1278 XXXI.

828 1325 895 1355 AD
930 1325 1134 1355 REGULU
1144 1325 1192 1353 M.

452 1394 642 1435 RAUCAE
665 1393 801 1434 cortis
818 1406 940 1443 aveS‚
963 1397 1005 1434 et
1026 1406 1114 1434 ova
1134 1395 1336 1442 matrum,

449 1461 505 1502 Et
525 1460 667 1502 flavas
690 1461 837 1501 medio
858 1474 1023 1513 vapore
1044 1459 1195 1509 Chias,

456 1528 515 1569 Et
532 1528 690 1569 foetum
714 1528 913 1580 querulae
935 1528 1085 1568 rudem
1108 1528 1310 1580 capellae,

447 1595 546 1635 Nee
568 1595 661 1648 jam
683 1594 922 1646 frigoribus
944 1608 1074 1647 pares
1094 1595 1251 1644 olivas,

446 1663 506 1703 Et
525 1675 680 1702 canum
702 1661 859 1713 gelidis
886 1662 985 1702 olus
1007 1662 1192 1714 pruinis,
1710 1663 1739 1703 5

445 1731 516 1772 De
534 1734 684 1770 nostro
704 1730 786 1770 tibi
805 1742 902 1770 rure
921 1730 1059 1771 missa
1075 1729 1218 1772 credis
1231 1732 1251 1771 ’ἱ

447 1798 486 1838 Ο
510 1811 657 1851 quam,
682 1798 866 1850 Regule,
889 1798 1116 1851 diligenter
1136 1798 1280 1840 erras!

447 1865 526 1906 Nil
546 1866 700 1915 nostri,
723 1866 810 1906 nisi
832 1879 915 1915 me,
938 1866 1084 1907 ferunt
1105 1866 1249 1919 agelli.

317 1964 418 1995 Putas
429 1974 475 1996 me
486 1964 547 1995 tibi
560 1965 677 1996 misisse
688 1966 726 1996 de
741 1975 808 1996 mea
820 1966 893 1997 villa
905 1976 976 1997 aves
989 1977 1090 1997 rancoe
1102 1965 1208 2004 cortis,
1219 1968 1311 2006 atque
1320 1976 1375 1996 ova
1386 1965 1588 2004 gallinarum,
1602 1968 1634 1996 et
1648 1964 1732 1996 ficus

276 2007 482 2048 Clziasflnras
497 2011 665 2047 temperato
681 2011 792 2046 calore,
808 2013 838 2039 et
859 2011 965 2040 rudem
978 2010 1094 2048 foecum
1115 2009 1271 2047 gementis
1293 2009 1429 2049 capellae,
1450 2012 1479 2039 et
1497 2008 1671 2047 olicasjam
1688 2019 1734 2039 ce-

271 2051 377 2080 dentes
392 2050 527 2090 frigori,
549 2054 579 2081 et
604 2051 770 2083 brassicam
785 2062 893 2083 canam
905 2053 1030 2092 pruinis
1037 2051 1186 2092 frigidis.
1233 2051 1264 2083 Ο
1283 2052 1415 2092 Regale,
1430 2062 1521 2092 quam
1548 2053 1623 2083 (lata
1639 2061 1733 2092 opera

890 2127 1007 2138 eeeeee

1010 2127 1108 2137 ’’’’’

314 2169 334 2198 2
368 2167 413 2198 Et
431 2166 546 2205 furvas
575 2167 685 2200 codex
708 2168 903 2201 Pulmanni.
949 2167 1149 2199 Lectionem
1181 2174 1331 2200 nostram
1356 2168 1521 2200 exhibent
1551 2168 1630 2201 edd.
1649 2173 1732 2201 vett.

930 2245 960 2276 N
967 2244 1069 2276 OTAE

314 2306 331 2335 1
360 2305 473 2337 Raucae
499 2308 608 2349 cortis]
647 2309 799 2350 Propter
832 2319 972 2341 raucum

268 2355 449 2395 strepitum
465 2358 572 2389 avium
599 2360 873 2399 domesticarum,
888 2370 971 2402 quas

270 2405 435 2438 describit
450 2413 565 2440 noster
581 2410 691 2441 Poeta
711 2411 769 2441 lib.
786 2420 842 2442 111.
870 2411 971 2451 Epig-

269 2459 322 2488 57.
359 2456 537 2498 ‘Vagatur
564 2460 670 2491 omnis
698 2460 797 2492 turba
823 2460 969 2492 sordidae

271 2509 398 2547 cortis;
427 2510 578 2551 Argutus
616 2523 726 2554 auser,
756 2514 968 2555 gemmeique

268 2560 441 2601 pavones,'
454 2563 518 2594 ἃς.

311 2613 331 2641 2
359 2611 401 2641 Et
415 2611 521 2652 flavas
544 2613 658 2654 medio]
692 2614 769 2646 Hoc
796 2618 861 2655 est,
884 2613 969 2646 ficus

269 2660 370 2692 Chias
386 2662 557 2693 moderato
577 2665 688 2695 calore
702 2665 905 2705 exsiccatam,
927 2665 970 2696 de

267 2711 387 2752 quibus
401 2722 503 2752 supra
516 2713 613 2754 Epig.
629 2722 730 2745 xxiv.
746 2719 783 2746 et
799 2715 859 2747 lib.
882 2724 967 2748 X111.

268 2762 370 2803 Epig.
383 2765 436 2795 23.

311 2816 327 2843 3
355 2813 535 2855 Etfoetum]
559 2815 634 2847 Hoc
650 2820 714 2855 est,
730 2816 901 2848 haedillum
925 2816 967 2848 de

1029 2319 1095 2351 quo
1113 2309 1248 2341 solicita
1261 2313 1314 2341 est
1329 2310 1473 2350 capena.

1069 2362 1088 2390 4
1115 2359 1274 2399 Nec-jam]
1298 2360 1372 2391 Nec
1390 2360 1496 2391 olivas
1510 2359 1636 2400 frigore
1652 2370 1729 2391 con-

1025 2411 1176 2442 strictas.

1065 2465 1084 2493 5
1110 2463 1155 2493 Ec
1166 2472 1274 2494 canum
1294 2461 1423 2502 gelidis]
1447 2462 1524 2493 Hoc
1549 2466 1614 2502 est,
1629 2463 1729 2494 modo

1023 2522 1067 2544 ex
1093 2512 1192 2544 horto
1215 2513 1354 2553 lectum,
1386 2518 1488 2554 atque
1512 2513 1622 2545 adhue
1650 2515 1728 2554 gelu

1024 2564 1263 2594 constrictum.

1065 2616 1084 2644 7
1111 2614 1140 2644 Ο
1165 2612 1272 2653 quam]
1305 2612 1439 2644 Dedita
1464 2622 1587 2653 nempe
1621 2624 1728 2654 opera

1024 2673 1116 2695 erras
1132 2663 1262 2704 fingens
1284 2668 1317 2694 te
1330 2663 1461 2695 nescire
1479 2664 1724 2697 sterilissimum

1024 2726 1098 2747 esse
1139 2726 1250 2747 meum
1292 2717 1451 2757 agellum.
1505 2718 1559 2749 De
1594 2718 1726 2759 Regulo

1023 2767 1152 2799 dictum
1167 2767 1224 2799 lib.
1239 2776 1264 2799 1.
1283 2767 1385 2808 Epig.
1399 2770 1450 2799 83.
