1893 3225
288 225 372 267 640
765 237 814 266 M.
849 237 959 266 VAL.
994 237 1268 267 MARTlAms

405 332 604 385 Populos
625 331 867 374 habebunt:
899 346 1050 386 parere
1067 334 1158 388 jam
1181 334 1324 374 scelus
1346 346 1430 375 non
1451 337 1529 375 est.

404 397 447 439 N
453 411 507 439 on
528 412 640 452 puer
660 399 781 440 avari
805 404 954 442 sectus
975 405 1067 441 arte
1087 401 1315 454 mangonis

407 465 649 508 Virilitatis
670 467 834 509 damna
853 472 1008 510 moeret
1029 474 1215 522 ereptae:
1718 469 1745 509 5

405 534 505 575 Nec
526 547 661 587 quam
682 536 903 588 superbus
924 540 1153 589 computet
1176 536 1335 589 stipem
1358 535 1474 585 leno,

405 602 498 643 Dat
516 603 755 656 prostituto
775 604 937 645 misera
958 610 1099 644 mater
1118 603 1294 645 infanti.

404 669 496 721 Qui
516 684 599 711 nec
621 671 757 712 cubili
775 672 916 713 fuerat
936 676 1037 713 ante
1062 676 1104 713 te
1126 671 1347 725 quondam

406 739 575 788 Pudor,
597 752 697 780 esse
719 753 798 793 per
818 745 860 782 te
881 741 1020 794 coepit
1041 746 1084 781 et
1102 739 1326 793 lupanari.

291 830 370 861 tias.-
386 827 667 868 frequentubuntur
681 838 690 858 .·
705 827 775 866 jam
789 838 847 859 non
862 832 907 859 est
923 829 1036 859 crimen
1051 828 1194 866 gignere.
1240 827 1324 858 Puer
1339 829 1494 857 castratus
1508 830 1576 858 arte
1588 828 1747 866 mangonis

289 872 377 903 atari
399 882 456 901 non
483 872 566 909 luget
593 871 725 910 amplius
737 871 897 910 jacturam
919 874 1031 911 ereptoe
1054 870 1242 902 virilitatis:
1264 880 1319 900 nec
1334 869 1528 905 infortunata
1538 871 1682 910 genitrix
1693 872 1747 901 dat

289 915 405 953 infanti
418 916 584 954 prostituto
600 914 723 953 stipem,
740 924 829 953 quam
846 918 984 945 numeret
1001 915 1066 944 leno
1079 923 1242 952 arrogans.
1290 913 1354 943 Τιια
1367 923 1459 952 opera
1480 914 1569 954 coepit
1587 923 1652 944 esse
1665 923 1745 944 vere-

288 958 400 990 cundia
422 958 456 987 in
478 957 633 997 lupanari,
649 967 716 996 quce
731 957 803 988 olim
818 961 892 988 ante
907 961 937 987 te
952 967 1005 987 nec
1014 956 1124 994 fuerat
1136 957 1168 987 ιή
1190 959 1256 987 toro
1269 955 1425 996 nuptiali.

898 1029 1135 1043 eeeeeeeeeeee

333 1078 351 1106 3
376 1074 514 1115 Populus
534 1073 697 1112 habebunt,
721 1083 768 1105 sc.
792 1074 934 1114 gratias,
959 1074 1141 1115 legendum
1166 1078 1283 1105 censet
1300 1073 1546 1105 Gruterus.-4
1572 1074 1645 1105 Non
1671 1085 1746 1115 puer

288 1122 341 1150 aut
359 1119 407 1149 vir
429 1116 634 1148 Beverlandi
651 1117 719 1148 Ms.

331 1228 350 1256 3
375 1225 510 1266 Populos
529 1224 697 1265 habebunt]
732 1223 877 1256 Infanda
903 1226 991 1256 enim
1046 1224 1174 1265 quippe
1199 1222 1349 1255 infantes
1364 1234 1383 1255 a
1398 1224 1564 1256 matribus
1581 1224 1749 1256 conduce-

289 1276 395 1308 libido
412 1281 471 1307 tuo
483 1276 599 1307 edicto
615 1276 748 1307 sublata
764 1280 828 1308 est.
1047 1276 1130 1307 bant
1146 1275 1295 1306 lenones.

334 1326 542 1366 Parerejam]
566 1327 653 1359 Quia
671 1336 736 1357 non
752 1331 831 1357 sunt
847 1327 991 1368 amplius
1089 1330 1108 1357 8
1135 1326 1198 1362 Qui
1213 1336 1267 1357 nec
1291 1325 1398 1366 cubili]
1422 1325 1499 1357 Hoc
1524 1329 1590 1366 est,
1606 1326 1748 1358 sublatis

289 1377 470 1409 adulteria.
514 1376 603 1407 Vide
617 1376 675 1408 lib.
692 1386 741 1407 VI.
756 1378 856 1417 Epig.
870 1381 924 1408 67.
1047 1376 1223 1407 adulteriis
1239 1386 1304 1407 non
1323 1377 1429 1408 solum
1449 1377 1576 1418 pudica
1590 1383 1668 1409 sunt
1680 1388 1749 1410 ma-

331 1430 351 1458 4
377 1428 447 1458 Non
461 1425 554 1467 puer]
587 1426 675 1457 Vide
692 1426 751 1458 lib.
776 1436 824 1457 v1.
844 1427 944 1467 Epig.
961 1430 991 1458 2.
1047 1427 1218 1466 nimmia,
1234 1427 1292 1458 sed
1307 1432 1343 1458 et
1360 1427 1468 1467 pudor
1484 1433 1536 1459 est
1557 1429 1592 1459 in
1609 1429 1750 1470 lupana-

288 1484 322 1509 et
340 1481 372 1509 4.
1047 1478 1089 1517 ri,
1117 1477 1257 1518 ubijam
1272 1487 1337 1508 non
1361 1477 1444 1509 licet
1460 1479 1666 1519 prostituere
1690 1490 1749 1521 pu-

332 1531 350 1558 7
387 1527 457 1558 Dat
488 1525 673 1567 prostituto]
728 1526 991 1558 Prostituendos
1047 1538 1136 1560 eros-

948 1707 1086 1750 VIII.

878 1798 926 1828 IN
964 1798 1157 1830 AFRUM.

290 1865 487 1906 chERE
510 1864 562 1905 de
583 1864 766 1918 Libycis
788 1865 938 1907 reduci
959 1866 1039 1906 tibi
1061 1866 1282 1919 gentibus,
1303 1865 1425 1916 Aser,

346 1931 573 1973 Continuis
595 1932 714 1972 volui
736 1932 928 1986 quinque
950 1933 1104 1974 diebus
1126 1934 1237 1975 Ave.

290 2000 396 2041 Non
416 2004 565 2049 vacat,
587 2004 663 2040 aut
683 1999 855 2050 dormit,
878 2001 1039 2042 dictum
1060 2003 1130 2043 bis
1150 2007 1304 2057 terque
1325 2015 1518 2044 reverso.

344 2068 373 2109 J
379 2081 449 2108 am
472 2069 582 2109 satis
604 2071 696 2109 est:
730 2081 816 2108 non
838 2069 921 2116 vis,
943 2068 1066 2120 Afer,
1089 2083 1243 2112 avere:
1276 2070 1402 2111 Vale.

331 2189 362 2219 O
394 2188 478 2228 Afer,
497 2189 627 2229 quinque
649 2188 754 2219 diebus
775 2190 946 2221 consecutis
969 2192 1050 2222 volui
1074 2192 1175 2222 dicere
1193 2192 1323 2221 salutem
1346 2191 1404 2222 tibi
1426 2200 1546 2222 reverso
1567 2200 1608 2222 ex
1621 2190 1745 2230 Africa.

289 2232 481 2280 Responsum
497 2235 541 2262 est
558 2231 638 2305 millii
653 2242 774 2263 reverso
787 2232 833 2263 bis
845 2237 875 2264 et
893 2236 958 2271 tem·
973 2245 1032 2265 non
1049 2237 1148 2275 vacat,
1163 2236 1211 2265 vel
1225 2234 1351 2266 dormit.
1373 2235 1447 2265 Jum
1458 2235 1588 2276 sufficit:
1606 2234 1637 2266 Ο
1655 2234 1747 2275 Afer,

287 2285 347 2305 non
370 2285 417 2305 vzs
438 2284 546 2305 avere:
569 2285 605 2305 va
620 2285 646 2305 e.

900 2328 1137 2341 eeeeeeeeeeee

332 2373 401 2406 Hic
416 2374 510 2405 nulla
524 2373 683 2406 lectionis
701 2374 849 2406 varietas
862 2374 962 2406 estin
979 2375 1242 2415 exemplaribus.

948 2450 978 2482 N
985 2450 1087 2482 OTAE

331 2517 351 2546 4
375 2515 447 2546 Non
462 2515 509 2544 cis
522 2513 627 2554 avere]
673 2513 750 2545 Hoc
777 2518 844 2554 est,
869 2514 896 2544 si
922 2524 990 2545 non
1045 2519 1111 2556 est,
1126 2525 1269 2548 morere.
1316 2516 1389 2548 Lib.
1406 2526 1440 2549 v.
1458 2516 1556 2558 Epig.
1572 2519 1624 2548 67.

289 2567 339 2599 vis
360 2571 398 2597 ut
422 2565 485 2597 tibi
501 2565 646 2597 salutem
673 2564 798 2606 dicam,
815 2565 903 2606 vale,
927 2565 991 2597 hoc
