1893 3225
511 256 914 287 EP1GRAMMATUM
950 257 1044 286 Lm.
1083 257 1186 287 vui.
1488 250 1573 290 619

340 354 418 394 Bis
441 366 569 394 senos
585 353 713 407 jubet
734 365 786 392 eu
808 352 947 392 redire
970 352 1114 392 fasces

341 421 461 462 Nato
479 420 674 469 consule,
697 419 924 472 nobilique
945 419 1070 471 virga

339 489 472 530 Vatis
495 488 741 530 Castaliam
765 487 944 528 domum
965 500 1139 528 sonare.
1546 490 1573 526 5

339 557 502 597 Rerum
522 557 663 610 prima
684 556 807 597 salus
830 561 872 597 et
892 568 979 596 uua
1002 555 1170 604 Caesar,

338 623 561 665 Gaudenti
584 628 790 677 superest
810 624 952 665 adhuc
976 623 1093 677 quod
1116 627 1238 677 optet

342 692 472 733 Felix
493 706 702 746 purpura,
724 693 970 747 tertiusque
992 692 1162 733 consul.

340 759 557 813 Pompeio
579 759 748 801 dederit
767 761 871 801 licet
893 766 1088 809 senatus,

340 827 397 867 Et
418 826 571 868 Caesar
592 841 749 880 genero
768 840 921 869 sacros
944 828 1147 877 honores,

336 894 539 945 Quorum
562 895 777 949 pacificus
799 900 862 937 ter
884 897 1119 950 ampliavit

336 962 364 1003 J
370 975 480 1003 anus
502 963 706 1014 nomina;
740 963 876 1006 Silius
896 964 1146 1019 frequentes

340 1030 514 1072 Mavult
533 1032 598 1072 sic
618 1045 847 1073 numerare
869 1033 1144 1074 consulatus.

1521 828 1576 869 10

109 1131 212 1161 redire
226 1130 384 1161 duodecim
400 1130 506 1168 fasces
519 1131 584 1169 filio
597 1120 692 1162 rfacto
708 1132 841 1170 consule,
857 1135 885 1162 el
903 1132 998 1163 nobili
1021 1131 1114 1171 virga
1128 1131 1248 1172 pulsari
1268 1130 1438 1161 Castaliam.
1452 1131 1576 1160 domum

110 1174 229 1204 Pffe‘toe.
278 1173 308 1203 O
330 1174 524 1211 Domitiano,
539 1176 674 1214 primum
690 1179 718 1205 et
734 1176 856 1205 unicum
867 1176 1048 1215 proesidium
1063 1185 1177 1213 rerum,
1208 1177 1345 1214 superest
1374 1174 1472 1203 adhuc
1487 1174 1575 1204 exul-

109 1217 192 1247 tanti
208 1215 336 1256 aliquid
353 1218 431 1256 quod
446 1218 563 1256 cupiat,
578 1227 702 1258 nempe
712 1218 796 1256 felix
811 1227 964 1258 purpura,
981 1221 1011 1248 et
1033 1219 1146 1248 tertius
1175 1218 1370 1247 Consulatus.
1427 1217 1578 1251 Quamtis

112 1259 247 1290 Senatus
259 1260 441 1290 concesserit
460 1260 604 1300 Pompeio
619 1271 720 1291 sacros
735 1262 874 1299 honores,
891 1264 983 1301 atque
1000 1261 1160 1299 Augustus
1183 1270 1297 1299 genero
1315 1259 1495 1300 Agrippae,
1507 1269 1577 1298 qno-

109 1312 178 1332 rum
193 1302 316 1333 nomz'na
340 1306 388 1333 ter
413 1303 583 1334 illustravit
598 1305 703 1334 danus
719 1304 877 1347 pacificus,
893 1304 995 1343 magis
1018 1305 1120 1345 placet
1134 1304 1214 1335 Silio
1230 1304 1274 1334 sic
1285 1312 1448 1334 numerare
1457 1304 1577 1334 crebros

109 1346 295 1377 consulatus.

720 1409 963 1420 &metme-

112 1454 195 1484 Noto
206 1453 325 1484 consule
342 1453 374 1483 in
390 1452 668 1494 quibusdam.—5
696 1455 834 1485 Castalia
852 1454 961 1485 codex
978 1454 1178 1486 Pulmanni.

774 1526 804 1556 N
812 1525 914 1556 OTAE

152 1581 172 1609 2
196 1579 282 1610 Date
309 1577 402 1618 Silio]
427 1578 531 1618 Cujus
552 1576 641 1608 filius
658 1588 676 1608 a
694 1577 814 1609 Domi-
874 1577 1045 1609 ficandum
1063 1578 1137 1618 ejus
1163 1577 1348 1609 adventum
1374 1577 1476 1608 lictor
1493 1587 1578 1618 prae-

112 1630 206 1661 tiano
227 1629 339 1660 factus
356 1634 405 1659 est
424 1629 548 1660 Consul
567 1640 574 1659 :
601 1629 700 1660 Silius
725 1630 814 1660 enim
875 1629 1001 1659 cedens
1019 1629 1113 1669 virga
1125 1639 1182 1659 sua
1201 1628 1290 1659 fores
1308 1629 1477 1669 pulsabat.

111 1685 210 1722 pater
233 1681 335 1711 semel
360 1684 493 1711 tantum
527 1681 652 1711 Consul
679 1680 744 1711 fuit
774 1690 815 1711 eo

113 1742 200 1764 anno
224 1742 287 1773 quo
315 1731 417 1771 periit
443 1732 550 1769 Nero,
569 1735 606 1761 ut
622 1736 757 1762 constat
775 1741 815 1762 ex

110 1782 214 1814 Plinii
228 1781 380 1815 Junioris
393 1781 452 1812 lib.
468 1790 524 1812 111.
542 1781 698 1822 Epistola
713 1784 743 1812 7.
762 1782 817 1822 qui

112 1834 214 1864 vitam
243 1833 341 1863 simul
373 1836 409 1862 et
438 1836 581 1862 mortem
606 1831 680 1862 Silii
706 1831 818 1863 Italici

112 1884 266 1916 breviter
288 1888 414 1914 narrat.
449 1882 538 1914 Vide
556 1879 658 1913 effitm
675 1882 732 1913 lib.
752 1892 817 1914 vu.

114 1935 216 1976 Epig.
232 1937 286 1965 63.

157 1988 175 2015 3
202 1983 333 2024 Redire]
363 1983 499 2024 Nempe
516 1983 550 2013 iu
567 1981 728 2014 familiam
745 1982 817 2014 Silii

112 2035 240 2075 Italici,
255 2045 353 2076 quam
370 2034 554 2066 Castaliam
572 2033 668 2072 dicit,
678 2034 740 2064 hoc
754 2038 818 2073 est,

114 2086 222 2118 Musis
239 2086 410 2117 deditam:
442 2094 519 2115 nam
537 2084 713 2125 egregium
729 2084 818 2115 Poe-

112 2146 167 2167 nia
183 2136 224 2167 de
242 2135 392 2166 secundo
420 2135 511 2166 bello
528 2135 661 2166 Punico
679 2135 817 2176 scripsit

112 2187 225 2219 Silius.

156 2241 178 2270 4
206 2238 289 2269 Nato
304 2235 439 2276 consule]
463 2236 547 2268 Filio
569 2236 643 2267 Silii
663 2237 816 2268 consula-

117 2294 187 2321 tum
204 2289 344 2329 adepto.

158 2344 176 2371 5
203 2339 390 2379 Castaliam]
414 2339 496 2378 Alii,
514 2340 658 2370 Castalii.

917 1683 935 1710 7
962 1680 1051 1715 Quod
1067 1679 1166 1720 optet]
1190 1681 1373 1720 Utuempe
1384 1681 1493 1711 minor
1503 1680 1575 1720 ejus

875 1730 964 1761 filius
983 1731 1109 1762 Consul
1133 1740 1267 1772 quoque
1284 1730 1355 1767 fiat,
1378 1731 1474 1772 cujus
1491 1741 1578 1761 mor-

875 1786 943 1812 tem
976 1780 1084 1812 refert
1117 1781 1247 1812 Plinius
1275 1781 1399 1814 Juuior
1431 1781 1490 1813 lib.
1521 1791 1578 1813 ιιι.

875 1827 1078 1872 Epistola?

920 1886 958 1914 10
986 1884 1026 1913 Et
1048 1883 1157 1913 Coesar
1180 1883 1310 1924 genero]
1336 1882 1500 1924 Agrippa³
1520 1884 1581 1916 Ju-

872 1933 949 1964 liam
967 1933 1071 1964 filiam
1096 1934 1129 1963 in
1161 1933 1416 1964 matdmouium
1435 1933 1580 1964 colloca-

872 1985 922 2016 vit
946 1983 1135 2025 Augustus,
1160 1993 1303 2025 eumque
1328 1989 1381 2015 tei·
1397 1983 1578 2015 Consulem

874 2035 1002 2066 evexit.

918 2088 955 2116 11
983 2085 1123 2120 Quorum
1136 2085 1299 2127 pacificus]
1327 2085 1402 2116 Hoc
1419 2088 1482 2124 est,
1500 2094 1580 2126 quo-

874 2145 948 2166 rum
966 2136 1100 2166 nomina
1114 2136 1223 2166 relata
1240 2142 1317 2166 suut
1336 2136 1367 2166 in
1385 2134 1506 2174 fastos,
1523 2134 1578 2176 qui

873 2190 973 2216 erant
991 2186 1024 2215 in
1049 2186 1157 2216 tutela
1180 2185 1260 2217 Jani
1288 2184 1424 2225 pacifici
1441 2184 1578 2225 quidem

873 2238 935 2268 sub
952 2237 1120 2278 Augusto,
1144 2247 1210 2278 quo
1235 2242 1401 2277 regnante
1428 2237 1578 2267 clausum

873 2294 925 2320 est
942 2290 1106 2329 templum
1123 2289 1201 2321 Jaui
1219 2289 1335 2320 tertio.

917 2343 956 2372 13
984 2341 1107 2370 Mavult
1133 2340 1193 2380 sic]
1220 2340 1317 2370 Duos
1342 2338 1429 2370 filios
1458 2348 1578 2379 gerere

158 2392 290 2423 Domum
297 2389 420 2430 sonare]
430 2390 572 2422 Quoties
581 2390 714 2420 domum
725 2398 818 2420 suam

117 2447 175 2473 aut
205 2442 348 2474 alienam
365 2441 482 2472 adibat
500 2441 638 2480 Consul,
653 2440 694 2470 ad
716 2439 820 2480 signi-

875 2391 1111 2429 Consulatum,
1128 2400 1227 2430 quam
1244 2389 1316 2430 ipse
1334 2393 1387 2420 ter
1400 2399 1474 2420 esse
1490 2389 1578 2420 Con-

875 2441 937 2480 sul,
955 2445 992 2471 ut
1007 2440 1193 2480 Pompeius
1211 2444 1246 2470 et
1264 2439 1428 2480 Agrippa.

749 2543 957 2586 LXVII.

635 2624 684 2652 ιΝ
717 2620 1065 2653 υΑεοιιΛΑΝυΜ.

120 2682 298 2723 HORAS
319 2680 511 2732 quinque
530 2693 638 2733 puer
660 2681 849 2721 nondum
872 2679 954 2720 tibi
974 2678 1160 2727 nuntiat,
1182 2680 1225 2718 et
1246 2681 1291 2718 tu

176 2748 278 2789 Jam
301 2747 486 2787 conviva
507 2747 628 2796 mihi,
651 2746 904 2796 Caeciliano,
925 2746 1070 2787 venis:

163 2837 192 2867 O
214 2836 392 2874 Coeciliane,
407 2835 538 2865 nondum
556 2845 657 2867 servus
672 2837 732 2868 tibi
747 2837 870 2868 nuntiat
887 2837 993 2868 horum
1009 2836 1161 2876 quintam,
1175 2836 1202 2864 et
1220 2837 1253 2864 tu
1268 2834 1395 2864 conviva
1408 2833 1476 2871 jam
1493 2836 1576 2865 venis
