1893 3225
289 208 375 251 968
770 221 817 250 M.
855 221 915 251 νΑ
927 221 965 250 L.

1001 221 1276 253 MAR'NAMS

872 360 1161 402 LXXXIV.

921 451 1124 482 SCARUS.

293 514 390 557 Hic
414 514 594 565 Scarus,
617 517 836 570 aequoreis
856 519 931 572 qui
952 520 1074 560 venit
1095 521 1258 561 obesus
1279 521 1335 562 ab
1355 521 1502 571 undis,

344 581 610 623 Visceribus
632 584 774 624 bonus
795 589 885 626 est:
915 590 1057 627 cetera
1078 588 1163 628 vile
1185 589 1313 642 sapit.

330 684 397 716 Hic
415 696 521 718 scarus
540 688 592 728 qui
605 688 732 729 pinguis
748 690 861 721 allatus
883 694 928 721 est
942 691 980 722 ab
994 692 1081 732 aquis
1094 693 1263 725 imm-itimis
1278 694 1367 725 habet
1383 694 1533 726 intestina
1547 695 1668 736 sapida,
1683 705 1730 727 ce-

288 731 355 759 tera
370 738 450 761 vero
462 730 609 771 insipida.

894 786 1132 799 eeeeeeeeeeee

330 828 345 856 1
363 827 483 858 Adesus
496 828 676 860 Palat.—-2
697 829 771 860 Bile
786 829 860 860 cod.
877 830 1016 862 Beverl.

942 906 1086 938 NOTAE

330 969 345 997 1
382 967 559 1007 AEquorez's]
598 967 639 998 In
665 968 805 1008 piscinis
830 973 984 1001 servatus
1038 972 1143 1003 nare.'

284 1017 410 1058 ingrati
435 1022 487 1049 est
503 1019 642 1058 saporis.
687 1019 818 1050 Plinius
842 1030 917 1061 cap.
934 1023 985 1052 17.
1081 1026 1100 1054 2
1120 1023 1247 1063 Cetera]
1270 1021 1419 1054 Subaudi
1435 1022 1527 1064 κατὰ,
1541 1023 1740 1055 Graecorum

282 1068 341 1099 lib.
358 1077 409 1099 1x.
457 1070 467 1085 ‘
486 1070 586 1101 Nunc
615 1080 713 1101 scaro
742 1071 841 1102 datur
858 1072 985 1113 princi·
1039 1084 1145 1105 more.

284 1123 397 1160 patus,
411 1119 465 1162 qui
481 1120 570 1151 solus
583 1121 725 1161 piscium
741 1121 869 1154 dicitur
885 1122 986 1153 rumi-

880 1231 1144 1274 LXXXV.

869 1323 1165 1353 CORAGINUS.

281 1386 535 1429 PRlNCEPS
561 1388 729 1430 Niliaci
755 1392 939 1444 raperis,
972 1391 1206 1441 Coracine,
1226 1392 1426 1432 macelli:

335 1455 518 1497 Pellaeae
541 1457 661 1510 prior
680 1462 748 1500 est
768 1459 907 1511 gloria
927 1460 1051 1500 nulla
1073 1460 1202 1512 gulae.

323 1559 354 1590 0
371 1559 519 1591 Cor-aeine
529 1560 672 1601 princeps
684 1561 807 1593 Niliaci
824 1563 942 1594 macelli
953 1564 1089 1604 raperis.-
1106 1565 1207 1595 mellus
1218 1565 1314 1596 honos
1325 1565 1429 1605 potior
1445 1567 1489 1595 est
1499 1565 1582 1604 gulae
1598 1564 1734 1595 Peuoeoe.

879 1637 894 1647 o
900 1638 1014 1648 neem
1018 1638 1094 1649 ene
1098 1639 1115 1649 e

322 1680 338 1708 1
357 1677 413 1709 Sic
429 1678 505 1711 cod.
517 1679 644 1711 Thuan.
657 1684 694 1712 et
707 1680 783 1712 cod.
798 1680 831 1711 in
846 1691 954 1721 marg.
967 1681 1021 1713 ed.
1035 1682 1116 1713 Par.
1130 1685 1225 1713 1617.
1254 1683 1391 1714 Niliacis
1403 1683 1537 1714 macellis
1550 1682 1628 1713 Ald.
1644 1682 1740 1714 Junt.

279 1720 454 1753 Colin.—2
470 1723 515 1753 Es
528 1722 602 1754 cod.
621 1723 759 1755 Beverl.
778 1728 814 1755 et
831 1724 908 1755 cod.
923 1726 956 1755 in
975 1735 1084 1767 marg.
1098 1726 1204 1766 ejusd.
1221 1726 1274 1757 ed.
1292 1726 1374 1757 Par.

935 1801 1076 1832 NOTAE

322 1865 339 1892 1
368 1862 486 1893 Niliaci
507 1865 642 1906 macelli]
663 1864 734 1896 Alii
764 1867 902 1898 Niliacis
915 1878 979 1898 ma·

275 1913 358 1943 cellis
371 1913 469 1945 :Hoc
484 1919 549 1954 est,
560 1915 671 1946 nullus
683 1916 785 1957 piscis
798 1917 978 1950 delicatior

276 1964 422 1995 habetur
449 1964 682 2007 Alexandriae,
715 1977 789 2008 quae
814 1974 867 2000 est
896 1969 977 2000 urbs

276 2015 428 2056 AEgypfi,
442 2016 571 2047 Pellaea
587 2016 682 2048 dicta
706 2018 747 2049 ab
778 2017 977 2050 Alexandro

274 2066 466 2105 conditore,
479 2066 614 2107 quiipse
627 2066 774 2099 Pellaeus
787 2070 980 2101 nominatur

276 2126 295 2146 a
312 2116 411 2148 Pella
440 2117 523 2148 urbe
549 2118 764 2150 Macedoniae
794 2120 852 2151 ubi
880 2125 979 2152 natus

275 2171 338 2199 est.
384 2168 516 2200 Plinius
544 2168 604 2200 lib.
635 2178 757 2202 xxxu.
795 2171 978 2204 ‘Coracini

1037 1866 1149 1908 pisces
1166 1867 1247 1898 Nilo
1263 1866 1398 1908 quidem
1425 1865 1617 1906 peculiares
1633 1869 1711 1896 sunt
1728 1876 1735 1895 ε

1037 1918 1096 1949 sed
1114 1928 1172 1948 nos
1201 1918 1276 1949 haec
1299 1917 1452 1949 omnibus
1481 1917 1580 1948 terris
1602 1917 1740 1948 demon-

1036 1969 1203 2000 stramus!

1078 2025 1098 2053 2
1138 2022 1252 2053 Gloria
1275 2021 1376 2062 nulla]
1412 2021 1489 2053 Hoc
1517 2024 1582 2059 est,
1613 2019 1736 2051 nullius

1035 2072 1138 2113 piscis
1166 2074 1237 2104 laus
1268 2078 1366 2104 tanta
1396 2077 1450 2104 est
1473 2077 1511 2104 ut
1540 2071 1670 2112 gratior
1694 2071 1738 2102 sit

1033 2122 1289 2156 Alexandrinis.

858 2273 1149 2316 LXXXVI.

895 2364 1126 2395 ECHINUS.

276 2425 393 2466 Is‘rE
410 2424 514 2468 licet
536 2427 700 2481 digitos
721 2430 942 2472 testudine
964 2436 1134 2486 pungat
1154 2438 1300 2482 acuta,

332 2493 512 2535 Cortice
531 2495 736 2551 deposito
755 2498 904 2539 mollis
927 2500 1109 2541 echinus
1130 2501 1224 2542 erit.

317 2593 466 2629 Quamvis
476 2595 536 2628 iste
547 2596 673 2629 echinus
682 2601 804 2639 pungat
819 2599 939 2639 digitos
953 2604 1044 2631 acuta
1060 2604 1153 2642 testa,
1166 2601 1268 2632 mollis
1284 2600 1347 2632 erit
1364 2601 1502 2642 deposito
1517 2601 1639 2634 cortice.

930 2674 1070 2707 NOTAE

313 2726 333 2755 2
360 2724 484 2756 Cortice
510 2725 664 2767 deposito]
689 2725 767 2759 Hoc
788 2731 853 2769 est,
885 2732 974 2760 testa

271 2775 405 2818 spinosa
421 2778 588 2820 deposita.

1071 2729 1195 2771 Mollis]
1219 2731 1297 2763 Hoc
1314 2734 1378 2773 est,
1393 2730 1486 2763 cibus
1498 2731 1564 2763 erit
1580 2735 1706 2773 gratus.
