1893 3225
531 245 934 276 EPlGRAMMA'rUM
974 247 1065 276 [AB.
1099 247 1188 276 xii.
1495 237 1579 277 905

130 341 198 381 Tu
220 340 387 389 melior,
412 352 513 393 quae
535 340 704 381 deserto
727 342 900 393 raptore
922 340 1102 382 redisti:

189 407 271 449 Illa
294 408 434 449 virum
455 408 594 449 voluit
613 420 695 447 nec
714 407 901 459 repetita
924 408 1068 460 sequi.

133 474 281 525 Ridet,
303 479 346 517 et
368 475 528 516 Iliacos
550 473 676 515 audit
697 473 927 514 Menelaus
949 486 1121 514 amores
1140 486 1149 512 :

187 542 393 584 Absolvit
414 542 653 596 Phrygium
673 545 821 582 vestra
842 542 1000 595 rapina
1023 542 1187 583 Parim.
1525 544 1578 583 lo

137 608 376 663 Accipient
397 609 501 650 olim
522 622 619 650 cum
642 612 682 649 te
701 608 802 649 loca
822 608 928 649 laeta
944 609 1132 662 piorum,

190 677 294 718 Non
315 678 398 718 erit
418 678 461 718 in
478 677 630 730 Stygia
649 677 792 718 notior
812 677 968 717 umbra
984 677 1132 718 domo.

134 744 237 786 Non
259 746 402 787 aliena
422 745 555 794 videt,
578 745 655 785 sed
679 749 797 785 amat
819 744 1095 797 Proserpina
1116 746 1269 798 raptas
1288 758 1297 784 z

187 812 276 855 Iste
296 813 376 854 tibi
397 813 620 854 dominam
639 812 894 854 conciliabit
914 824 1052 853 amor.

130 927 239 962 ruptus
253 927 332 955 tuos.
380 923 424 953 Τιι
438 922 574 963 probior,
589 933 657 963 quce
679 933 800 954 reversa
823 932 854 953 es
869 923 1014 954 derelicto
1027 926 1150 962 raptore
1164 932 1172 952 :
1198 922 1260 952 Illa
1276 931 1328 952 nec
1342 922 1475 960 repetita
1490 921 1583 951 susti-

131 967 198 996 nuit
212 967 294 1006 sequi
312 967 468 997 maritum.
516 967 674 996 Menelaus
689 966 786 1004 ridet,
801 969 892 1006 atque
908 966 996 997 audit
1024 966 1172 1003 Trojanos
1188 974 1327 1000 amores,-
1348 967 1450 994 vestra
1472 963 1583 1003 rapina

131 1012 256 1039 excusat
277 1009 453 1048 Phrygium
471 1008 591 1039 Parim.
639 1009 717 1038 Cum
732 1009 893 1049 aliquando
917 1018 1034 1039 amoena
1060 1009 1125 1039 loca
1144 1008 1267 1048 piorum
1291 1007 1447 1046 excipient
1463 1010 1504 1043 te,
1523 1016 1581 1036 non

131 1052 192 1082 erit
208 1051 316 1082 umbra
330 1052 433 1082 notior
448 1051 480 1082 in
495 1051 612 1081 cedibus
627 1051 760 1093 Stygiis.
807 1051 995 1092 Proserpina
1011 1061 1072 1082 non
1087 1060 1207 1090 aversa,
1221 1052 1273 1081 sed
1297 1051 1395 1081 amica
1410 1050 1495 1080 videt
1510 1058 1581 1088 rop—

134 1097 181 1124 tas
192 1104 202 1123 .·
227 1094 285 1125 iste
300 1104 386 1124 amor
398 1094 539 1126 devinxit
554 1094 612 1125 tibi
623 1095 790 1126 dominam.

743 1178 976 1189 eeeeeeeeeeee

132 1233 239 1263 relicta
266 1233 366 1264 idem.
412 1232 482 1264 Alii
506 1233 593 1264 hunc
621 1243 668 1264 vs,
695 1234 812 1273 legunt
840 1235 953 1265 Noluit
979 1235 1034 1265 illa
1055 1235 1155 1265 virum
1176 1235 1222 1264 vel
1245 1234 1377 1274 repetita
1401 1233 1582 1273 sequi.—ll

131 1275 217 1314 ιΙιιὲνιι
229 1277 319 1315 longa
335 1276 412 1306 Vat.
430 1285 472 1307 ex
488 1276 583 1316 Virg.
600 1276 675 1307 AEn.
692 1280 845 1309 v11.—l4
872 1278 1057 1309 Conciliavit
1081 1276 1159 1308 edd.
1180 1281 1263 1308 vett.

790 1351 929 1383 NOTAE

177 1417 196 1445 S
221 1415 281 1446 Illa
315 1413 429 1454 virum]
458 1415 590 1451 Legunt
622 1413 689 1454 alii,
720 1414 830 1445 Noluit
929 1418 965 1446 11
992 1415 1155 1456 Accipient
1178 1414 1266 1454 olim]
1300 1413 1377 1445 Hoc
1411 1416 1475 1451 est,
1511 1421 1586 1442 cum

133 1467 187 1496 illu
200 1466 298 1496 virum
315 1466 361 1495 vel
374 1465 506 1504 repetita
519 1465 614 1505 sequi.
638 1465 829 1495 Menelaum
886 1470 1019 1497 mortua
1044 1466 1205 1505 migrabis
1232 1465 1265 1495 in
1283 1473 1420 1504 campos
1442 1462 1590 1503 Elysios,

135 1516 300 1555 intellige,
330 1515 385 1556 qui
410 1516 512 1545 laetus
537 1514 634 1546 audit
657 1514 744 1545 idem
762 1524 829 1545 ma·
886 1516 953 1547 eris
972 1521 1055 1547 nota
1070 1520 1106 1547 et
1123 1515 1278 1546 celebris.

135 1567 201 1596 rito
224 1565 433 1605 Semproniae
463 1564 656 1605 contigisse,
682 1563 772 1605 quod
795 1568 831 1595 et
929 1569 967 1597 13
992 1565 1196 1606 Proserpina]
1213 1563 1371 1604 Propitia
1382 1562 1501 1604 raptis,
1512 1571 1587 1593 cum

136 1616 209 1656 ipse
234 1625 350 1656 passus
366 1619 449 1646 erat.
492 1614 634 1646 Amores
658 1623 737 1645 vero
755 1612 832 1645 Rufi
885 1621 920 1648 et
938 1616 1011 1657 ipsa
1028 1626 1047 1647 a
1063 1615 1210 1646 Plutone
1228 1619 1328 1654 rapta
1342 1613 1458 1644 fuerit.

136 1677 217 1707 erga
253 1665 484 1706 Semproniam
526 1665 683 1696 ‘Iliacos'
720 1669 834 1704 vocat,
929 1669 969 1697 14
1007 1665 1193 1696 conciliabit
1224 1663 1443 1705 [Conciliat-it]
1480 1663 1587 1694 Nimi-

137 1718 217 1758 quia
243 1717 477 1757 Semproniam
508 1716 623 1755 rapuit
652 1714 770 1755 Rufus,
796 1721 834 1746 ut
889 1728 962 1748 rum
979 1727 1072 1748 amor
1099 1717 1244 1757 raptoris
1276 1725 1356 1756 erga
1376 1720 1409 1746 te
1427 1716 1498 1756 jam
1524 1714 1587 1745 tibi

138 1768 271 1799 Helena
300 1773 397 1809 rapta
419 1773 470 1799 est
495 1779 514 1799 a
537 1768 677 1808 Paride,
703 1769 758 1810 qui
784 1774 832 1800 ta·
889 1767 1087 1800 conciliavit
1102 1767 1359 1807 Proserpinam.

135 1828 210 1849 men
225 1819 288 1849 hoc
302 1819 460 1859 exemplo
470 1823 664 1850 excusatur.

790 1926 922 1968 LIII.

711 2026 763 2058 IN
800 2026 1028 2057 AVARUM.

256 2095 435 2136 NUMM1
462 2107 563 2135 cum
583 2094 664 2135 tibi
687 2094 790 2143 sint,
821 2106 1019 2147 opesque
1041 2099 1192 2143 tantae,

257 2162 463 2212 Quantas
485 2162 596 2202 civis
617 2162 764 2211 habet,
797 2165 993 2214 paterve,
1014 2175 1165 2212 rarus3

256 2230 448 2283 Largiris
470 2229 590 2279 nihil,
618 2230 892 2283 incubasque
914 2242 1052 2282 gazae,

256 2297 318 2338 Ut
338 2311 521 2351 magnus
543 2297 693 2347 draco,
715 2311 845 2352 quem
863 2303 1024 2339 canunt
1045 2298 1189 2352 poetae

185 2402 216 2433 O
235 2403 382 2439 Paterne,
397 2412 464 2433 cum
476 2401 587 2434 habeas
596 2411 731 2432 nummos
746 2405 776 2432 et
793 2404 896 2432 tantas
911 2401 1051 2438 divitias,
1064 2403 1187 2440 quanta·
1196 2401 1391 2440 possidentur
1406 2402 1460 2432 vix
1475 2412 1492 2432 α
1510 2403 1589 2432 nullo

143 2445 219 2483 cive,
234 2445 312 2475 nihil
326 2446 432 2481 donas,
447 2448 537 2485 atque
553 2444 679 2476 incubas
692 2445 847 2483 thesauro,
869 2447 904 2474 ut
926 2445 1035 2483 ingens
1050 2445 1154 2484 draco,
1174 2455 1193 2474 α
1208 2454 1266 2483 quo
1287 2444 1473 2475 custoditum
1488 2444 1590 2482 fuisse

757 2529 851 2540 ‘m‘
856 2528 973 2540 ere-‘0‘
977 2528 993 2538 θ

188 2585 227 2614 In
242 2584 414 2614 Paternum
437 2583 615 2623 inscriptio
632 2588 683 2615 est
705 2585 739 2616 in
765 2584 843 2615 edd.
861 2587 1012 2615 vem—2
1030 2582 1100 2614 Alii
1120 2586 1325 2623 paterne.—5
1342 2582 1452 2624 Libyci
1469 2584 1501 2614 in
1518 2582 1589 2622 qui-

796 2668 935 2700 NOTAE

187 2737 206 2764 4
249 2734 291 2765 Ut
321 2743 448 2772 magnus
470 2734 576 2774 draco]
601 2734 629 2764 A
652 2743 716 2773 quo
733 2733 840 2763 vellus
895 2733 998 2764 disin
1013 2732 1164 2772 Scythia.

147 2794 284 2816 aureum
302 2784 559 2815 custodiebatur
573 2784 606 2815 in
618 2784 692 2814 luco
710 2782 840 2814 Colchi-
