<?xml version="1.0" encoding="UTF-8"?>
<!DOCTYPE html PUBLIC "-//W3C//DTD XHTML 1.0 Transitional//EN"
    "http://www.w3.org/TR/xhtml1/DTD/xhtml1-transitional.dtd">
<html xmlns="http://www.w3.org/1999/xhtml" xml:lang="en" lang="en">
 <head>
  <title>
</title>
<meta http-equiv="Content-Type" content="text/html;charset=utf-8" />
  <meta name='ocr-system' content='tesseract 3.04.00' />
  <meta name='ocr-capabilities' content='ocr_page ocr_carea ocr_par ocr_line ocrx_word'/>
</head>
<body>
  <div class='ocr_page' id='page_1' title='image "./epigrammataexedi02martuoft_0236.png"; bbox 0 0 1893 3225; ppageno 0'>
   <div class='ocr_carea' id='block_1_1' title="bbox 276 239 1266 282">
    <p class='ocr_par' dir='ltr' id='par_1_1' title="bbox 276 239 1266 282">
     <span class='ocr_line' id='line_1_1' title="bbox 276 239 1266 282; baseline 0 -2"><span class='ocrx_word' id='word_1_1' title='bbox 276 239 362 280; x_wconf 66' lang='lat'><strong>724</strong></span> <span class='ocrx_word' id='word_1_2' title='bbox 761 251 809 281; x_wconf 82' lang='lat' dir='ltr'><strong>M.</strong></span> <span class='ocrx_word' id='word_1_3' title='bbox 843 251 954 281; x_wconf 79' lang='lat' dir='ltr'><strong>VAL.</strong></span> <span class='ocrx_word' id='word_1_4' title='bbox 989 252 1266 282; x_wconf 70' lang='lat' dir='ltr'><strong>MAR&#39;mAms</strong></span> 
     </span>
    </p>
   </div>
   <div class='ocr_carea' id='block_1_2' title="bbox 389 346 1225 538">
    <p class='ocr_par' dir='ltr' id='par_1_2' title="bbox 389 346 1225 538">
     <span class='ocr_line' id='line_1_2' title="bbox 392 346 1151 402; baseline 0.005 -16"><span class='ocrx_word' id='word_1_5' title='bbox 392 346 452 387; x_wconf 89' lang='lat' dir='ltr'><strong>Et</strong></span> <span class='ocrx_word' id='word_1_6' title='bbox 475 346 707 387; x_wconf 86' lang='lat' dir='ltr'><strong>Romanus</strong></span> <span class='ocrx_word' id='word_1_7' title='bbox 727 361 804 388; x_wconf 87' lang='lat' dir='ltr'><strong>eas</strong></span> <span class='ocrx_word' id='word_1_8' title='bbox 825 353 1007 402; x_wconf 86' lang='lat' dir='ltr'><strong>utraque</strong></span> <span class='ocrx_word' id='word_1_9' title='bbox 1027 349 1125 402; x_wconf 83' lang='lat' dir='ltr'><strong>ripa</strong></span> <span class='ocrx_word' id='word_1_10' title='bbox 1142 364 1151 390; x_wconf 79' lang='lat' dir='ltr'><strong><em>z</em></strong></span> 
     </span>
     <span class='ocr_line' id='line_1_3' title="bbox 389 414 1166 470; baseline 0.005 -16"><span class='ocrx_word' id='word_1_11' title='bbox 389 414 632 467; x_wconf 84' lang='lat' dir='ltr'><strong>Trajanum</strong></span> <span class='ocrx_word' id='word_1_12' title='bbox 653 416 837 470; x_wconf 88' lang='lat' dir='ltr'><strong>populis</strong></span> <span class='ocrx_word' id='word_1_13' title='bbox 860 417 966 467; x_wconf 86' lang='lat' dir='ltr'><strong>suis,</strong></span> <span class='ocrx_word' id='word_1_14' title='bbox 988 421 1031 458; x_wconf 86' lang='lat' dir='ltr'><strong>et</strong></span> <span class='ocrx_word' id='word_1_15' title='bbox 1050 418 1166 466; x_wconf 86' lang='lat' dir='ltr'><strong>urbi,</strong></span> 
     </span>
     <span class='ocr_line' id='line_1_4' title="bbox 389 481 1225 538; baseline 0.006 -16"><span class='ocrx_word' id='word_1_16' title='bbox 389 481 538 522; x_wconf 84' lang='lat' dir='ltr'>Tibris</span> <span class='ocrx_word' id='word_1_17' title='bbox 560 487 604 523; x_wconf 89' lang='lat' dir='ltr'><strong>te</strong></span> <span class='ocrx_word' id='word_1_18' title='bbox 626 482 834 525; x_wconf 85' lang='lat' dir='ltr'><strong>dominus</strong></span> <span class='ocrx_word' id='word_1_19' title='bbox 852 488 990 538; x_wconf 86' lang='lat' dir='ltr'><strong>rogat,</strong></span> <span class='ocrx_word' id='word_1_20' title='bbox 1010 486 1225 527; x_wconf 77' lang='lat' dir='ltr'><strong>remittas,</strong></span> 
     </span>
    </p>
   </div>
   <div class='ocr_carea' id='block_1_3' title="bbox 273 603 1744 689">
    <p class='ocr_par' dir='ltr' id='par_1_3' title="bbox 273 603 1744 689">
     <span class='ocr_line' id='line_1_5' title="bbox 273 603 1744 648; baseline 0.005 -15"><span class='ocrx_word' id='word_1_21' title='bbox 273 603 424 634; x_wconf 77' lang='lat' dir='ltr'><strong>calcatam</strong></span> <span class='ocrx_word' id='word_1_22' title='bbox 434 613 445 634; x_wconf 88' lang='lat'>:</span> <span class='ocrx_word' id='word_1_23' title='bbox 466 604 511 634; x_wconf 77' lang='lat' dir='ltr'><strong>sic</strong></span> <span class='ocrx_word' id='word_1_24' title='bbox 526 608 557 635; x_wconf 83' lang='lat' dir='ltr'><strong>et</strong></span> <span class='ocrx_word' id='word_1_25' title='bbox 579 605 721 635; x_wconf 70' lang='lat' dir='ltr'><strong>cornibus</strong></span> <span class='ocrx_word' id='word_1_26' title='bbox 735 605 866 646; x_wconf 76' lang='lat' dir='ltr'><em>receptis</em></span> <span class='ocrx_word' id='word_1_27' title='bbox 891 615 1004 637; x_wconf 83' lang='lat' dir='ltr'><strong>aureus</strong></span> <span class='ocrx_word' id='word_1_28' title='bbox 1020 608 1051 636; x_wconf 84' lang='lat' dir='ltr'><strong>et</strong></span> <span class='ocrx_word' id='word_1_29' title='bbox 1078 605 1236 636; x_wconf 81' lang='lat' dir='ltr'><strong>Romanus</strong></span> <span class='ocrx_word' id='word_1_30' title='bbox 1243 605 1331 646; x_wconf 85' lang='lat' dir='ltr'><strong>fluas</strong></span> <span class='ocrx_word' id='word_1_31' title='bbox 1346 609 1476 647; x_wconf 80' lang='lat' dir='ltr'><strong>utraque</strong></span> <span class='ocrx_word' id='word_1_32' title='bbox 1493 607 1582 648; x_wconf 80' lang='lat' dir='ltr'><strong>ripa:</strong></span> <span class='ocrx_word' id='word_1_33' title='bbox 1605 608 1744 640; x_wconf 75' lang='lat' dir='ltr'><strong>dominus</strong></span> 
     </span>
     <span class='ocr_line' id='line_1_6' title="bbox 279 646 1237 689; baseline 0.004 -13"><span class='ocrx_word' id='word_1_34' title='bbox 279 646 384 677; x_wconf 81' lang='lat' dir='ltr'><strong><em>Tibris</em></strong></span> <span class='ocrx_word' id='word_1_35' title='bbox 402 650 470 677; x_wconf 79' lang='lat' dir='ltr'><strong>orat</strong></span> <span class='ocrx_word' id='word_1_36' title='bbox 485 650 527 683; x_wconf 83' lang='lat' dir='ltr'><strong>te,</strong></span> <span class='ocrx_word' id='word_1_37' title='bbox 543 648 686 678; x_wconf 75' lang='lat' dir='ltr'><em>remittas</em></span> <span class='ocrx_word' id='word_1_38' title='bbox 706 649 876 688; x_wconf 74' lang='lat' dir='ltr'><strong>Trajanum</strong></span> <span class='ocrx_word' id='word_1_39' title='bbox 889 650 1010 689; x_wconf 77' lang='lat' dir='ltr'><strong>populis</strong></span> <span class='ocrx_word' id='word_1_40' title='bbox 1025 648 1089 679; x_wconf 80' lang='lat' dir='ltr'><strong>suis</strong></span> <span class='ocrx_word' id='word_1_41' title='bbox 1112 652 1142 679; x_wconf 79' lang='lat' dir='ltr'><strong>et</strong></span> <span class='ocrx_word' id='word_1_42' title='bbox 1157 648 1237 680; x_wconf 84' lang='lat' dir='ltr'><em>urbi.</em></span> 
     </span>
    </p>
   </div>
   <div class='ocr_carea' id='block_1_4' title="bbox 889 721 1125 733">
    <p class='ocr_par' dir='ltr' id='par_1_4' title="bbox 889 721 1125 733">
     <span class='ocr_line' id='line_1_7' title="bbox 889 721 1125 733; baseline -0.004 0"><span class='ocrx_word' id='word_1_43' title='bbox 889 721 1125 733; x_wconf 65' lang='lat' dir='ltr'><strong>eeeeeeeeeeee</strong></span> 
     </span>
    </p>
   </div>
   <div class='ocr_carea' id='block_1_5' title="bbox 274 775 1091 815">
    <p class='ocr_par' dir='ltr' id='par_1_5' title="bbox 274 775 1091 815">
     <span class='ocr_line' id='line_1_8' title="bbox 274 775 1091 815; baseline -0.002 -7"><span class='ocrx_word' id='word_1_44' title='bbox 274 780 373 808; x_wconf 84' lang='lat' dir='ltr'><strong>notat</strong></span> <span class='ocrx_word' id='word_1_45' title='bbox 390 775 700 807; x_wconf 76' lang='lat' dir='ltr'><strong>Beve1·1andus.—8</strong></span> <span class='ocrx_word' id='word_1_46' title='bbox 726 775 810 815; x_wconf 73' lang='lat' dir='ltr'><strong><em>Troj.</em></strong></span> <span class='ocrx_word' id='word_1_47' title='bbox 823 777 891 808; x_wconf 88' lang='lat' dir='ltr'><strong>Ms.</strong></span> <span class='ocrx_word' id='word_1_48' title='bbox 910 775 1091 807; x_wconf 71' lang='lat' dir='ltr'><strong>Puimann.</strong></span> 
     </span>
    </p>
   </div>
   <div class='ocr_carea' id='block_1_6' title="bbox 939 857 1084 891">
    <p class='ocr_par' dir='ltr' id='par_1_6' title="bbox 939 857 1084 891">
     <span class='ocr_line' id='line_1_9' title="bbox 939 857 1084 891; baseline -0.021 0"><span class='ocrx_word' id='word_1_49' title='bbox 939 857 1084 891; x_wconf 84' lang='lat' dir='ltr'>NOTAE</span> 
     </span>
    </p>
   </div>
   <div class='ocr_carea' id='block_1_7' title="bbox 274 924 1747 1064">
    <p class='ocr_par' dir='ltr' id='par_1_7' title="bbox 274 924 1747 1064">
     <span class='ocr_line' id='line_1_10' title="bbox 274 924 1744 965; baseline 0.003 -11"><span class='ocrx_word' id='word_1_50' title='bbox 274 924 434 965; x_wconf 79' lang='lat' dir='ltr'><strong>opinatur</strong></span> <span class='ocrx_word' id='word_1_51' title='bbox 449 924 619 964; x_wconf 81' lang='lat' dir='ltr'><strong>Raderus,</strong></span> <span class='ocrx_word' id='word_1_52' title='bbox 647 925 700 955; x_wconf 87' lang='lat' dir='ltr'><strong>vel</strong></span> <span class='ocrx_word' id='word_1_53' title='bbox 724 930 868 965; x_wconf 79' lang='lat' dir='ltr'><strong>propter</strong></span> <span class='ocrx_word' id='word_1_54' title='bbox 894 925 983 955; x_wconf 83' lang='lat' dir='ltr'><strong>auri·</strong></span> <span class='ocrx_word' id='word_1_55' title='bbox 1082 925 1101 953; x_wconf 87' lang='grc'>7</span> <span class='ocrx_word' id='word_1_56' title='bbox 1126 924 1286 955; x_wconf 78' lang='lat' dir='ltr'><strong>Romanus</strong></span> <span class='ocrx_word' id='word_1_57' title='bbox 1303 924 1369 965; x_wconf 85' lang='lat' dir='ltr'><strong>eas]</strong></span> <span class='ocrx_word' id='word_1_58' title='bbox 1400 924 1475 957; x_wconf 84' lang='lat' dir='ltr'><strong>Hoc</strong></span> <span class='ocrx_word' id='word_1_59' title='bbox 1491 928 1566 956; x_wconf 83' lang='lat' dir='ltr'><strong>est:</strong></span> <span class='ocrx_word' id='word_1_60' title='bbox 1601 925 1744 959; x_wconf 83' lang='lat' dir='ltr'><strong>Germa-</strong></span> 
     </span>
     <span class='ocr_line' id='line_1_11' title="bbox 274 974 1747 1017; baseline 0.003 -12"><span class='ocrx_word' id='word_1_61' title='bbox 274 974 410 1006; x_wconf 81' lang='lat' dir='ltr'><strong>fodinas</strong></span> <span class='ocrx_word' id='word_1_62' title='bbox 422 975 838 1015; x_wconf 77' lang='lat' dir='ltr'><strong>Gormaniae,velpr0pter</strong></span> <span class='ocrx_word' id='word_1_63' title='bbox 847 984 984 1006; x_wconf 86' lang='lat' dir='ltr'><strong>auream</strong></span> <span class='ocrx_word' id='word_1_64' title='bbox 1039 974 1095 1005; x_wconf 86' lang='lat' dir='ltr'><strong>nia</strong></span> <span class='ocrx_word' id='word_1_65' title='bbox 1111 976 1158 1006; x_wconf 90' lang='lat' dir='ltr'><strong>cis</strong></span> <span class='ocrx_word' id='word_1_66' title='bbox 1175 981 1338 1017; x_wconf 85' lang='lat' dir='ltr'><strong>transque</strong></span> <span class='ocrx_word' id='word_1_67' title='bbox 1357 976 1512 1008; x_wconf 85' lang='lat' dir='ltr'><strong>Rhenum</strong></span> <span class='ocrx_word' id='word_1_68' title='bbox 1533 977 1662 1009; x_wconf 82' lang='lat' dir='ltr'><strong>serviat</strong></span> <span class='ocrx_word' id='word_1_69' title='bbox 1678 979 1747 1010; x_wconf 91' lang='lat' dir='ltr'><strong>Ro-</strong></span> 
     </span>
     <span class='ocr_line' id='line_1_12' title="bbox 275 1024 1157 1064; baseline 0.002 -8"><span class='ocrx_word' id='word_1_70' title='bbox 275 1031 312 1057; x_wconf 88' lang='lat' dir='ltr'><strong>et</strong></span> <span class='ocrx_word' id='word_1_71' title='bbox 336 1024 455 1056; x_wconf 81' lang='lat' dir='ltr'><strong>flavam</strong></span> <span class='ocrx_word' id='word_1_72' title='bbox 488 1026 736 1056; x_wconf 79' lang='lat' dir='ltr'><strong>Germanorum</strong></span> <span class='ocrx_word' id='word_1_73' title='bbox 765 1035 907 1064; x_wconf 83' lang='lat' dir='ltr'><strong>comam,</strong></span> <span class='ocrx_word' id='word_1_74' title='bbox 931 1027 983 1056; x_wconf 87' lang='lat' dir='ltr'><strong>vel</strong></span> <span class='ocrx_word' id='word_1_75' title='bbox 1037 1027 1157 1058; x_wconf 81' lang='lat' dir='ltr'><strong>manis.</strong></span> 
     </span>
    </p>
   </div>
   <div class='ocr_carea' id='block_1_8' title="bbox 275 1075 1744 1168">
    <p class='ocr_par' dir='ltr' id='par_1_8' title="bbox 275 1075 1744 1168">
     <span class='ocr_line' id='line_1_13' title="bbox 275 1075 1744 1121; baseline 0.003 -15"><span class='ocrx_word' id='word_1_76' title='bbox 275 1076 365 1118; x_wconf 85' lang='lat' dir='ltr'><strong>quod</strong></span> <span class='ocrx_word' id='word_1_77' title='bbox 390 1076 424 1106; x_wconf 89' lang='lat' dir='ltr'><strong>in</strong></span> <span class='ocrx_word' id='word_1_78' title='bbox 447 1076 628 1116; x_wconf 85' lang='lat' dir='ltr'>triumphis</span> <span class='ocrx_word' id='word_1_79' title='bbox 656 1075 797 1107; x_wconf 85' lang='lat' dir='ltr'><strong>flumina</strong></span> <span class='ocrx_word' id='word_1_80' title='bbox 826 1086 909 1107; x_wconf 83' lang='lat' dir='ltr'><strong>auro</strong></span> <span class='ocrx_word' id='word_1_81' title='bbox 925 1076 983 1108; x_wconf 90' lang='lat' dir='ltr'><strong>de·</strong></span> <span class='ocrx_word' id='word_1_82' title='bbox 1080 1080 1101 1108; x_wconf 88' lang='lat'><strong>9</strong></span> <span class='ocrx_word' id='word_1_83' title='bbox 1128 1077 1233 1108; x_wconf 81' lang='lat' dir='ltr'><strong>Tibris</strong></span> <span class='ocrx_word' id='word_1_84' title='bbox 1244 1077 1401 1119; x_wconf 78' lang='lat' dir='ltr'><strong>dominus]</strong></span> <span class='ocrx_word' id='word_1_85' title='bbox 1425 1078 1559 1119; x_wconf 85' lang='lat' dir='ltr'><strong>Nempe</strong></span> <span class='ocrx_word' id='word_1_86' title='bbox 1572 1079 1662 1121; x_wconf 89' lang='lat' dir='ltr'><strong>quod</strong></span> <span class='ocrx_word' id='word_1_87' title='bbox 1680 1081 1744 1112; x_wconf 89' lang='lat' dir='ltr'><strong>Ro-</strong></span> 
     </span>
     <span class='ocr_line' id='line_1_14' title="bbox 276 1128 1561 1168; baseline 0.002 -10"><span class='ocrx_word' id='word_1_88' title='bbox 276 1129 372 1168; x_wconf 74' lang='lat' dir='ltr'><strong>picta</strong></span> <span class='ocrx_word' id='word_1_89' title='bbox 389 1132 620 1167; x_wconf 84' lang='lat' dir='ltr'><strong>gestarentur.</strong></span> <span class='ocrx_word' id='word_1_90' title='bbox 1038 1138 1128 1160; x_wconf 86' lang='lat' dir='ltr'><strong>mam</strong></span> <span class='ocrx_word' id='word_1_91' title='bbox 1146 1129 1239 1160; x_wconf 83' lang='lat' dir='ltr'><strong>orbis</strong></span> <span class='ocrx_word' id='word_1_92' title='bbox 1257 1128 1428 1160; x_wconf 88' lang='lat' dir='ltr'><strong>dominam</strong></span> <span class='ocrx_word' id='word_1_93' title='bbox 1445 1129 1561 1161; x_wconf 75' lang='lat' dir='ltr'><strong>alluat.</strong></span> 
     </span>
    </p>
   </div>
   <div class='ocr_carea' id='block_1_9' title="bbox 854 1387 1169 1416">
    <p class='ocr_par' dir='ltr' id='par_1_9' title="bbox 854 1387 1169 1416">
     <span class='ocr_line' id='line_1_15' title="bbox 854 1387 1169 1416; baseline -0.003 0"><span class='ocrx_word' id='word_1_94' title='bbox 854 1387 917 1416; x_wconf 91' lang='lat' dir='ltr'><strong>DE</strong></span> <span class='ocrx_word' id='word_1_95' title='bbox 952 1387 1169 1416; x_wconf 87' lang='lat' dir='ltr'><strong>PAULLA.</strong></span> 
     </span>
    </p>
   </div>
   <div class='ocr_carea' id='block_1_10' title="bbox 278 1452 1528 1574">
    <p class='ocr_par' dir='ltr' id='par_1_10' title="bbox 278 1452 1528 1574">
     <span class='ocr_line' id='line_1_16' title="bbox 278 1452 1528 1507; baseline 0.002 -14"><span class='ocrx_word' id='word_1_96' title='bbox 278 1452 494 1494; x_wconf 76' lang='lat' dir='ltr'><strong>NUBERE</strong></span> <span class='ocrx_word' id='word_1_97' title='bbox 514 1453 675 1494; x_wconf 85' lang='lat' dir='ltr'><strong>Paulla</strong></span> <span class='ocrx_word' id='word_1_98' title='bbox 696 1454 823 1507; x_wconf 86' lang='lat' dir='ltr'><strong>cupit</strong></span> <span class='ocrx_word' id='word_1_99' title='bbox 842 1453 972 1493; x_wconf 89' lang='lat' dir='ltr'><strong>nobis</strong></span> <span class='ocrx_word' id='word_1_100' title='bbox 990 1466 1001 1503; x_wconf 83' lang='lat'>3</span> <span class='ocrx_word' id='word_1_101' title='bbox 1033 1466 1115 1506; x_wconf 84' lang='lat' dir='ltr'><strong>ego</strong></span> <span class='ocrx_word' id='word_1_102' title='bbox 1139 1453 1300 1494; x_wconf 85' lang='lat' dir='ltr'><strong>ducere</strong></span> <span class='ocrx_word' id='word_1_103' title='bbox 1324 1454 1528 1495; x_wconf 87' lang='lat' dir='ltr'><strong>Paullam</strong></span> 
     </span>
     <span class='ocr_line' id='line_1_17' title="bbox 338 1520 1455 1574; baseline 0.002 -14"><span class='ocrx_word' id='word_1_104' title='bbox 338 1520 483 1562; x_wconf 90' lang='lat' dir='ltr'><strong>Nolo:</strong></span> <span class='ocrx_word' id='word_1_105' title='bbox 516 1534 623 1562; x_wconf 83' lang='lat' dir='ltr'><strong>anus</strong></span> <span class='ocrx_word' id='word_1_106' title='bbox 645 1525 739 1563; x_wconf 88' lang='lat' dir='ltr'><strong>est:</strong></span> <span class='ocrx_word' id='word_1_107' title='bbox 771 1521 951 1571; x_wconf 88' lang='lat' dir='ltr'><strong>vellem,</strong></span> <span class='ocrx_word' id='word_1_108' title='bbox 973 1521 1011 1561; x_wconf 92' lang='lat' dir='ltr'><strong>si</strong></span> <span class='ocrx_word' id='word_1_109' title='bbox 1033 1521 1173 1574; x_wconf 81' lang='lat' dir='ltr'><strong>magis</strong></span> <span class='ocrx_word' id='word_1_110' title='bbox 1195 1525 1312 1561; x_wconf 87' lang='lat' dir='ltr'><strong>esset</strong></span> <span class='ocrx_word' id='word_1_111' title='bbox 1332 1533 1455 1562; x_wconf 85' lang='lat' dir='ltr'><strong>anus.</strong></span> 
     </span>
    </p>
   </div>
   <div class='ocr_carea' id='block_1_11' title="bbox 274 1631 1743 1713">
    <p class='ocr_par' dir='ltr' id='par_1_11' title="bbox 274 1631 1743 1713">
     <span class='ocr_line' id='line_1_18' title="bbox 317 1631 1743 1673; baseline 0.001 -12"><span class='ocrx_word' id='word_1_112' title='bbox 317 1631 432 1661; x_wconf 84' lang='lat' dir='ltr'><strong>Paulla</strong></span> <span class='ocrx_word' id='word_1_113' title='bbox 448 1635 534 1671; x_wconf 78' lang='lat' dir='ltr'><strong>optat</strong></span> <span class='ocrx_word' id='word_1_114' title='bbox 557 1631 670 1664; x_wconf 80' lang='lat' dir='ltr'><strong>nubere</strong></span> <span class='ocrx_word' id='word_1_115' title='bbox 684 1631 783 1669; x_wconf 71' lang='lat' dir='ltr'><strong>mihi;</strong></span> <span class='ocrx_word' id='word_1_116' title='bbox 814 1641 870 1671; x_wconf 81' lang='lat' dir='ltr'><strong>ego</strong></span> <span class='ocrx_word' id='word_1_117' title='bbox 894 1632 965 1663; x_wconf 80' lang='lat' dir='ltr'><strong>nolo</strong></span> <span class='ocrx_word' id='word_1_118' title='bbox 992 1633 1102 1662; x_wconf 82' lang='lat' dir='ltr'><strong>ducere</strong></span> <span class='ocrx_word' id='word_1_119' title='bbox 1128 1632 1295 1668; x_wconf 79' lang='lat' dir='ltr'><strong>Paullam;</strong></span> <span class='ocrx_word' id='word_1_120' title='bbox 1325 1633 1427 1663; x_wconf 78' lang='lat' dir='ltr'><strong>vetula</strong></span> <span class='ocrx_word' id='word_1_121' title='bbox 1452 1636 1518 1664; x_wconf 80' lang='lat' dir='ltr'><strong>est.-</strong></span> <span class='ocrx_word' id='word_1_122' title='bbox 1542 1635 1690 1673; x_wconf 82' lang='lat' dir='ltr'><strong>optarem,</strong></span> <span class='ocrx_word' id='word_1_123' title='bbox 1714 1633 1743 1662; x_wconf 84' lang='grc' dir='ltr'><strong>εἰ</strong></span> 
     </span>
     <span class='ocr_line' id='line_1_19' title="bbox 274 1675 601 1713; baseline 0.003 -9"><span class='ocrx_word' id='word_1_124' title='bbox 274 1675 375 1713; x_wconf 69' lang='lat' dir='ltr'><strong>magis</strong></span> <span class='ocrx_word' id='word_1_125' title='bbox 391 1679 470 1705; x_wconf 79' lang='lat' dir='ltr'><strong>esset</strong></span> <span class='ocrx_word' id='word_1_126' title='bbox 484 1676 601 1706; x_wconf 71' lang='lat' dir='ltr'><strong>vetula.</strong></span> 
     </span>
    </p>
   </div>
   <div class='ocr_carea' id='block_1_12' title="bbox 893 1727 1130 1739">
    <p class='ocr_par' dir='ltr' id='par_1_12' title="bbox 893 1727 1130 1739">
     <span class='ocr_line' id='line_1_20' title="bbox 893 1727 1130 1739; baseline 0 -1"><span class='ocrx_word' id='word_1_127' title='bbox 893 1727 1067 1739; x_wconf 52' lang='lat' dir='ltr'><strong>meumst</strong></span> <span class='ocrx_word' id='word_1_128' title='bbox 1071 1727 1130 1738; x_wconf 66' lang='lat' dir='ltr'><strong>eveo*</strong></span> 
     </span>
    </p>
   </div>
   <div class='ocr_carea' id='block_1_13' title="bbox 318 1782 1741 1825">
    <p class='ocr_par' dir='ltr' id='par_1_13' title="bbox 318 1782 1741 1825">
     <span class='ocr_line' id='line_1_21' title="bbox 318 1782 1741 1825; baseline 0.002 -13"><span class='ocrx_word' id='word_1_129' title='bbox 318 1782 419 1812; x_wconf 80' lang='lat' dir='ltr'><strong>Paula</strong></span> <span class='ocrx_word' id='word_1_130' title='bbox 445 1786 481 1813; x_wconf 86' lang='lat' dir='ltr'><strong>et</strong></span> <span class='ocrx_word' id='word_1_131' title='bbox 508 1782 643 1813; x_wconf 83' lang='lat' dir='ltr'><em>Paulam</em></span> <span class='ocrx_word' id='word_1_132' title='bbox 675 1783 754 1814; x_wconf 90' lang='lat' dir='ltr'><strong>edd.</strong></span> <span class='ocrx_word' id='word_1_133' title='bbox 785 1782 867 1814; x_wconf 84' lang='lat' dir='ltr'><strong>Ald.</strong></span> <span class='ocrx_word' id='word_1_134' title='bbox 896 1783 997 1815; x_wconf 82' lang='lat' dir='ltr'><strong>Junt.</strong></span> <span class='ocrx_word' id='word_1_135' title='bbox 1015 1783 1124 1815; x_wconf 89' lang='lat' dir='ltr'><strong>Coliu.</strong></span> <span class='ocrx_word' id='word_1_136' title='bbox 1151 1783 1285 1814; x_wconf 84' lang='lat' dir='ltr'><strong>Paulum</strong></span> <span class='ocrx_word' id='word_1_137' title='bbox 1312 1792 1444 1825; x_wconf 89' lang='lat' dir='ltr'><strong>quoque</strong></span> <span class='ocrx_word' id='word_1_138' title='bbox 1471 1787 1508 1814; x_wconf 88' lang='lat' dir='ltr'><strong>et</strong></span> <span class='ocrx_word' id='word_1_139' title='bbox 1530 1783 1630 1813; x_wconf 83' lang='lat' dir='ltr'><strong>Paule</strong></span> <span class='ocrx_word' id='word_1_140' title='bbox 1653 1783 1741 1815; x_wconf 80' lang='lat' dir='ltr'><strong>eaed.</strong></span> 
     </span>
    </p>
   </div>
   <div class='ocr_carea' id='block_1_14' title="bbox 275 1825 1741 1973">
    <p class='ocr_par' dir='ltr' id='par_1_14' title="bbox 275 1825 1741 1973">
     <span class='ocr_line' id='line_1_22' title="bbox 275 1825 499 1865; baseline 0.009 -11"><span class='ocrx_word' id='word_1_141' title='bbox 275 1825 309 1854; x_wconf 88' lang='lat' dir='ltr'><strong>in</strong></span> <span class='ocrx_word' id='word_1_142' title='bbox 329 1826 430 1865; x_wconf 81' lang='lat' dir='ltr'><strong>Epig.</strong></span> <span class='ocrx_word' id='word_1_143' title='bbox 448 1828 499 1856; x_wconf 88' lang='grc'><strong>10.</strong></span> 
     </span>
     <span class='ocr_line' id='line_1_23' title="bbox 936 1869 1077 1901; baseline 0 -1"><span class='ocrx_word' id='word_1_144' title='bbox 936 1869 1077 1901; x_wconf 87' lang='lat' dir='ltr'><strong>NOTAE</strong></span> 
     </span>
     <span class='ocr_line' id='line_1_24' title="bbox 315 1932 1741 1973; baseline 0.001 -11"><span class='ocrx_word' id='word_1_145' title='bbox 315 1935 334 1962; x_wconf 79' lang='lat'>2</span> <span class='ocrx_word' id='word_1_146' title='bbox 359 1932 396 1963; x_wconf 81' lang='lat' dir='ltr'><strong>Si</strong></span> <span class='ocrx_word' id='word_1_147' title='bbox 412 1933 512 1973; x_wconf 78' lang='lat' dir='ltr'><strong>magis</strong></span> <span class='ocrx_word' id='word_1_148' title='bbox 538 1936 615 1964; x_wconf 76' lang='lat' dir='ltr'><strong>esset</strong></span> <span class='ocrx_word' id='word_1_149' title='bbox 641 1933 732 1973; x_wconf 82' lang='lat' dir='ltr'><strong>anus]</strong></span> <span class='ocrx_word' id='word_1_150' title='bbox 772 1933 850 1965; x_wconf 87' lang='lat' dir='ltr'><strong>Cito</strong></span> <span class='ocrx_word' id='word_1_151' title='bbox 864 1933 952 1964; x_wconf 85' lang='lat' dir='ltr'><strong>enirn</strong></span> <span class='ocrx_word' id='word_1_152' title='bbox 969 1937 1174 1973; x_wconf 80' lang='lat' dir='ltr'><strong>moreretur,</strong></span> <span class='ocrx_word' id='word_1_153' title='bbox 1191 1937 1227 1964; x_wconf 83' lang='lat' dir='ltr'><strong>et</strong></span> <span class='ocrx_word' id='word_1_154' title='bbox 1250 1942 1303 1965; x_wconf 87' lang='lat' dir='ltr'><strong>me</strong></span> <span class='ocrx_word' id='word_1_155' title='bbox 1320 1932 1492 1965; x_wconf 83' lang='lat' dir='ltr'><strong>haeredem</strong></span> <span class='ocrx_word' id='word_1_156' title='bbox 1517 1932 1741 1973; x_wconf 84' lang='lat' dir='ltr'><strong>relinqueret·</strong></span> 
     </span>
    </p>
   </div>
   <div class='ocr_carea' id='block_1_15' title="bbox 926 2120 1095 2251">
    <p class='ocr_par' dir='ltr' id='par_1_15' title="bbox 926 2120 1095 2251">
     <span class='ocr_line' id='line_1_25' title="bbox 957 2120 1049 2160; baseline -0.011 0"><span class='ocrx_word' id='word_1_157' title='bbox 957 2120 1049 2160; x_wconf 77' lang='lat' dir='ltr'><strong>IX.</strong></span> 
     </span>
     <span class='ocr_line' id='line_1_26' title="bbox 926 2221 1095 2251; baseline -0.006 0"><span class='ocrx_word' id='word_1_158' title='bbox 926 2221 990 2251; x_wconf 85' lang='lat' dir='ltr'><strong>DE</strong></span> <span class='ocrx_word' id='word_1_159' title='bbox 1024 2221 1095 2250; x_wconf 78' lang='lat' dir='ltr'><strong>SE.</strong></span> 
     </span>
    </p>
   </div>
   <div class='ocr_carea' id='block_1_16' title="bbox 389 2299 1252 2489">
    <p class='ocr_par' dir='ltr' id='par_1_16' title="bbox 389 2299 1252 2489">
     <span class='ocr_line' id='line_1_27' title="bbox 390 2299 1252 2355; baseline 0.001 -15"><span class='ocrx_word' id='word_1_160' title='bbox 390 2300 465 2341; x_wconf 75' lang='grc' dir='ltr'><strong>ΠΝ</strong></span> <span class='ocrx_word' id='word_1_161' title='bbox 477 2311 572 2341; x_wconf 82' lang='lat' dir='ltr'><strong>DEN</strong></span> <span class='ocrx_word' id='word_1_162' title='bbox 583 2311 626 2341; x_wconf 92' lang='lat' dir='ltr'><strong>1s</strong></span> <span class='ocrx_word' id='word_1_163' title='bbox 648 2300 940 2355; x_wconf 82' lang='lat' dir='ltr'>pedibusque,</span> <span class='ocrx_word' id='word_1_164' title='bbox 962 2299 1252 2354; x_wconf 80' lang='lat' dir='ltr'><strong>syllabisque,</strong></span> 
     </span>
     <span class='ocr_line' id='line_1_28' title="bbox 389 2368 1251 2421; baseline 0.001 -13"><span class='ocrx_word' id='word_1_165' title='bbox 389 2368 446 2409; x_wconf 89' lang='lat' dir='ltr'><strong>Et</strong></span> <span class='ocrx_word' id='word_1_166' title='bbox 462 2369 602 2409; x_wconf 85' lang='lat' dir='ltr'><strong>multo</strong></span> <span class='ocrx_word' id='word_1_167' title='bbox 627 2370 732 2419; x_wconf 81' lang='lat' dir='ltr'><strong>sale,</strong></span> <span class='ocrx_word' id='word_1_168' title='bbox 753 2382 836 2409; x_wconf 88' lang='lat' dir='ltr'><strong>nec</strong></span> <span class='ocrx_word' id='word_1_169' title='bbox 858 2372 1004 2408; x_wconf 87' lang='lat' dir='ltr'><strong>tamen</strong></span> <span class='ocrx_word' id='word_1_170' title='bbox 1026 2372 1251 2421; x_wconf 87' lang='lat' dir='ltr'><strong>protervo,</strong></span> 
     </span>
     <span class='ocr_line' id='line_1_29' title="bbox 391 2434 1118 2489; baseline 0 -13"><span class='ocrx_word' id='word_1_171' title='bbox 391 2437 539 2477; x_wconf 88' lang='lat' dir='ltr'><strong>Notus</strong></span> <span class='ocrx_word' id='word_1_172' title='bbox 556 2437 758 2489; x_wconf 79' lang='lat' dir='ltr'><strong>gentibus</strong></span> <span class='ocrx_word' id='word_1_173' title='bbox 779 2436 856 2477; x_wconf 91' lang='lat' dir='ltr'><strong>ille</strong></span> <span class='ocrx_word' id='word_1_174' title='bbox 878 2434 1118 2484; x_wconf 83' lang='lat' dir='ltr'><strong>Martialis,</strong></span> 
     </span>
    </p>
   </div>
   <div class='ocr_carea' id='block_1_17' title="bbox 320 2546 1737 2588">
    <p class='ocr_par' dir='ltr' id='par_1_17' title="bbox 320 2546 1737 2588">
     <span class='ocr_line' id='line_1_30' title="bbox 320 2546 1737 2588; baseline 0.002 -12"><span class='ocrx_word' id='word_1_175' title='bbox 320 2548 389 2586; x_wconf 81' lang='lat' dir='ltr'><strong>Ego</strong></span> <span class='ocrx_word' id='word_1_176' title='bbox 412 2547 464 2577; x_wconf 77' lang='lat' dir='ltr'><strong>ille</strong></span> <span class='ocrx_word' id='word_1_177' title='bbox 486 2548 650 2578; x_wconf 81' lang='lat' dir='ltr'><strong>Martialis</strong></span> <span class='ocrx_word' id='word_1_178' title='bbox 663 2548 787 2588; x_wconf 78' lang='lat' dir='ltr'><strong>populis</strong></span> <span class='ocrx_word' id='word_1_179' title='bbox 800 2550 893 2578; x_wconf 71' lang='lat' dir='ltr'><strong>‘notus</strong></span> <span class='ocrx_word' id='word_1_180' title='bbox 919 2546 1192 2587; x_wconf 77' lang='lat' dir='ltr'><strong>hendecasyllabis,</strong></span> <span class='ocrx_word' id='word_1_181' title='bbox 1219 2550 1249 2577; x_wconf 82' lang='lat' dir='ltr'><strong>et</strong></span> <span class='ocrx_word' id='word_1_182' title='bbox 1274 2546 1383 2578; x_wconf 82' lang='lat' dir='ltr'><strong>multis</strong></span> <span class='ocrx_word' id='word_1_183' title='bbox 1399 2547 1542 2588; x_wconf 79' lang='lat' dir='ltr'><strong>facetiis,</strong></span> <span class='ocrx_word' id='word_1_184' title='bbox 1565 2557 1619 2579; x_wconf 80' lang='lat' dir='ltr'><strong>nec</strong></span> <span class='ocrx_word' id='word_1_185' title='bbox 1636 2550 1737 2580; x_wconf 78' lang='lat' dir='ltr'><strong>tamen</strong></span> 
     </span>
    </p>
   </div>
   <div class='ocr_carea' id='block_1_18' title="bbox 270 2632 1735 2790">
    <p class='ocr_par' dir='ltr' id='par_1_18' title="bbox 270 2632 1735 2790">
     <span class='ocr_line' id='line_1_31' title="bbox 936 2632 1083 2665; baseline 0 0"><span class='ocrx_word' id='word_1_186' title='bbox 936 2632 1083 2665; x_wconf 80' lang='lat' dir='ltr'>NOTAE</span> 
     </span>
     <span class='ocr_line' id='line_1_32' title="bbox 316 2697 1682 2739; baseline 0.001 -12"><span class='ocrx_word' id='word_1_187' title='bbox 316 2700 331 2727; x_wconf 91' lang='lat'>1</span> <span class='ocrx_word' id='word_1_188' title='bbox 363 2698 501 2729; x_wconf 79' lang='lat' dir='ltr'><strong>Undenis</strong></span> <span class='ocrx_word' id='word_1_189' title='bbox 510 2699 652 2739; x_wconf 82' lang='lat' dir='ltr'><strong>pedibus]</strong></span> <span class='ocrx_word' id='word_1_190' title='bbox 678 2698 804 2730; x_wconf 82' lang='lat' dir='ltr'><strong>Versus</strong></span> <span class='ocrx_word' id='word_1_191' title='bbox 818 2698 973 2739; x_wconf 82' lang='lat' dir='ltr'><strong>intellige</strong></span> <span class='ocrx_word' id='word_1_192' title='bbox 1028 2697 1156 2729; x_wconf 81' lang='lat' dir='ltr'><strong>dicitur</strong></span> <span class='ocrx_word' id='word_1_193' title='bbox 1172 2697 1274 2728; x_wconf 84' lang='lat' dir='ltr'><strong>etiam</strong></span> <span class='ocrx_word' id='word_1_194' title='bbox 1291 2697 1434 2729; x_wconf 86' lang='lat' dir='ltr'><strong>Carmen</strong></span> <span class='ocrx_word' id='word_1_195' title='bbox 1448 2698 1682 2729; x_wconf 85' lang='lat' dir='ltr'><strong>Phaleucium.</strong></span> 
     </span>
     <span class='ocr_line' id='line_1_33' title="bbox 270 2748 1735 2790; baseline 0.001 -12"><span class='ocrx_word' id='word_1_196' title='bbox 270 2753 472 2780; x_wconf 83' lang='lat' dir='ltr'><strong>constantes</strong></span> <span class='ocrx_word' id='word_1_197' title='bbox 502 2750 659 2781; x_wconf 83' lang='lat' dir='ltr'><strong>undecim</strong></span> <span class='ocrx_word' id='word_1_198' title='bbox 683 2750 833 2790; x_wconf 80' lang='lat' dir='ltr'><strong>syllabis,</strong></span> <span class='ocrx_word' id='word_1_199' title='bbox 862 2750 911 2780; x_wconf 89' lang='lat' dir='ltr'><strong>ita</strong></span> <span class='ocrx_word' id='word_1_200' title='bbox 937 2755 975 2780; x_wconf 87' lang='lat' dir='ltr'><strong>ut</strong></span> <span class='ocrx_word' id='word_1_201' title='bbox 1076 2751 1094 2779; x_wconf 80' lang='lat'><strong>3</strong></span> <span class='ocrx_word' id='word_1_202' title='bbox 1121 2749 1224 2779; x_wconf 78' lang='lat' dir='ltr'><strong>Notus</strong></span> <span class='ocrx_word' id='word_1_203' title='bbox 1237 2748 1397 2788; x_wconf 75' lang='lat' dir='ltr'><strong>gentibus]</strong></span> <span class='ocrx_word' id='word_1_204' title='bbox 1421 2748 1509 2779; x_wconf 83' lang='lat' dir='ltr'><strong>Vide</strong></span> <span class='ocrx_word' id='word_1_205' title='bbox 1525 2748 1582 2779; x_wconf 78' lang='lat' dir='ltr'><strong>lib.</strong></span> <span class='ocrx_word' id='word_1_206' title='bbox 1596 2757 1619 2779; x_wconf 90' lang='lat'><strong>1.</strong></span> <span class='ocrx_word' id='word_1_207' title='bbox 1635 2749 1735 2789; x_wconf 81' lang='lat' dir='ltr'><strong>Epig.</strong></span> 
     </span>
    </p>
   </div>
   <div class='ocr_carea' id='block_1_19' title="bbox 269 2800 1063 2841">
    <p class='ocr_par' dir='ltr' id='par_1_19' title="bbox 269 2800 1063 2841">
     <span class='ocr_line' id='line_1_34' title="bbox 269 2800 1063 2841; baseline 0.004 -11"><span class='ocrx_word' id='word_1_208' title='bbox 269 2800 411 2840; x_wconf 74' lang='lat' dir='ltr'><strong>siugulae</strong></span> <span class='ocrx_word' id='word_1_209' title='bbox 442 2811 544 2832; x_wconf 85' lang='lat' dir='ltr'><strong>unum</strong></span> <span class='ocrx_word' id='word_1_210' title='bbox 581 2801 702 2841; x_wconf 80' lang='lat' dir='ltr'><strong>pedem</strong></span> <span class='ocrx_word' id='word_1_211' title='bbox 731 2800 897 2833; x_wconf 80' lang='lat' dir='ltr'><strong>efficiant:</strong></span> <span class='ocrx_word' id='word_1_212' title='bbox 940 2808 972 2831; x_wconf 77' lang='lat' dir='ltr'><strong>et</strong></span> <span class='ocrx_word' id='word_1_213' title='bbox 1027 2802 1063 2834; x_wconf 73' lang='lat'><strong>2.</strong></span> 
     </span>
    </p>
   </div>
  </div>
 </body>
</html>
