<?xml version="1.0" encoding="UTF-8"?>
<!DOCTYPE html PUBLIC "-//W3C//DTD XHTML 1.0 Transitional//EN"
    "http://www.w3.org/TR/xhtml1/DTD/xhtml1-transitional.dtd">
<html xmlns="http://www.w3.org/1999/xhtml" xml:lang="en" lang="en">
 <head>
  <title>
</title>
<meta http-equiv="Content-Type" content="text/html;charset=utf-8" />
  <meta name='ocr-system' content='tesseract 3.04.00' />
  <meta name='ocr-capabilities' content='ocr_page ocr_carea ocr_par ocr_line ocrx_word'/>
</head>
<body>
  <div class='ocr_page' id='page_1' title='image "./epigrammataexedi02martuoft_0029.png"; bbox 0 0 1960 3230; ppageno 0'>
   <div class='ocr_carea' id='block_1_1' title="bbox 569 244 1625 285">
    <p class='ocr_par' dir='ltr' id='par_1_1' title="bbox 569 244 1625 285">
     <span class='ocr_line' id='line_1_1' title="bbox 569 244 1625 285; baseline -0.001 0"><span class='ocrx_word' id='word_1_1' title='bbox 569 254 976 285; x_wconf 75' lang='lat' dir='ltr'><strong>EPIGRAMMATUM</strong></span> <span class='ocrx_word' id='word_1_2' title='bbox 1016 255 1108 283; x_wconf 74' lang='lat' dir='ltr'>mn.</span> <span class='ocrx_word' id='word_1_3' title='bbox 1145 255 1225 283; x_wconf 74' lang='lat' dir='ltr'>vui.</span> <span class='ocrx_word' id='word_1_4' title='bbox 1540 244 1625 285; x_wconf 88' lang='grc'>517</span> 
     </span>
    </p>
   </div>
   <div class='ocr_carea' id='block_1_2' title="bbox 166 349 1307 472">
    <p class='ocr_par' dir='ltr' id='par_1_2' title="bbox 166 349 1307 472">
     <span class='ocr_line' id='line_1_2' title="bbox 166 349 1307 405; baseline -0.002 -13"><span class='ocrx_word' id='word_1_5' title='bbox 166 350 358 405; x_wconf 85' lang='lat' dir='ltr'>Dejecto</span> <span class='ocrx_word' id='word_1_6' title='bbox 375 350 496 405; x_wconf 91' lang='lat' dir='ltr'>quid,</span> <span class='ocrx_word' id='word_1_7' title='bbox 519 351 681 404; x_wconf 84' lang='lat' dir='ltr'>inepte,</span> <span class='ocrx_word' id='word_1_8' title='bbox 703 350 840 404; x_wconf 85' lang='lat' dir='ltr'>pedes</span> <span class='ocrx_word' id='word_1_9' title='bbox 860 350 1088 404; x_wconf 88' lang='lat' dir='ltr'>perfundis</span> <span class='ocrx_word' id='word_1_10' title='bbox 1108 349 1307 390; x_wconf 72' lang='lat' dir='ltr'>amictu?</span> 
     </span>
     <span class='ocr_line' id='line_1_3' title="bbox 220 418 1279 472; baseline -0.002 -12"><span class='ocrx_word' id='word_1_11' title='bbox 220 418 404 472; x_wconf 83' lang='lat' dir='ltr'>Collige,</span> <span class='ocrx_word' id='word_1_12' title='bbox 428 418 581 468; x_wconf 85' lang='lat' dir='ltr'>Cinna,</span> <span class='ocrx_word' id='word_1_13' title='bbox 601 423 772 471; x_wconf 82' lang='lat' dir='ltr'>togam3</span> <span class='ocrx_word' id='word_1_14' title='bbox 804 419 984 460; x_wconf 87' lang='lat' dir='ltr'>calceus</span> <span class='ocrx_word' id='word_1_15' title='bbox 1008 431 1115 459; x_wconf 87' lang='lat' dir='ltr'>ecce</span> <span class='ocrx_word' id='word_1_16' title='bbox 1146 418 1279 471; x_wconf 88' lang='lat' dir='ltr'>perit.</span> 
     </span>
    </p>
   </div>
   <div class='ocr_carea' id='block_1_3' title="bbox 161 516 1621 602">
    <p class='ocr_par' dir='ltr' id='par_1_3' title="bbox 161 516 1621 602">
     <span class='ocr_line' id='line_1_4' title="bbox 161 516 1621 559; baseline -0.001 -10"><span class='ocrx_word' id='word_1_17' title='bbox 161 520 233 549; x_wconf 75' lang='lat' dir='ltr'>nive</span> <span class='ocrx_word' id='word_1_18' title='bbox 246 529 255 555; x_wconf 92' lang='lat'>,·</span> <span class='ocrx_word' id='word_1_19' title='bbox 279 529 297 549; x_wconf 94' lang='lat' dir='ltr'>o</span> <span class='ocrx_word' id='word_1_20' title='bbox 314 520 448 557; x_wconf 77' lang='lat' dir='ltr'>demens,</span> <span class='ocrx_word' id='word_1_21' title='bbox 465 519 538 558; x_wconf 80' lang='lat' dir='ltr'>qaid</span> <span class='ocrx_word' id='word_1_22' title='bbox 550 518 718 557; x_wconf 71' lang='lat' dir='ltr'>madefac-is</span> <span class='ocrx_word' id='word_1_23' title='bbox 730 520 821 559; x_wconf 82' lang='lat' dir='ltr'>pedes</span> <span class='ocrx_word' id='word_1_24' title='bbox 837 522 919 550; x_wconf 73' lang='lat' dir='ltr'>veste</span> <span class='ocrx_word' id='word_1_25' title='bbox 935 519 1069 549; x_wconf 84' lang='lat' dir='ltr'>demissa</span> <span class='ocrx_word' id='word_1_26' title='bbox 1080 517 1096 549; x_wconf 80' lang='lat'><strong><em>?</em></strong></span> <span class='ocrx_word' id='word_1_27' title='bbox 1142 517 1174 548; x_wconf 94' lang='grc' dir='ltr'>Ο</span> <span class='ocrx_word' id='word_1_28' title='bbox 1201 516 1316 557; x_wconf 80' lang='lat' dir='ltr'><strong><em>Cinna,</em></strong></span> <span class='ocrx_word' id='word_1_29' title='bbox 1331 516 1438 548; x_wconf 79' lang='lat' dir='ltr'><em>attolle</em></span> <span class='ocrx_word' id='word_1_30' title='bbox 1453 520 1570 557; x_wconf 81' lang='lat' dir='ltr'>togam,</span> <span class='ocrx_word' id='word_1_31' title='bbox 1585 527 1621 547; x_wconf 80' lang='lat' dir='ltr'>en</span> 
     </span>
     <span class='ocr_line' id='line_1_5' title="bbox 162 561 487 602; baseline 0.006 -11"><span class='ocrx_word' id='word_1_32' title='bbox 162 563 279 593; x_wconf 78' lang='lat' dir='ltr'>calceus</span> <span class='ocrx_word' id='word_1_33' title='bbox 296 561 487 602; x_wconf 74' lang='lat' dir='ltr'><em>inquinatur.</em></span> 
     </span>
    </p>
   </div>
   <div class='ocr_carea' id='block_1_4' title="bbox 772 614 1013 626">
    <p class='ocr_par' dir='ltr' id='par_1_4' title="bbox 772 614 1013 626">
     <span class='ocr_line' id='line_1_6' title="bbox 772 614 1013 626; baseline -0.008 0"><span class='ocrx_word' id='word_1_34' title='bbox 772 614 1013 626; x_wconf 57' lang='lat' dir='ltr'>‘coemam‘</span> 
     </span>
    </p>
   </div>
   <div class='ocr_carea' id='block_1_5' title="bbox 160 656 1621 807">
    <p class='ocr_par' dir='ltr' id='par_1_5' title="bbox 160 656 1621 807">
     <span class='ocr_line' id='line_1_7' title="bbox 204 656 1621 699; baseline -0.001 -11"><span class='ocrx_word' id='word_1_35' title='bbox 204 662 221 689; x_wconf 75' lang='lat'>3</span> <span class='ocrx_word' id='word_1_36' title='bbox 250 659 397 697; x_wconf 74' lang='lat' dir='ltr'>Neglecto</span> <span class='ocrx_word' id='word_1_37' title='bbox 413 658 583 689; x_wconf 85' lang='lat' dir='ltr'>Gruterus</span> <span class='ocrx_word' id='word_1_38' title='bbox 606 659 691 699; x_wconf 83' lang='lat' dir='ltr'>legit</span> <span class='ocrx_word' id='word_1_39' title='bbox 719 668 761 689; x_wconf 77' lang='lat' dir='ltr'>ex</span> <span class='ocrx_word' id='word_1_40' title='bbox 788 658 888 690; x_wconf 82' lang='lat' dir='ltr'>codd.</span> <span class='ocrx_word' id='word_1_41' title='bbox 914 659 1028 689; x_wconf 76' lang='lat' dir='ltr'>Palat.</span> <span class='ocrx_word' id='word_1_42' title='bbox 1054 662 1090 689; x_wconf 88' lang='lat' dir='ltr'>et</span> <span class='ocrx_word' id='word_1_43' title='bbox 1104 657 1204 689; x_wconf 87' lang='lat' dir='ltr'>Bodl.</span> <span class='ocrx_word' id='word_1_44' title='bbox 1220 657 1322 694; x_wconf 83' lang='lat' dir='ltr'>male,</span> <span class='ocrx_word' id='word_1_45' title='bbox 1337 666 1379 687; x_wconf 84' lang='lat' dir='ltr'>ex</span> <span class='ocrx_word' id='word_1_46' title='bbox 1404 660 1518 687; x_wconf 88' lang='lat' dir='ltr'>mente</span> <span class='ocrx_word' id='word_1_47' title='bbox 1532 656 1621 687; x_wconf 84' lang='lat' dir='ltr'>Scri-</span> 
     </span>
     <span class='ocr_line' id='line_1_8' title="bbox 160 700 1407 743; baseline -0.001 -11"><span class='ocrx_word' id='word_1_48' title='bbox 160 701 323 732; x_wconf 70' lang='lat' dir='ltr'>verii.—4</span> <span class='ocrx_word' id='word_1_49' title='bbox 347 702 428 733; x_wconf 84' lang='lat' dir='ltr'>Ant.</span> <span class='ocrx_word' id='word_1_50' title='bbox 441 702 482 733; x_wconf 88' lang='lat' dir='ltr'>de</span> <span class='ocrx_word' id='word_1_51' title='bbox 500 703 594 742; x_wconf 82' lang='lat' dir='ltr'>Rooy</span> <span class='ocrx_word' id='word_1_52' title='bbox 610 702 699 743; x_wconf 88' lang='lat' dir='ltr'>conj.</span> <span class='ocrx_word' id='word_1_53' title='bbox 714 702 832 733; x_wconf 82' lang='lat' dir='ltr'>calceus</span> <span class='ocrx_word' id='word_1_54' title='bbox 846 702 919 732; x_wconf 80' lang='lat' dir='ltr'>inde</span> <span class='ocrx_word' id='word_1_55' title='bbox 932 702 1030 742; x_wconf 80' lang='lat' dir='ltr'>perit,</span> <span class='ocrx_word' id='word_1_56' title='bbox 1049 701 1071 732; x_wconf 87' lang='lat' dir='ltr'>i.</span> <span class='ocrx_word' id='word_1_57' title='bbox 1084 711 1116 732; x_wconf 87' lang='lat' dir='ltr'>e.</span> <span class='ocrx_word' id='word_1_58' title='bbox 1129 711 1147 732; x_wconf 88' lang='lat' dir='ltr'>a</span> <span class='ocrx_word' id='word_1_59' title='bbox 1160 700 1299 732; x_wconf 84' lang='lat' dir='ltr'>sordida</span> <span class='ocrx_word' id='word_1_60' title='bbox 1316 705 1407 740; x_wconf 84' lang='lat' dir='ltr'>toga.</span> 
     </span>
     <span class='ocr_line' id='line_1_9' title="bbox 816 775 956 807; baseline 0 -1"><span class='ocrx_word' id='word_1_61' title='bbox 816 775 956 807; x_wconf 74' lang='lat' dir='ltr'>NOTAE</span> 
     </span>
    </p>
   </div>
   <div class='ocr_carea' id='block_1_6' title="bbox 157 838 1620 982">
    <p class='ocr_par' dir='ltr' id='par_1_6' title="bbox 157 838 1620 982">
     <span class='ocr_line' id='line_1_10' title="bbox 202 838 1620 880; baseline -0.001 -10"><span class='ocrx_word' id='word_1_62' title='bbox 202 843 221 871; x_wconf 78' lang='lat'><strong>2</strong></span> <span class='ocrx_word' id='word_1_63' title='bbox 247 840 433 880; x_wconf 79' lang='lat' dir='ltr'><strong><em>Candidior]</em></strong></span> <span class='ocrx_word' id='word_1_64' title='bbox 467 840 557 871; x_wconf 86' lang='lat' dir='ltr'>Hinc</span> <span class='ocrx_word' id='word_1_65' title='bbox 596 839 759 880; x_wconf 86' lang='lat' dir='ltr'>colligere</span> <span class='ocrx_word' id='word_1_66' title='bbox 794 845 860 880; x_wconf 89' lang='lat' dir='ltr'>est,</span> <span class='ocrx_word' id='word_1_67' title='bbox 916 840 1046 877; x_wconf 83' lang='lat' dir='ltr'>dutum,</span> <span class='ocrx_word' id='word_1_68' title='bbox 1064 844 1100 871; x_wconf 86' lang='lat' dir='ltr'>et</span> <span class='ocrx_word' id='word_1_69' title='bbox 1127 840 1253 871; x_wconf 86' lang='lat' dir='ltr'>calceis</span> <span class='ocrx_word' id='word_1_70' title='bbox 1278 840 1362 872; x_wconf 88' lang='lat' dir='ltr'>albis</span> <span class='ocrx_word' id='word_1_71' title='bbox 1393 842 1546 871; x_wconf 88' lang='lat' dir='ltr'>utentem</span> <span class='ocrx_word' id='word_1_72' title='bbox 1574 838 1620 869; x_wconf 64' lang='lat' dir='ltr'>le«</span> 
     </span>
     <span class='ocr_line' id='line_1_11' title="bbox 160 890 1266 932; baseline 0.003 -12"><span class='ocrx_word' id='word_1_73' title='bbox 160 891 329 920; x_wconf 79' lang='lat' dir='ltr'>Romanos</span> <span class='ocrx_word' id='word_1_74' title='bbox 361 891 485 922; x_wconf 83' lang='lat' dir='ltr'>calceis</span> <span class='ocrx_word' id='word_1_75' title='bbox 512 890 596 921; x_wconf 85' lang='lat' dir='ltr'>albis</span> <span class='ocrx_word' id='word_1_76' title='bbox 625 900 703 921; x_wconf 85' lang='lat' dir='ltr'>usos</span> <span class='ocrx_word' id='word_1_77' title='bbox 731 890 856 923; x_wconf 84' lang='lat' dir='ltr'>fuisse:</span> <span class='ocrx_word' id='word_1_78' title='bbox 916 890 1266 932; x_wconf 72' lang='lat' dir='ltr'>pideirridetPoeta.</span> 
     </span>
     <span class='ocr_line' id='line_1_12' title="bbox 157 940 859 982; baseline 0 -11"><span class='ocrx_word' id='word_1_79' title='bbox 157 941 243 972; x_wconf 85' lang='lat' dir='ltr'>hunc</span> <span class='ocrx_word' id='word_1_80' title='bbox 268 946 382 972; x_wconf 83' lang='lat' dir='ltr'>autem</span> <span class='ocrx_word' id='word_1_81' title='bbox 400 942 540 973; x_wconf 84' lang='lat' dir='ltr'>Cinnam</span> <span class='ocrx_word' id='word_1_82' title='bbox 559 946 640 982; x_wconf 82' lang='lat' dir='ltr'>toga</span> <span class='ocrx_word' id='word_1_83' title='bbox 654 940 793 972; x_wconf 85' lang='lat' dir='ltr'>sordida</span> <span class='ocrx_word' id='word_1_84' title='bbox 809 941 859 972; x_wconf 88' lang='lat' dir='ltr'>in-</span> 
     </span>
    </p>
   </div>
   <div class='ocr_carea' id='block_1_7' title="bbox 518 1060 1252 1179">
    <p class='ocr_par' dir='ltr' id='par_1_7' title="bbox 518 1060 1252 1179">
     <span class='ocr_line' id='line_1_13' title="bbox 756 1060 1007 1102; baseline 0 0"><span class='ocrx_word' id='word_1_85' title='bbox 756 1060 1007 1102; x_wconf 87' lang='lat' dir='ltr'>XXXIV.</span> 
     </span>
     <span class='ocr_line' id='line_1_14' title="bbox 518 1139 1252 1179; baseline 0.001 -10"><span class='ocrx_word' id='word_1_86' title='bbox 518 1140 585 1169; x_wconf 84' lang='lat' dir='ltr'>AD</span> <span class='ocrx_word' id='word_1_87' title='bbox 620 1139 877 1179; x_wconf 79' lang='lat' dir='ltr'>SEVERUM,</span> <span class='ocrx_word' id='word_1_88' title='bbox 912 1141 975 1170; x_wconf 82' lang='lat' dir='ltr'>DE</span> <span class='ocrx_word' id='word_1_89' title='bbox 1010 1140 1252 1170; x_wconf 74' lang='lat' dir='ltr'>CHAmNo.</span> 
     </span>
    </p>
   </div>
   <div class='ocr_carea' id='block_1_8' title="bbox 320 1208 1618 1874">
    <p class='ocr_par' dir='ltr' id='par_1_8' title="bbox 328 1208 1082 1263">
     <span class='ocr_line' id='line_1_15' title="bbox 328 1208 1082 1263; baseline -0.001 -13"><span class='ocrx_word' id='word_1_90' title='bbox 328 1208 438 1259; x_wconf 84' lang='lat' dir='ltr'>QUO</span> <span class='ocrx_word' id='word_1_91' title='bbox 458 1209 600 1263; x_wconf 86' lang='lat' dir='ltr'>possit</span> <span class='ocrx_word' id='word_1_92' title='bbox 622 1209 715 1249; x_wconf 86' lang='lat' dir='ltr'>fieri</span> <span class='ocrx_word' id='word_1_93' title='bbox 733 1209 884 1258; x_wconf 89' lang='lat' dir='ltr'>modo,</span> <span class='ocrx_word' id='word_1_94' title='bbox 907 1208 1082 1258; x_wconf 86' lang='lat' dir='ltr'>Severe,</span> 
     </span>
    </p>

    <p class='ocr_par' dir='ltr' id='par_1_9' title="bbox 327 1277 1187 1332">
     <span class='ocr_line' id='line_1_16' title="bbox 327 1277 1187 1332; baseline -0.001 -14"><span class='ocrx_word' id='word_1_95' title='bbox 327 1277 391 1318; x_wconf 85' lang='lat' dir='ltr'>Ut</span> <span class='ocrx_word' id='word_1_96' title='bbox 411 1278 475 1318; x_wconf 80' lang='lat' dir='ltr'>vir</span> <span class='ocrx_word' id='word_1_97' title='bbox 497 1278 721 1332; x_wconf 80' lang='lat' dir='ltr'>pessimus</span> <span class='ocrx_word' id='word_1_98' title='bbox 744 1277 943 1318; x_wconf 85' lang='lat' dir='ltr'>omnium</span> <span class='ocrx_word' id='word_1_99' title='bbox 966 1277 1187 1318; x_wconf 86' lang='lat' dir='ltr'>Charinus</span> 
     </span>
    </p>

    <p class='ocr_par' dir='ltr' id='par_1_10' title="bbox 325 1345 1138 1398">
     <span class='ocr_line' id='line_1_17' title="bbox 325 1345 1138 1398; baseline -0.002 -12"><span class='ocrx_word' id='word_1_100' title='bbox 325 1346 470 1387; x_wconf 83' lang='lat' dir='ltr'>Unam</span> <span class='ocrx_word' id='word_1_101' title='bbox 492 1360 581 1387; x_wconf 85' lang='lat' dir='ltr'>rem</span> <span class='ocrx_word' id='word_1_102' title='bbox 601 1347 711 1387; x_wconf 88' lang='lat' dir='ltr'>bene</span> <span class='ocrx_word' id='word_1_103' title='bbox 732 1346 900 1395; x_wconf 84' lang='lat' dir='ltr'>fecerit,</span> <span class='ocrx_word' id='word_1_104' title='bbox 921 1345 1138 1398; x_wconf 68' lang='lat' dir='ltr'>requiris?</span> 
     </span>
    </p>

    <p class='ocr_par' dir='ltr' id='par_1_11' title="bbox 324 1413 1263 1468">
     <span class='ocr_line' id='line_1_18' title="bbox 324 1413 1263 1468; baseline -0.002 -13"><span class='ocrx_word' id='word_1_105' title='bbox 324 1413 503 1464; x_wconf 82' lang='lat' dir='ltr'>Dicam,</span> <span class='ocrx_word' id='word_1_106' title='bbox 526 1414 605 1455; x_wconf 84' lang='lat' dir='ltr'>sed</span> <span class='ocrx_word' id='word_1_107' title='bbox 624 1415 712 1455; x_wconf 85' lang='lat' dir='ltr'>cito</span> <span class='ocrx_word' id='word_1_108' title='bbox 733 1428 742 1456; x_wconf 76' lang='grc' dir='ltr'><strong><em>ε</em></strong></span> <span class='ocrx_word' id='word_1_109' title='bbox 776 1414 883 1468; x_wconf 87' lang='lat' dir='ltr'>quid</span> <span class='ocrx_word' id='word_1_110' title='bbox 901 1413 1079 1454; x_wconf 80' lang='lat' dir='ltr'>Nerone</span> <span class='ocrx_word' id='word_1_111' title='bbox 1102 1413 1229 1467; x_wconf 87' lang='lat' dir='ltr'>pejus</span> <span class='ocrx_word' id='word_1_112' title='bbox 1244 1414 1263 1453; x_wconf 63' lang='grc' dir='ltr'><strong><em>Ἰ</em></strong></span> 
     </span>
    </p>

    <p class='ocr_par' dir='ltr' id='par_1_12' title="bbox 325 1476 1618 1603">
     <span class='ocr_line' id='line_1_19' title="bbox 325 1476 1618 1531; baseline -0.001 -9"><span class='ocrx_word' id='word_1_113' title='bbox 325 1481 446 1531; x_wconf 85' lang='lat' dir='ltr'><strong>Quid</strong></span> <span class='ocrx_word' id='word_1_114' title='bbox 468 1482 645 1523; x_wconf 79' lang='lat' dir='ltr'>thermis</span> <span class='ocrx_word' id='word_1_115' title='bbox 662 1483 816 1523; x_wconf 88' lang='lat' dir='ltr'>melius</span> <span class='ocrx_word' id='word_1_116' title='bbox 839 1482 1137 1524; x_wconf 76' lang='lat' dir='ltr'>Neronianis‘?</span> <span class='ocrx_word' id='word_1_117' title='bbox 1589 1476 1618 1516; x_wconf 89' lang='grc'><strong><em>5</em></strong></span> 
     </span>
     <span class='ocr_line' id='line_1_20' title="bbox 325 1549 1268 1603; baseline -0.001 -14"><span class='ocrx_word' id='word_1_118' title='bbox 325 1549 428 1590; x_wconf 90' lang='lat' dir='ltr'>Non</span> <span class='ocrx_word' id='word_1_119' title='bbox 450 1550 573 1590; x_wconf 82' lang='lat' dir='ltr'>deest</span> <span class='ocrx_word' id='word_1_120' title='bbox 594 1552 805 1603; x_wconf 86' lang='lat' dir='ltr'>protinus,</span> <span class='ocrx_word' id='word_1_121' title='bbox 832 1563 955 1599; x_wconf 90' lang='lat' dir='ltr'>ecce,</span> <span class='ocrx_word' id='word_1_122' title='bbox 976 1550 1029 1590; x_wconf 90' lang='lat' dir='ltr'>de</span> <span class='ocrx_word' id='word_1_123' title='bbox 1051 1549 1268 1602; x_wconf 83' lang='lat' dir='ltr'>malignis,</span> 
     </span>
    </p>

    <p class='ocr_par' dir='ltr' id='par_1_13' title="bbox 327 1617 1103 1671">
     <span class='ocr_line' id='line_1_21' title="bbox 327 1617 1103 1671; baseline 0.001 -15"><span class='ocrx_word' id='word_1_124' title='bbox 327 1617 418 1666; x_wconf 83' lang='lat' dir='ltr'>Qui</span> <span class='ocrx_word' id='word_1_125' title='bbox 441 1618 507 1657; x_wconf 83' lang='lat' dir='ltr'>sic</span> <span class='ocrx_word' id='word_1_126' title='bbox 528 1617 757 1658; x_wconf 86' lang='lat' dir='ltr'>rancidulo</span> <span class='ocrx_word' id='word_1_127' title='bbox 774 1618 981 1671; x_wconf 85' lang='lat' dir='ltr'>loquatur</span> <span class='ocrx_word' id='word_1_128' title='bbox 1002 1630 1075 1657; x_wconf 82' lang='lat' dir='ltr'>ore</span> <span class='ocrx_word' id='word_1_129' title='bbox 1093 1630 1103 1658; x_wconf 74' lang='grc' dir='ltr'>ε</span> 
     </span>
    </p>

    <p class='ocr_par' dir='ltr' id='par_1_14' title="bbox 324 1683 1196 1737">
     <span class='ocr_line' id='line_1_22' title="bbox 324 1683 1196 1737; baseline -0.001 -13"><span class='ocrx_word' id='word_1_130' title='bbox 324 1684 479 1734; x_wconf 73' lang='lat' dir='ltr'>Quid?</span> <span class='ocrx_word' id='word_1_131' title='bbox 512 1690 561 1725; x_wconf 80' lang='lat' dir='ltr'>tu</span> <span class='ocrx_word' id='word_1_132' title='bbox 582 1688 649 1725; x_wconf 84' lang='lat' dir='ltr'>tot</span> <span class='ocrx_word' id='word_1_133' title='bbox 662 1685 841 1734; x_wconf 83' lang='lat' dir='ltr'>domini,</span> <span class='ocrx_word' id='word_1_134' title='bbox 866 1686 1037 1737; x_wconf 83' lang='lat' dir='ltr'>Deique</span> <span class='ocrx_word' id='word_1_135' title='bbox 1056 1683 1196 1724; x_wconf 82' lang='lat' dir='ltr'>nostri</span> 
     </span>
    </p>

    <p class='ocr_par' dir='ltr' id='par_1_15' title="bbox 325 1751 1130 1792">
     <span class='ocr_line' id='line_1_23' title="bbox 325 1751 1130 1792; baseline -0.002 0"><span class='ocrx_word' id='word_1_136' title='bbox 325 1752 515 1792; x_wconf 84' lang='lat' dir='ltr'>Praefers</span> <span class='ocrx_word' id='word_1_137' title='bbox 538 1752 791 1792; x_wconf 84' lang='lat' dir='ltr'>muneribus</span> <span class='ocrx_word' id='word_1_138' title='bbox 814 1751 1130 1792; x_wconf 75' lang='lat' dir='ltr'>Neronianas?</span> 
     </span>
    </p>

    <p class='ocr_par' dir='ltr' id='par_1_16' title="bbox 320 1815 1614 1874">
     <span class='ocr_line' id='line_1_24' title="bbox 320 1815 1614 1874; baseline -0.004 -14"><span class='ocrx_word' id='word_1_139' title='bbox 320 1819 534 1861; x_wconf 81' lang='lat' dir='ltr'>Thermas</span> <span class='ocrx_word' id='word_1_140' title='bbox 555 1819 742 1874; x_wconf 84' lang='lat' dir='ltr'>praefero</span> <span class='ocrx_word' id='word_1_141' title='bbox 764 1820 937 1861; x_wconf 83' lang='lat' dir='ltr'>balneis</span> <span class='ocrx_word' id='word_1_142' title='bbox 960 1817 1138 1859; x_wconf 80' lang='lat' dir='ltr'>cinaedi.</span> <span class='ocrx_word' id='word_1_143' title='bbox 1381 1853 1385 1856; x_wconf 91' lang='lat'>.</span> <span class='ocrx_word' id='word_1_144' title='bbox 1558 1815 1614 1856; x_wconf 89' lang='lat'>10</span> 
     </span>
    </p>
   </div>
   <div class='ocr_carea' id='block_1_9' title="bbox 147 1924 1616 2143">
    <p class='ocr_par' dir='ltr' id='par_1_17' title="bbox 147 1924 1616 2143">
     <span class='ocr_line' id='line_1_25' title="bbox 191 1924 1616 1972; baseline -0.004 -11"><span class='ocrx_word' id='word_1_145' title='bbox 191 1930 223 1961; x_wconf 87' lang='grc' dir='ltr'><strong>Ο</strong></span> <span class='ocrx_word' id='word_1_146' title='bbox 238 1930 363 1969; x_wconf 83' lang='lat' dir='ltr'>Severe,</span> <span class='ocrx_word' id='word_1_147' title='bbox 380 1941 473 1970; x_wconf 87' lang='lat' dir='ltr'>rogas</span> <span class='ocrx_word' id='word_1_148' title='bbox 488 1941 547 1971; x_wconf 85' lang='lat' dir='ltr'>qna</span> <span class='ocrx_word' id='word_1_149' title='bbox 561 1931 682 1962; x_wconf 86' lang='lat' dir='ltr'>ratione</span> <span class='ocrx_word' id='word_1_150' title='bbox 686 1931 765 1972; x_wconf 84' lang='lat' dir='ltr'>fieri</span> <span class='ocrx_word' id='word_1_151' title='bbox 778 1931 876 1971; x_wconf 77' lang='lat' dir='ltr'>possit</span> <span class='ocrx_word' id='word_1_152' title='bbox 892 1934 926 1962; x_wconf 83' lang='lat' dir='ltr'>ut</span> <span class='ocrx_word' id='word_1_153' title='bbox 945 1930 1102 1960; x_wconf 81' lang='lat' dir='ltr'>Charinus</span> <span class='ocrx_word' id='word_1_154' title='bbox 1117 1928 1204 1958; x_wconf 81' lang='lat' dir='ltr'>homo</span> <span class='ocrx_word' id='word_1_155' title='bbox 1220 1926 1355 1957; x_wconf 78' lang='lat' dir='ltr'>omnium</span> <span class='ocrx_word' id='word_1_156' title='bbox 1368 1924 1616 1966; x_wconf 73' lang='lat' dir='ltr'>improbissimus</span> 
     </span>
     <span class='ocr_line' id='line_1_26' title="bbox 147 1966 1615 2013; baseline -0.002 -10"><span class='ocrx_word' id='word_1_157' title='bbox 147 1977 228 2003; x_wconf 82' lang='lat' dir='ltr'>recte</span> <span class='ocrx_word' id='word_1_158' title='bbox 239 1974 338 2012; x_wconf 76' lang='lat' dir='ltr'>egerit</span> <span class='ocrx_word' id='word_1_159' title='bbox 351 1984 441 2004; x_wconf 81' lang='lat' dir='ltr'>anam</span> <span class='ocrx_word' id='word_1_160' title='bbox 457 1971 546 2005; x_wconf 72' lang='lat' dir='ltr'>rem?</span> <span class='ocrx_word' id='word_1_161' title='bbox 592 1974 724 2011; x_wconf 80' lang='lat' dir='ltr'>Dicam,</span> <span class='ocrx_word' id='word_1_162' title='bbox 739 1977 771 2004; x_wconf 89' lang='lat' dir='ltr'>at</span> <span class='ocrx_word' id='word_1_163' title='bbox 783 1974 918 2005; x_wconf 76' lang='lat' dir='ltr'>breviter</span> <span class='ocrx_word' id='word_1_164' title='bbox 930 1985 941 2005; x_wconf 76' lang='lat'>.-</span> <span class='ocrx_word' id='word_1_165' title='bbox 957 1973 1031 2013; x_wconf 81' lang='lat' dir='ltr'>quid</span> <span class='ocrx_word' id='word_1_166' title='bbox 1046 1971 1215 2012; x_wconf 77' lang='lat' dir='ltr'>improbius</span> <span class='ocrx_word' id='word_1_167' title='bbox 1231 1970 1356 1999; x_wconf 83' lang='lat' dir='ltr'>Nerone</span> <span class='ocrx_word' id='word_1_168' title='bbox 1369 1966 1384 2000; x_wconf 66' lang='grc'><em>7</em></span> <span class='ocrx_word' id='word_1_169' title='bbox 1412 1968 1486 2008; x_wconf 83' lang='lat' dir='ltr'>quid</span> <span class='ocrx_word' id='word_1_170' title='bbox 1497 1973 1615 2000; x_wconf 86' lang='lat' dir='ltr'>tamen</span> 
     </span>
     <span class='ocr_line' id='line_1_27' title="bbox 148 2011 1614 2055; baseline -0.003 -10"><span class='ocrx_word' id='word_1_171' title='bbox 148 2016 256 2046; x_wconf 78' lang='lat' dir='ltr'>melius</span> <span class='ocrx_word' id='word_1_172' title='bbox 271 2016 398 2047; x_wconf 77' lang='lat' dir='ltr'>thermis</span> <span class='ocrx_word' id='word_1_173' title='bbox 423 2015 642 2048; x_wconf 78' lang='lat' dir='ltr'>Neronianis?</span> <span class='ocrx_word' id='word_1_174' title='bbox 688 2017 740 2047; x_wconf 85' lang='lat' dir='ltr'>En</span> <span class='ocrx_word' id='word_1_175' title='bbox 763 2018 873 2048; x_wconf 83' lang='lat' dir='ltr'>statim</span> <span class='ocrx_word' id='word_1_176' title='bbox 899 2017 984 2047; x_wconf 80' lang='lat' dir='ltr'>adest</span> <span class='ocrx_word' id='word_1_177' title='bbox 1001 2016 1124 2055; x_wconf 83' lang='lat' dir='ltr'>aliquis</span> <span class='ocrx_word' id='word_1_178' title='bbox 1141 2024 1180 2044; x_wconf 73' lang='lat' dir='ltr'>ex</span> <span class='ocrx_word' id='word_1_179' title='bbox 1193 2012 1371 2048; x_wconf 80' lang='lat' dir='ltr'>malitiosis,</span> <span class='ocrx_word' id='word_1_180' title='bbox 1387 2012 1440 2051; x_wconf 81' lang='lat' dir='ltr'>qui</span> <span class='ocrx_word' id='word_1_181' title='bbox 1453 2011 1499 2042; x_wconf 83' lang='lat' dir='ltr'>sic</span> <span class='ocrx_word' id='word_1_182' title='bbox 1511 2012 1614 2052; x_wconf 82' lang='lat' dir='ltr'>loqua-</span> 
     </span>
     <span class='ocr_line' id='line_1_28' title="bbox 148 2054 1614 2100; baseline -0.002 -12"><span class='ocrx_word' id='word_1_183' title='bbox 148 2062 199 2088; x_wconf 82' lang='lat' dir='ltr'>tur</span> <span class='ocrx_word' id='word_1_184' title='bbox 211 2069 262 2090; x_wconf 85' lang='lat' dir='ltr'>ore</span> <span class='ocrx_word' id='word_1_185' title='bbox 270 2059 396 2097; x_wconf 76' lang='lat' dir='ltr'>foetido,</span> <span class='ocrx_word' id='word_1_186' title='bbox 408 2060 450 2090; x_wconf 84' lang='lat' dir='ltr'>Ut</span> <span class='ocrx_word' id='word_1_187' title='bbox 463 2060 536 2100; x_wconf 83' lang='lat' dir='ltr'>quid</span> <span class='ocrx_word' id='word_1_188' title='bbox 548 2060 709 2099; x_wconf 78' lang='lat' dir='ltr'>anteponis</span> <span class='ocrx_word' id='word_1_189' title='bbox 721 2060 870 2091; x_wconf 81' lang='lat' dir='ltr'>thermas</span> <span class='ocrx_word' id='word_1_190' title='bbox 889 2060 1086 2090; x_wconf 79' lang='lat' dir='ltr'>Neronianas</span> <span class='ocrx_word' id='word_1_191' title='bbox 1099 2056 1243 2098; x_wconf 70' lang='lat' dir='ltr'>(edificiis</span> <span class='ocrx_word' id='word_1_192' title='bbox 1257 2055 1389 2087; x_wconf 78' lang='lat' dir='ltr'>Domini</span> <span class='ocrx_word' id='word_1_193' title='bbox 1403 2057 1433 2085; x_wconf 78' lang='lat' dir='ltr'>et</span> <span class='ocrx_word' id='word_1_194' title='bbox 1457 2054 1523 2086; x_wconf 87' lang='lat' dir='ltr'>Dei</span> <span class='ocrx_word' id='word_1_195' title='bbox 1544 2065 1614 2086; x_wconf 83' lang='lat' dir='ltr'>nos·</span> 
     </span>
     <span class='ocr_line' id='line_1_29' title="bbox 147 2100 855 2143; baseline 0.003 -12"><span class='ocrx_word' id='word_1_196' title='bbox 147 2100 215 2134; x_wconf 82' lang='lat' dir='ltr'>tri?</span> <span class='ocrx_word' id='word_1_197' title='bbox 258 2103 330 2142; x_wconf 81' lang='lat' dir='ltr'>Ego</span> <span class='ocrx_word' id='word_1_198' title='bbox 346 2106 496 2143; x_wconf 79' lang='lat' dir='ltr'>antepono</span> <span class='ocrx_word' id='word_1_199' title='bbox 512 2103 586 2134; x_wconf 87' lang='lat' dir='ltr'>illas</span> <span class='ocrx_word' id='word_1_200' title='bbox 599 2103 715 2134; x_wconf 82' lang='lat' dir='ltr'>balneis</span> <span class='ocrx_word' id='word_1_201' title='bbox 730 2103 855 2134; x_wconf 81' lang='lat' dir='ltr'>cinoedi.</span> 
     </span>
    </p>
   </div>
   <div class='ocr_carea' id='block_1_10' title="bbox 761 2174 998 2187">
    <p class='ocr_par' dir='ltr' id='par_1_18' title="bbox 761 2174 998 2187">
     <span class='ocr_line' id='line_1_30' title="bbox 761 2174 998 2187; baseline -0.008 0"><span class='ocrx_word' id='word_1_202' title='bbox 761 2174 998 2187; x_wconf 56' lang='lat' dir='ltr'>”emeaeevoe</span> 
     </span>
    </p>
   </div>
   <div class='ocr_carea' id='block_1_11' title="bbox 143 2214 1612 2511">
    <p class='ocr_par' dir='ltr' id='par_1_19' title="bbox 143 2214 1612 2511">
     <span class='ocr_line' id='line_1_31' title="bbox 191 2214 1612 2261; baseline -0.004 -10"><span class='ocrx_word' id='word_1_203' title='bbox 191 2220 243 2251; x_wconf 83' lang='lat' dir='ltr'>Ad</span> <span class='ocrx_word' id='word_1_204' title='bbox 258 2220 404 2252; x_wconf 79' lang='lat' dir='ltr'>Sei-erum</span> <span class='ocrx_word' id='word_1_205' title='bbox 422 2221 604 2261; x_wconf 82' lang='lat' dir='ltr'>inscriptio</span> <span class='ocrx_word' id='word_1_206' title='bbox 628 2226 679 2253; x_wconf 90' lang='lat' dir='ltr'>est</span> <span class='ocrx_word' id='word_1_207' title='bbox 701 2222 734 2252; x_wconf 90' lang='lat' dir='ltr'>in</span> <span class='ocrx_word' id='word_1_208' title='bbox 753 2220 832 2251; x_wconf 85' lang='lat' dir='ltr'>edd.</span> <span class='ocrx_word' id='word_1_209' title='bbox 850 2222 1003 2251; x_wconf 60' lang='lat' dir='ltr'>vem—3</span> <span class='ocrx_word' id='word_1_210' title='bbox 1033 2219 1138 2250; x_wconf 85' lang='lat' dir='ltr'>Unam</span> <span class='ocrx_word' id='word_1_211' title='bbox 1159 2227 1224 2248; x_wconf 87' lang='lat' dir='ltr'>rem</span> <span class='ocrx_word' id='word_1_212' title='bbox 1249 2216 1322 2247; x_wconf 63' lang='lat' dir='ltr'>Irene</span> <span class='ocrx_word' id='word_1_213' title='bbox 1341 2215 1474 2255; x_wconf 81' lang='lat' dir='ltr'>gesserit</span> <span class='ocrx_word' id='word_1_214' title='bbox 1497 2214 1612 2246; x_wconf 84' lang='lat' dir='ltr'>codex</span> 
     </span>
     <span class='ocr_line' id='line_1_32' title="bbox 147 2257 1611 2301; baseline -0.003 -7"><span class='ocrx_word' id='word_1_215' title='bbox 147 2263 413 2295; x_wconf 78' lang='lat' dir='ltr'>Vaticanus.—4</span> <span class='ocrx_word' id='word_1_216' title='bbox 437 2265 564 2301; x_wconf 82' lang='lat' dir='ltr'>Dicam,</span> <span class='ocrx_word' id='word_1_217' title='bbox 576 2265 629 2295; x_wconf 84' lang='lat' dir='ltr'>sed</span> <span class='ocrx_word' id='word_1_218' title='bbox 645 2266 721 2295; x_wconf 80' lang='lat' dir='ltr'>scito</span> <span class='ocrx_word' id='word_1_219' title='bbox 738 2263 948 2295; x_wconf 85' lang='lat' dir='ltr'>Beverlandi</span> <span class='ocrx_word' id='word_1_220' title='bbox 960 2263 1091 2293; x_wconf 57' lang='lat' dir='ltr'>Ms—(i</span> <span class='ocrx_word' id='word_1_221' title='bbox 1116 2261 1235 2292; x_wconf 83' lang='lat' dir='ltr'>Codex</span> <span class='ocrx_word' id='word_1_222' title='bbox 1248 2259 1471 2290; x_wconf 83' lang='lat' dir='ltr'>Florentinus</span> <span class='ocrx_word' id='word_1_223' title='bbox 1484 2257 1611 2290; x_wconf 83' lang='lat' dir='ltr'>habet:</span> 
     </span>
     <span class='ocr_line' id='line_1_33' title="bbox 144 2300 1609 2348; baseline -0.003 -11"><span class='ocrx_word' id='word_1_224' title='bbox 144 2316 222 2344; x_wconf 83' lang='lat' dir='ltr'>ecce,</span> <span class='ocrx_word' id='word_1_225' title='bbox 235 2308 275 2337; x_wconf 82' lang='lat' dir='ltr'>da</span> <span class='ocrx_word' id='word_1_226' title='bbox 290 2307 520 2346; x_wconf 79' lang='lat' dir='ltr'>malignus.—8</span> <span class='ocrx_word' id='word_1_227' title='bbox 550 2308 592 2338; x_wconf 91' lang='lat' dir='ltr'>Ut</span> <span class='ocrx_word' id='word_1_228' title='bbox 607 2308 680 2348; x_wconf 78' lang='lat' dir='ltr'>quid</span> <span class='ocrx_word' id='word_1_229' title='bbox 697 2311 731 2338; x_wconf 82' lang='lat' dir='ltr'>tn</span> <span class='ocrx_word' id='word_1_230' title='bbox 750 2306 867 2338; x_wconf 79' lang='lat' dir='ltr'>domini</span> <span class='ocrx_word' id='word_1_231' title='bbox 885 2305 940 2336; x_wconf 87' lang='lat' dir='ltr'>ed.</span> <span class='ocrx_word' id='word_1_232' title='bbox 953 2305 1059 2346; x_wconf 82' lang='lat' dir='ltr'>antiq.</span> <span class='ocrx_word' id='word_1_233' title='bbox 1074 2305 1211 2335; x_wconf 81' lang='lat' dir='ltr'>Ferrar.</span> <span class='ocrx_word' id='word_1_234' title='bbox 1228 2312 1280 2333; x_wconf 85' lang='lat' dir='ltr'>an.</span> <span class='ocrx_word' id='word_1_235' title='bbox 1298 2304 1394 2333; x_wconf 82' lang='grc'><strong>1471.</strong></span> <span class='ocrx_word' id='word_1_236' title='bbox 1417 2300 1498 2332; x_wconf 84' lang='lat' dir='ltr'>Ald.</span> <span class='ocrx_word' id='word_1_237' title='bbox 1511 2301 1609 2333; x_wconf 80' lang='lat' dir='ltr'>Junt.</span> 
     </span>
     <span class='ocr_line' id='line_1_34' title="bbox 146 2344 1612 2390; baseline -0.003 -10"><span class='ocrx_word' id='word_1_238' title='bbox 146 2350 255 2381; x_wconf 89' lang='lat' dir='ltr'>Colin.</span> <span class='ocrx_word' id='word_1_239' title='bbox 279 2350 413 2390; x_wconf 83' lang='lat' dir='ltr'>Gryph.</span> <span class='ocrx_word' id='word_1_240' title='bbox 432 2351 606 2381; x_wconf 82' lang='lat' dir='ltr'>Calderin.</span> <span class='ocrx_word' id='word_1_241' title='bbox 635 2351 749 2382; x_wconf 87' lang='lat' dir='ltr'>Plant.</span> <span class='ocrx_word' id='word_1_242' title='bbox 778 2349 916 2382; x_wconf 82' lang='lat' dir='ltr'>Junian.</span> <span class='ocrx_word' id='word_1_243' title='bbox 944 2349 1100 2379; x_wconf 84' lang='lat' dir='ltr'>Pulman.</span> <span class='ocrx_word' id='word_1_244' title='bbox 1128 2347 1234 2385; x_wconf 82' lang='lat' dir='ltr'>Lang.</span> <span class='ocrx_word' id='word_1_245' title='bbox 1253 2349 1288 2376; x_wconf 88' lang='lat' dir='ltr'>et</span> <span class='ocrx_word' id='word_1_246' title='bbox 1303 2344 1432 2384; x_wconf 77' lang='lat' dir='ltr'>Delph.</span> <span class='ocrx_word' id='word_1_247' title='bbox 1480 2344 1566 2379; x_wconf 75' lang='lat' dir='ltr'>Quid</span> <span class='ocrx_word' id='word_1_248' title='bbox 1579 2347 1612 2375; x_wconf 81' lang='lat' dir='ltr'>te</span> 
     </span>
     <span class='ocr_line' id='line_1_35' title="bbox 144 2386 1611 2429; baseline -0.004 -7"><span class='ocrx_word' id='word_1_249' title='bbox 144 2395 191 2423; x_wconf 83' lang='lat' dir='ltr'>tot</span> <span class='ocrx_word' id='word_1_250' title='bbox 200 2392 319 2423; x_wconf 77' lang='lat' dir='ltr'>donzini</span> <span class='ocrx_word' id='word_1_251' title='bbox 331 2393 439 2424; x_wconf 86' lang='lat' dir='ltr'>codex</span> <span class='ocrx_word' id='word_1_252' title='bbox 454 2394 681 2424; x_wconf 83' lang='lat' dir='ltr'>Florentinus.</span> <span class='ocrx_word' id='word_1_253' title='bbox 729 2393 813 2429; x_wconf 82' lang='lat' dir='ltr'>Quid</span> <span class='ocrx_word' id='word_1_254' title='bbox 825 2395 859 2422; x_wconf 81' lang='lat' dir='ltr'>tu</span> <span class='ocrx_word' id='word_1_255' title='bbox 870 2395 916 2422; x_wconf 86' lang='lat' dir='ltr'>tot</span> <span class='ocrx_word' id='word_1_256' title='bbox 935 2391 1052 2422; x_wconf 79' lang='lat' dir='ltr'>domini</span> <span class='ocrx_word' id='word_1_257' title='bbox 1066 2391 1098 2420; x_wconf 93' lang='lat' dir='ltr'>in</span> <span class='ocrx_word' id='word_1_258' title='bbox 1115 2389 1251 2429; x_wconf 79' lang='lat' dir='ltr'>optimis</span> <span class='ocrx_word' id='word_1_259' title='bbox 1268 2388 1383 2424; x_wconf 85' lang='lat' dir='ltr'>libris;</span> <span class='ocrx_word' id='word_1_260' title='bbox 1408 2386 1498 2417; x_wconf 91' lang='lat' dir='ltr'>unde</span> <span class='ocrx_word' id='word_1_261' title='bbox 1515 2391 1611 2417; x_wconf 89' lang='lat' dir='ltr'>recte</span> 
     </span>
     <span class='ocr_line' id='line_1_36' title="bbox 145 2429 1610 2476; baseline -0.004 -11"><span class='ocrx_word' id='word_1_262' title='bbox 145 2436 333 2466; x_wconf 78' lang='lat' dir='ltr'>Gruterus:</span> <span class='ocrx_word' id='word_1_263' title='bbox 360 2435 468 2473; x_wconf 71' lang='lat' dir='ltr'>Quid?</span> <span class='ocrx_word' id='word_1_264' title='bbox 492 2441 526 2467; x_wconf 76' lang='lat' dir='ltr'>ta</span> <span class='ocrx_word' id='word_1_265' title='bbox 541 2440 587 2467; x_wconf 89' lang='lat' dir='ltr'>tot</span> <span class='ocrx_word' id='word_1_266' title='bbox 599 2436 732 2475; x_wconf 83' lang='lat' dir='ltr'>domini,</span> <span class='ocrx_word' id='word_1_267' title='bbox 750 2435 972 2476; x_wconf 80' lang='lat' dir='ltr'>probantibus</span> <span class='ocrx_word' id='word_1_268' title='bbox 992 2433 1179 2474; x_wconf 82' lang='lat' dir='ltr'>Rutgersio</span> <span class='ocrx_word' id='word_1_269' title='bbox 1201 2438 1236 2462; x_wconf 89' lang='lat' dir='ltr'>et</span> <span class='ocrx_word' id='word_1_270' title='bbox 1253 2429 1442 2462; x_wconf 89' lang='lat' dir='ltr'>Gronovio.</span> <span class='ocrx_word' id='word_1_271' title='bbox 1489 2430 1610 2469; x_wconf 78' lang='lat' dir='ltr'>Ecquid</span> 
     </span>
     <span class='ocr_line' id='line_1_37' title="bbox 143 2472 1610 2511; baseline -0.004 -3"><span class='ocrx_word' id='word_1_272' title='bbox 143 2481 190 2508; x_wconf 86' lang='lat' dir='ltr'>tot</span> <span class='ocrx_word' id='word_1_273' title='bbox 220 2479 336 2510; x_wconf 86' lang='lat' dir='ltr'>domini</span> <span class='ocrx_word' id='word_1_274' title='bbox 361 2479 631 2511; x_wconf 85' lang='lat' dir='ltr'>Seriverius.—-9</span> <span class='ocrx_word' id='word_1_275' title='bbox 657 2478 848 2511; x_wconf 80' lang='lat' dir='ltr'>Neronianis</span> <span class='ocrx_word' id='word_1_276' title='bbox 872 2476 1083 2508; x_wconf 88' lang='lat' dir='ltr'>Beverlandi</span> <span class='ocrx_word' id='word_1_277' title='bbox 1100 2476 1256 2508; x_wconf 84' lang='lat' dir='ltr'>Ms.-10</span> <span class='ocrx_word' id='word_1_278' title='bbox 1281 2473 1401 2506; x_wconf 87' lang='lat' dir='ltr'>Codex</span> <span class='ocrx_word' id='word_1_279' title='bbox 1417 2472 1610 2511; x_wconf 85' lang='lat' dir='ltr'>Pulmanni,</span> 
     </span>
    </p>
   </div>
   <div class='ocr_carea' id='block_1_12' title="bbox 145 2521 947 2595">
    <p class='ocr_par' dir='ltr' id='par_1_20' title="bbox 145 2521 947 2595">
     <span class='ocr_line' id='line_1_38' title="bbox 145 2521 270 2553; baseline 0.016 -2"><span class='ocrx_word' id='word_1_280' title='bbox 145 2521 270 2553; x_wconf 79' lang='lat' dir='ltr'>cinoede.</span> 
     </span>
     <span class='ocr_line' id='line_1_39' title="bbox 802 2563 947 2595; baseline -0.007 0"><span class='ocrx_word' id='word_1_281' title='bbox 802 2564 833 2595; x_wconf 97' lang='lat' dir='ltr'>N</span> <span class='ocrx_word' id='word_1_282' title='bbox 840 2563 947 2595; x_wconf 84' lang='lat' dir='ltr'>OTAE</span> 
     </span>
    </p>
   </div>
   <div class='ocr_carea' id='block_1_13' title="bbox 143 2621 1608 2862">
    <p class='ocr_par' dir='ltr' id='par_1_21' title="bbox 143 2621 1608 2862">
     <span class='ocr_line' id='line_1_40' title="bbox 187 2621 1608 2671; baseline -0.004 -12"><span class='ocrx_word' id='word_1_283' title='bbox 187 2631 207 2659; x_wconf 85' lang='lat'>2</span> <span class='ocrx_word' id='word_1_284' title='bbox 236 2628 279 2659; x_wconf 85' lang='lat' dir='ltr'>Ut</span> <span class='ocrx_word' id='word_1_285' title='bbox 292 2629 343 2659; x_wconf 83' lang='lat' dir='ltr'>vir</span> <span class='ocrx_word' id='word_1_286' title='bbox 360 2629 525 2670; x_wconf 82' lang='lat' dir='ltr'>pessimus]</span> <span class='ocrx_word' id='word_1_287' title='bbox 550 2631 606 2661; x_wconf 85' lang='lat' dir='ltr'>De</span> <span class='ocrx_word' id='word_1_288' title='bbox 624 2639 690 2671; x_wconf 93' lang='lat' dir='ltr'>quo</span> <span class='ocrx_word' id='word_1_289' title='bbox 706 2628 844 2660; x_wconf 88' lang='lat' dir='ltr'>homine</span> <span class='ocrx_word' id='word_1_290' title='bbox 943 2631 962 2659; x_wconf 84' lang='lat'><strong>7</strong></span> <span class='ocrx_word' id='word_1_291' title='bbox 988 2625 1178 2665; x_wconf 81' lang='lat' dir='ltr'>Rancidnlo]</span> <span class='ocrx_word' id='word_1_292' title='bbox 1225 2623 1430 2663; x_wconf 84' lang='lat' dir='ltr'>Metaphora</span> <span class='ocrx_word' id='word_1_293' title='bbox 1459 2621 1562 2653; x_wconf 87' lang='lat' dir='ltr'>ducta</span> <span class='ocrx_word' id='word_1_294' title='bbox 1588 2633 1608 2654; x_wconf 86' lang='lat' dir='ltr'>a</span> 
     </span>
     <span class='ocr_line' id='line_1_41' title="bbox 144 2677 1606 2720; baseline -0.005 -9"><span class='ocrx_word' id='word_1_295' title='bbox 144 2678 371 2719; x_wconf 82' lang='lat' dir='ltr'>impurissimo</span> <span class='ocrx_word' id='word_1_296' title='bbox 385 2680 512 2711; x_wconf 83' lang='lat' dir='ltr'>dictum</span> <span class='ocrx_word' id='word_1_297' title='bbox 531 2680 586 2711; x_wconf 88' lang='lat' dir='ltr'>lib.</span> <span class='ocrx_word' id='word_1_298' title='bbox 605 2690 654 2711; x_wconf 84' lang='grc' dir='ltr'>ιν.</span> <span class='ocrx_word' id='word_1_299' title='bbox 679 2681 780 2720; x_wconf 84' lang='lat' dir='ltr'>Epig.</span> <span class='ocrx_word' id='word_1_300' title='bbox 793 2683 845 2713; x_wconf 83' lang='lat'>39.</span> <span class='ocrx_word' id='word_1_301' title='bbox 901 2679 979 2710; x_wconf 90' lang='lat' dir='ltr'>cibo</span> <span class='ocrx_word' id='word_1_302' title='bbox 996 2678 1115 2709; x_wconf 85' lang='lat' dir='ltr'>vitiato</span> <span class='ocrx_word' id='word_1_303' title='bbox 1137 2677 1221 2717; x_wconf 85' lang='lat' dir='ltr'>jam,</span> <span class='ocrx_word' id='word_1_304' title='bbox 1238 2679 1274 2706; x_wconf 89' lang='lat' dir='ltr'>et</span> <span class='ocrx_word' id='word_1_305' title='bbox 1296 2682 1405 2714; x_wconf 88' lang='lat' dir='ltr'>prope</span> <span class='ocrx_word' id='word_1_306' title='bbox 1427 2677 1606 2713; x_wconf 87' lang='lat' dir='ltr'>corrupto.</span> 
     </span>
     <span class='ocr_line' id='line_1_42' title="bbox 143 2723 1604 2772; baseline -0.006 -11"><span class='ocrx_word' id='word_1_307' title='bbox 143 2730 228 2761; x_wconf 88' lang='lat' dir='ltr'>licet</span> <span class='ocrx_word' id='word_1_308' title='bbox 243 2729 510 2769; x_wconf 84' lang='lat' dir='ltr'>improbissimus</span> <span class='ocrx_word' id='word_1_309' title='bbox 526 2731 559 2761; x_wconf 89' lang='lat' dir='ltr'>in</span> <span class='ocrx_word' id='word_1_310' title='bbox 577 2731 720 2772; x_wconf 86' lang='lat' dir='ltr'>gratiam</span> <span class='ocrx_word' id='word_1_311' title='bbox 739 2740 845 2771; x_wconf 86' lang='lat' dir='ltr'>popu·</span> <span class='ocrx_word' id='word_1_312' title='bbox 902 2729 1110 2760; x_wconf 82' lang='lat' dir='ltr'>Rancidulum</span> <span class='ocrx_word' id='word_1_313' title='bbox 1126 2726 1224 2765; x_wconf 86' lang='lat' dir='ltr'>dixit,</span> <span class='ocrx_word' id='word_1_314' title='bbox 1240 2725 1302 2756; x_wconf 90' lang='lat' dir='ltr'>hoc</span> <span class='ocrx_word' id='word_1_315' title='bbox 1320 2728 1385 2763; x_wconf 82' lang='lat' dir='ltr'>est,</span> <span class='ocrx_word' id='word_1_316' title='bbox 1396 2732 1431 2753; x_wconf 90' lang='lat' dir='ltr'>os</span> <span class='ocrx_word' id='word_1_317' title='bbox 1447 2723 1604 2763; x_wconf 81' lang='lat' dir='ltr'>putidum</span> 
     </span>
     <span class='ocr_line' id='line_1_43' title="bbox 144 2772 1605 2820; baseline -0.005 -9"><span class='ocrx_word' id='word_1_318' title='bbox 144 2781 180 2820; x_wconf 86' lang='lat' dir='ltr'>li,</span> <span class='ocrx_word' id='word_1_319' title='bbox 196 2784 232 2811; x_wconf 87' lang='lat' dir='ltr'>ut</span> <span class='ocrx_word' id='word_1_320' title='bbox 242 2780 336 2811; x_wconf 88' lang='lat' dir='ltr'>Nero</span> <span class='ocrx_word' id='word_1_321' title='bbox 349 2780 509 2820; x_wconf 82' lang='lat' dir='ltr'>thermas,</span> <span class='ocrx_word' id='word_1_322' title='bbox 523 2781 571 2812; x_wconf 86' lang='lat' dir='ltr'>sic</span> <span class='ocrx_word' id='word_1_323' title='bbox 588 2781 645 2812; x_wconf 87' lang='lat' dir='ltr'>ille</span> <span class='ocrx_word' id='word_1_324' title='bbox 656 2781 777 2813; x_wconf 81' lang='lat' dir='ltr'>balnea</span> <span class='ocrx_word' id='word_1_325' title='bbox 790 2790 847 2812; x_wconf 82' lang='lat' dir='ltr'>ex·</span> <span class='ocrx_word' id='word_1_326' title='bbox 902 2784 938 2810; x_wconf 91' lang='lat' dir='ltr'>et</span> <span class='ocrx_word' id='word_1_327' title='bbox 953 2782 1151 2819; x_wconf 84' lang='lat' dir='ltr'>corruptum</span> <span class='ocrx_word' id='word_1_328' title='bbox 1174 2773 1350 2807; x_wconf 78' lang='lat' dir='ltr'>calumniis</span> <span class='ocrx_word' id='word_1_329' title='bbox 1367 2777 1471 2815; x_wconf 87' lang='lat' dir='ltr'>atque</span> <span class='ocrx_word' id='word_1_330' title='bbox 1488 2772 1605 2804; x_wconf 85' lang='lat' dir='ltr'>adula-</span> 
     </span>
     <span class='ocr_line' id='line_1_44' title="bbox 145 2829 1065 2862; baseline -0.002 0"><span class='ocrx_word' id='word_1_331' title='bbox 145 2830 272 2862; x_wconf 78' lang='lat' dir='ltr'>struxit</span> <span class='ocrx_word' id='word_1_332' title='bbox 287 2829 506 2862; x_wconf 81' lang='lat' dir='ltr'>nobilissima.</span> <span class='ocrx_word' id='word_1_333' title='bbox 903 2829 1065 2862; x_wconf 72' lang='lat' dir='ltr'>tionibus.</span> 
     </span>
    </p>
   </div>
  </div>
 </body>
</html>
