1893 3225
521 631 619 688 Μ.
679 631 886 689 VAL.
950 632 1448 694 MARTIALIS

258 829 1711 911 EPIGRAMMATUM

798 1054 1019 1104 LIBER
1058 1056 1162 1103 XI.

973 1380 1009 1421 Ι.

828 1480 895 1509 AD
933 1481 1143 1511 LIBRUM.

363 1541 493 1600 QUO
519 1560 582 1604 tu,
604 1567 711 1608 quo,
733 1555 844 1596 liber
864 1555 1025 1605 otiose,
1048 1555 1208 1605 tendis,

362 1624 522 1666 Cultus
549 1623 742 1665 Sindone
765 1637 854 1664 non
874 1623 1169 1678 quotidiana?

366 1693 604 1746 Numquid
625 1691 912 1732 Parthenium
933 1691 1115 1733 videre?
1147 1695 1281 1732 certe.

360 1760 535 1810 Vadas,
556 1765 598 1800 et
618 1759 770 1800 redeas
792 1759 1062 1800 inevolutus.

359 1828 523 1869 Libros
546 1840 627 1868 non
649 1827 759 1879 legit
779 1826 866 1876 ille,
890 1826 970 1867 sed
986 1825 1189 1867 libellos:
1682 1825 1711 1866 5

293 1949 324 1979 0
341 1949 418 1981 liber
433 1951 540 1989 otiose,
554 1961 610 1990 quo
626 1954 661 1981 tu
685 1950 773 1980 vadis
789 1953 918 1981 ornatus
932 1951 1056 1981 sindone
1072 1960 1134 1981 non
1148 1948 1302 1988 vulgari?
1330 1950 1439 1980 Nonne
1462 1950 1583 1980 conaris
1606 1950 1710 1981 videre

248 1992 486 2026 Parthenium?
511 1994 588 2033 Eas,
603 1997 633 2025 et
649 1994 818 2024 revertaris
828 2004 888 2024 non
903 1994 1090 2034 explicatus.
1126 1993 1186 2024 Ille
1202 2003 1264 2023 non
1280 1993 1390 2023 evolvit
1408 1992 1513 2031 libros,
1529 1995 1582 2024 sed
1597 1994 1712 2024 libellos

861 2087 1096 2099 nomme

285 2147 304 2174 2
329 2144 418 2174 Sind-
436 2144 523 2175 vide.
546 2144 627 2175 Var.
645 2144 727 2175 Not.
745 2144 786 2175 ad
804 2153 844 2175 11.
869 2146 919 2174 16.
934 2146 1030 2174 3.—3
1054 2143 1111 2174 S²c
1135 2143 1247 2174 Palat.
1294 2143 1465 2174 Punctum
1482 2143 1523 2174 ad
1546 2142 1602 2174 fin.
1634 2153 1709 2174 ver-

244 2197 299 2218 sus
314 2187 442 2217 omittit
458 2187 511 2219 ed.
528 2188 632 2219 Barb.
685 2188 797 2218 Videre
814 2185 939 2217 tentas?
964 2186 1042 2217 edd.
1069 2190 1152 2217 vett.
1175 2192 1210 2217 et
1225 2187 1441 2217 Parnm—4
1464 2187 1519 2217 Sic
1533 2187 1607 2217 cod.
1627 2187 1707 2217 Pu!-

246 2231 384 2303 {¹2:1¹5ss
410 2240 484 2271 quae
510 2240 594 2271 pura
610 2235 707 2271 puta,
730 2231 777 2261 ait
806 2230 876 2269 iile,
902 2230 1006 2261 lectio
1035 2234 1097 2261 est.
1143 2230 1336 2261 Irrecolutus
1367 2229 1446 2260 edd.
1471 2235 1556 2260 vett.
1581 2235 1617 2260 et
1641 2230 1706 2261 Ms.

905 2326 1063 2358 NOTAE-

288 2404 303 2432 1
329 2401 423 2432 Liber
438 2402 548 2442 otiose]
574 2403 663 2435 Quia
676 2403 849 2435 absolutus
862 2407 948 2442 erat,
1004 2402 1092 2442 perii
1118 2402 1256 2441 Nervae,
1280 2401 1333 2432 hic
1350 2411 1430 2432 vero
1446 2401 1532 2432 liber
1548 2401 1580 2431 in
1595 2401 1706 2432 lucem

244 2456 347 2492 atque
365 2452 415 2482 ita
431 2452 520 2483 domi
538 2454 677 2484 otiosus.
1003 2452 1182 2494 prodierit,
1199 2453 1390 2493 imperante
1407 2451 1566 2492 Trnjano,
1592 2451 1707 2483 dicen-

286 2505 305 2532 2
332 2502 443 2534 Cultus
474 2502 626 2544 Sindone]
655 2504 732 2534 Hoc
767 2508 831 2543 est,
868 2513 946 2544 pur·
1002 2503 1082 2534 dum
1098 2502 1179 2534 mihi
1202 2502 1352 2542 videtur,
1375 2503 1464 2533 hunc
1488 2502 1611 2533 librum
1631 2503 1706 2534 vivo

242 2563 330 2594 pura
353 2554 537 2585 involutus.
583 2555 672 2585 Vide
691 2554 789 2595 Epig.
816 2557 870 2586 42.
888 2554 945 2586 lib.
1001 2553 1189 2584 Parthenio
1211 2553 1421 2593 inchoatum,
1437 2558 1471 2584 et
1496 2558 1630 2584 mortuo
1649 2553 1707 2584 ab·

243 2612 299 2634 111.
324 2608 359 2635 et
390 2604 490 2644 Epig.
518 2607 549 2634 6.
572 2604 631 2635 lib.
659 2613 691 2636 v.
709 2610 745 2635 et
768 2604 868 2645 Epig.
893 2607 946 2635 45.
1001 2604 1148 2635 solutum
1181 2608 1286 2644 atque
1329 2602 1482 2642 editun13
1520 2604 1587 2634 nisi
1610 2603 1704 2634 dicas

243 2653 300 2684 lib.
330 2664 379 2685 1v.
398 2655 455 2685 ubi
471 2654 602 2695 egimus
620 2655 661 2684 de
680 2655 866 2686 Parthenio
890 2655 947 2695 qui
1003 2654 1169 2685 rationem
1195 2657 1386 2694 temporum
1409 2655 1443 2685 in
1472 2654 1705 2695 Epigramma-

242 2704 436 2736 Domitiano
470 2711 545 2736 erat
578 2714 598 2736 a
634 2704 801 2736 cubiculo.
860 2705 945 2736 Cum
1004 2709 1074 2736 tum
1092 2704 1221 2735 librisa
1237 2705 1348 2736 Possta
1360 2703 1463 2736 fuisse
1477 2706 1681 2745 neglectam.

243 2760 367 2795 autem,
398 2760 489 2787 teste
516 2755 658 2787 Aurelio
686 2756 839 2795 Victore,
863 2756 945 2787 Par·
1046 2758 1065 2786 4
1090 2755 1281 2797 Inevolutus]
1303 2755 1380 2786 Hoc
1408 2761 1473 2790 est,
1499 2766 1566 2787 non
1583 2756 1703 2787 lectus.

241 2806 375 2838 thenius
401 2805 605 2838 interfectus
631 2806 734 2838 fuerit
759 2807 853 2838 initio
884 2807 942 2838 im-
1003 2806 1273 2839 Aliiirrevolutus
1285 2808 1703 2848 coutralegemcarminis.
