1893 3225
214 223 303 263 774
693 235 742 263 m.
775 234 888 264 VAL.
922 234 1202 264 MAuTmms

219 326 352 367 Nunc
373 327 429 367 ad
451 327 679 368 luciferam
704 329 850 380 signat
869 342 969 370 mea
989 343 1161 382 gemina
1183 330 1373 371 Dianam
1392 345 1401 371 :

278 393 409 434 Nunc
430 408 499 434 me
521 396 661 447 prima
683 397 784 445 sibi,
806 410 921 438 nunc
945 398 1030 438 sibi
1053 399 1204 451 quinta
1222 399 1349 452 rapit.

219 460 355 501 Nunc
378 462 546 511 consul,
569 468 787 516 praetorve
808 469 938 514 tenet,
961 465 1236 518 reducesque
1257 467 1452 508 choreae:

276 528 469 569 Auditur
488 534 577 570 toto
598 543 718 584 saepe
741 531 873 583 poeta
894 532 979 572 die.

1619 536 1673 575 10

219 595 310 636 Sed
329 609 411 636 nec
432 597 661 639 causidico
683 600 829 652 possis
850 600 1029 652 impune
1051 614 1223 654 negare,

279 664 376 706 Nec
399 666 437 705 si
457 670 496 707 te
516 666 675 716 rhetor,
695 670 1063 717 grammaticusve
1083 675 1260 722 rogent:

224 731 391 772 Balnea
410 738 514 786 post
535 734 749 774 decimam
769 735 904 784 lasso,
929 740 1187 790 centumque
1204 742 1407 790 petuntur

280 799 576 849 Quadrantes.

638 801 735 842 Fiet
756 803 950 856 quando,
974 804 1135 853 Potite,
1157 805 1266 846 liber
1283 807 1300 845 ’ἲ

222 920 268 949 lus
283 929 353 950 vero
378 921 468 960 mihi,
490 931 509 952 o
529 922 645 952 Potite.
694 923 787 953 Nunc
813 934 878 954 mea
899 933 1020 961 gemma
1045 923 1152 961 signat
1173 925 1212 954 ad
1235 924 1396 962 luciferam
1422 925 1568 962 Dianam,
1594 935 1674 955 nunc

219 963 324 1001 prima
340 963 423 994 hora
443 975 490 995 me
504 965 600 1004 rapit,
614 975 693 995 nuuc
709 966 830 1005 quinta.
878 967 970 997 Nunc
986 967 1099 997 Consul
1114 970 1167 996 aut
1185 968 1307 998 Proetor
1321 971 1471 1003 moratur,
1485 971 1540 998 aut
1556 969 1681 998 reduces

225 1005 364 1036 choreae:
386 1016 466 1046 soepe
479 1008 571 1047 poeta
591 1008 719 1038 auditur
739 1009 833 1039 solido
849 1010 910 1040 die.
957 1009 1018 1039 Sea
1033 1020 1088 1040 'nec
1113 1013 1179 1039 tuto
1193 1011 1292 1050 possis
1312 1020 1426 1048 negare
1446 1011 1610 1047 εαιιείάίσο,
1626 1020 1680 1041 nec

223 1047 251 1077 sz'
279 1048 386 1078 rhetor
411 1054 466 1080 aut
489 1051 713 1088 grammaticus
740 1055 769 1081 te
788 1055 918 1090 rogent.-
940 1056 1007 1091 post
1030 1053 1178 1082 decimam
1203 1052 1395 1093 defatigatus
1414 1056 1485 1093 peto
1511 1053 1629 1093 balnea,
1650 1056 1680 1083 et

223 1094 348 1121 centum
363 1093 562 1131 quadrantes,
608 1093 639 1123 O
658 1094 775 1133 Potite,
789 1096 908 1135 quando
923 1099 1120 1135 componetur
1131 1094 1234 1126 liber?

879 1175 1018 1206 NOTAE

267 1246 285 1274 7
312 1244 467 1287 Num-ad]
490 1247 564 1286 Ego
580 1252 718 1288 rogatus
733 1249 847 1279 annuli
860 1249 925 1280 mei

225 1304 358 1335 gemina
383 1295 478 1335 signo
508 1302 730 1337 testamenta,
757 1304 816 1328 aut
842 1299 925 1329 alias

225 1347 372 1386 tabulas,
388 1348 422 1378 in
437 1353 551 1379 monte
579 1348 760 1387 Aventino,
785 1349 842 1380 ubi
861 1350 927 1379 Lu-

225 1398 304 1428 cina
318 1407 378 1429 seu
394 1398 506 1429 Diana
519 1399 655 1436 colitur,
679 1410 754 1440 quae
766 1399 928 1431 Lucifera

224 1447 362 1487 dicitur,
379 1448 468 1489 quod
484 1450 702 1481 nascentibus
728 1452 860 1490 praesit,
875 1451 927 1481 vel

226 1499 317 1539 quod
344 1499 414 1530 illic
443 1510 506 1530 una
530 1511 605 1531 cum
625 1501 783 1532 Lucifero
800 1502 928 1532 colere-

225 1553 294 1587 tur,
307 1554 345 1579 ut
362 1549 409 1579 ait
432 1549 618 1581 Domitius.

270 1602 289 1630 8
314 1599 406 1630 Nunc
421 1610 467 1631 me
481 1601 598 1641 prima]
622 1602 677 1633 De
693 1603 784 1633 horis
799 1601 926 1634 dictum

226 1652 327 1692 Epig.
343 1655 374 1683 8.
392 1652 450 1682 lib.
467 1661 521 1683 1v.

270 1705 290 1733 9
315 1703 406 1733 Nunc
435 1703 553 1743 consul]
577 1704 686 1736 Quem
710 1706 867 1745 comitor,
896 1711 930 1737 et

227 1752 364 1784 domum
380 1752 524 1785 deduco.
558 1754 622 1785 Vel
643 1754 796 1795 intellige
811 1766 930 1787 causas

228 1802 383 1834 forenses
400 1803 588 1844 etjudicia,
601 1805 723 1845 quibus
747 1806 929 1847 aliquando

227 1852 317 1884 forte
331 1853 565 1893 occupabatur
582 1854 701 1885 Poeta.

273 1905 473 1945 Reducesque
507 1904 639 1944 choreae]
671 1904 725 1936 An
764 1905 930 1937 reducen-

229 1955 311 1986 tium
329 1955 513 1995 patronos?
547 1955 599 1986 An
625 1956 840 1988 sacerdotum
868 1957 930 1988 Isi·

984 1248 1048 1288 dis,
1062 1254 1098 1279 ut
1112 1259 1215 1289 supra
1233 1249 1332 1290 Epig.
1349 1251 1424 1282 4S.?
1471 1250 1524 1281 An
1546 1251 1682 1282 histrio-

982 1308 1060 1330 num
1086 1300 1140 1330 vel
1163 1300 1475 1332 saltatricularum?
1520 1301 1577 1333 Sic
1602 1302 1683 1332 Far-

983 1351 1113 1382 nabius.

1027 1405 1066 1432 10
1090 1402 1228 1433 Auditur
1251 1402 1347 1443 scepe]
1370 1403 1546 1435 ,Iuvenalis
1569 1403 1639 1434 Sat.
1659 1412 1683 1433 1.

985 1452 994 1468 ⁶
1020 1452 1162 1492 Semper
1178 1462 1243 1493 ego
1261 1452 1397 1484 auditor
1413 1452 1569 1492 tantum‚'
1585 1456 1649 1483 διε.

1027 1506 1063 1533 11
1097 1503 1164 1533 Nec
1189 1503 1358 1542 causidico]
1385 1502 1571 1540 Causidici,
1593 1507 1683 1533 utet

984 1553 1138 1584 rhetores
1167 1559 1202 1584 et
1227 1553 1452 1593 grammatici,
1478 1553 1685 1584 recitabant.

983 1604 1112 1634 Plinius
1125 1604 1182 1635 lib.
1196 1614 1229 1636 v.
1247 1604 1358 1644 Epist.
1374 1607 1405 1635 3.

1029 1658 1068 1685 13
1093 1655 1216 1685 Balnea
1241 1655 1325 1695 post]
1350 1654 1434 1685 Cum
1462 1658 1575 1684 tamen
1604 1654 1685 1685 liora

986 1709 1111 1735 octava
1133 1710 1190 1735 aut
1213 1714 1303 1734 nona
1329 1704 1440 1734 lavare
1456 1703 1603 1734 solerent
1618 1704 1685 1734 Ro-

986 1756 1092 1793 mani;
1115 1755 1173 1786 sed
1196 1755 1364 1785 Martialis
1397 1754 1541 1793 negotiis
1564 1759 1598 1784 et
1615 1753 1686 1785 offi-

985 1806 1046 1836 ciis
1074 1805 1207 1836 urbanis
1236 1804 1421 1844 impeditus·
1452 1813 1516 1834 non
1548 1804 1685 1836 lavabat

984 1857 1050 1887 nisi
1077 1856 1223 1894 decima,
1239 1865 1303 1896 qna
1321 1859 1356 1885 et
1373 1855 1560 1895 sportulam
1588 1861 1685 1895 pete-

984 1907 1043 1938 bat
1064 1918 1071 1937 :
1099 1907 1197 1947 Epig.
1214 1909 1267 1937 60.
1295 1906 1354 1937 lib.
1372 1916 1395 1937 1.
1440 1908 1449 1923 ‘
1467 1907 1538 1937 Dat
1559 1907 1685 1938 Baiana

984 1958 1064 1989 mihi
1078 1957 1284 1999 quadrantes
1298 1958 1450 1999 sportula
1465 1960 1623 1989 centnm?

861 2100 1049 2143 LXXI.

805 2189 867 2218 DF,
902 2190 1125 2220 RABtRIO.

232 2252 478 2303 QmsQuns
501 2255 608 2298 laeta
628 2256 716 2297 tuis
738 2260 780 2298 et
799 2270 895 2299 sera
915 2259 1171 2312 parentibus
1193 2263 1319 2311 optas

290 2321 418 2370 Fata,
440 2323 618 2364 brevem
637 2325 812 2365 titulum
833 2326 1060 2366 marmoris
1082 2325 1213 2379 hujus
1234 2338 1346 2367 ama.

235 2387 446 2430 Condidit
464 2389 547 2430 hac
568 2404 696 2432 caras
719 2391 873 2432 tellure
895 2391 1108 2433 Rabirius
1130 2393 1332 2434 umbras:

293 2455 420 2497 Nulli
443 2463 562 2498 sorte
578 2458 730 2511 jacent
752 2459 1003 2501 candidiore
1024 2473 1171 2501 senes.

277 2566 322 2597 Tu
337 2567 472 2608 quisquis
486 2571 573 2608 optas
590 2569 721 2607 felicem
746 2573 775 2601 et
798 2570 919 2600 tardam
936 2573 1065 2601 mortem
1081 2570 1144 2600 tuis
1157 2569 1349 2610 parentibus,
1372 2570 1468 2610 dilige
1494 2570 1613 2601 bret-em
1638 2570 1685 2600 in-

232 2610 431 2650 scriptionem
450 2611 540 2650 hujus
566 2613 740 2643 marmoris.
786 2612 938 2643 Rabirius
959 2613 1095 2644 condidit
1122 2613 1179 2644 liae
1203 2613 1311 2644 tellure
1326 2623 1414 2644 caras
1439 2613 1561 2645 umbras
1570 2623 1582 2650 ,·
1604 2612 1685 2643 nulli

888 2693 1026 2725 NOTAE

278 2760 297 2788 3
324 2756 488 2797 Rabirius]
511 2757 701 2789 Domitiani
727 2758 944 2799 architectus,
968 2758 1011 2790 de
1024 2769 1089 2801 quo
1107 2759 1208 2801 Epig.
1225 2762 1277 2792 56.
1291 2760 1352 2792 lib·
1367 2769 1431 2792 vn.
