1893 3225
299 204 385 244 610
780 213 830 243 M.
865 213 976 244 vm..
1011 212 1287 244 MARTmms

301 311 473 352 Tantus
494 310 537 350 in
560 309 764 351 Ausonia
784 309 961 350 fremuit
982 309 1114 350 modo
1137 312 1272 350 terror
1293 320 1438 349 arena.
1741 310 1770 349 5

361 378 477 429 Quis
498 391 587 419 non
606 391 705 419 esse
727 390 899 432 gregem
918 376 1142 418 crederet?
1175 389 1289 416 unus
1311 382 1429 417 erat:

303 447 391 488 Sed
412 447 542 501 cujus
563 450 791 488 tremerent
812 446 899 500 ipsi
921 459 1097 499 quoque
1112 445 1216 499 Jura
1237 445 1406 495 leones,

361 516 446 557 Cui
465 516 673 557 diadema
694 515 819 556 daret
838 527 1052 556 marmore
1076 514 1198 568 picta
1220 514 1409 555 Nomas.

304 582 342 624 O
365 588 576 638 quantum
598 597 676 638 per
698 584 814 625 colla
834 584 983 634 decus,
1005 596 1138 636 quem
1161 583 1325 636 sparsit
1345 582 1572 632 honorem,
1719 627 1721 629 ,

360 651 510 693 Aurea
530 652 692 693 lunatae
714 665 815 692 cum
837 651 957 692 stetit
979 651 1130 691 umbra
1145 650 1270 704 jubae
1291 650 1299 690 !
1715 649 1770 690 10

303 718 501 760 Grandia
523 733 657 774 quam
679 720 828 761 decuit
848 720 988 761 latum
1010 720 1229 760 venabula
1250 723 1422 772 pectus,

362 787 635 842 Quantaque
656 788 711 847 de
731 801 892 841 magna
913 788 1075 841 gaudia
1096 792 1239 829 morte
1262 787 1386 828 tulit!

303 855 431 897 Unde
454 857 556 906 tuis,
578 857 736 910 Libye,
756 860 847 897 tam
867 856 977 897 felix
995 856 1140 908 gloria
1159 855 1299 909 sylvis
1317 856 1334 895 Ῥ

359 923 402 965 Α
425 925 614 979 Cybeles
634 924 847 978 numquid
871 928 1047 965 venerat
1067 924 1142 964 ille
1156 924 1275 978 jugis
1292 924 1310 964 ‘2

304 991 374 1032 An
396 994 536 1046 magis
560 992 804 1042 Herculem
829 991 1108 1042 Germanice,
1130 992 1252 1032 misit
1273 992 1328 1032 ab
1352 995 1469 1033 astro
1713 991 1769 1032 15

365 1060 499 1102 Hanc
522 1062 602 1102 tibi
624 1062 694 1102 vel
715 1061 864 1110 frater,
887 1061 955 1102 vel
976 1064 1102 1114 pater
1121 1060 1220 1115 ipse
1241 1060 1411 1101 seram?

303 1180 478 1208 armentum
494 1178 534 1208 ad
549 1188 636 1209 casas
657 1179 789 1218 plenas;
809 1178 902 1217 paulo
919 1180 992 1208 <inte
1017 1179 1124 1207 tantus
1148 1181 1251 1207 terror
1268 1175 1404 1215 fremuit
1428 1177 1460 1207 iu
1487 1187 1583 1207 arena
1616 1177 1771 1209 Romana.

304 1219 385 1255 Quis
409 1230 469 1251 non
490 1224 616 1261 putaret
634 1223 737 1252 adesse
760 1231 889 1260 gregem
901 1219 916 1251 ⁸!
966 1220 1052 1251 Unus
1074 1223 1153 1250 erat.
1197 1221 1243 1250 At
1258 1221 1345 1259 cujus
1360 1220 1443 1259 leges
1455 1219 1697 1257 reformidarent
1709 1220 1771 1260 ipsi

300 1264 395 1293 etiam
411 1264 525 1302 leones,
538 1275 624 1304 quem
637 1274 741 1302 regem
764 1265 965 1294 constitueret
983 1263 1135 1294 Numidia
1148 1262 1234 1303 picta
1249 1273 1413 1294 marmore.
1462 1263 1490 1292 0
1514 1266 1663 1303 quantum
1680 1273 1770 1294 ornu-

301 1311 436 1337 mentum
450 1318 505 1346 per
520 1309 609 1346 colla,
635 1309 712 1348 quod
726 1309 818 1338 decus
835 1307 998 1346 explicuit,
1022 1316 1090 1336 cum
1114 1308 1195 1336 unda
1211 1316 1304 1336 (turm
1324 1306 1413 1345 jubae
1431 1306 1545 1336 limatoe
1562 1309 1685 1338 arrecta
1697 1310 1742 1337 est
1755 1305 1770 1336 l

301 1360 392 1389 quam
416 1359 474 1388 pm·
491 1349 562 1388 fuit
589 1351 724 1390 amplum
749 1354 855 1390 pectus
871 1350 993 1388 magnis
1009 1348 1177 1386 venabulis,
1192 1353 1221 1380 et
1244 1353 1390 1389 quantam
1403 1349 1548 1379 heticium
1563 1351 1700 1390 percepit
1719 1350 1771 1380 leo

302 1402 342 1422 ex
355 1393 508 1432 proeclam
523 1393 642 1424 morte!
689 1394 720 1424 O
736 1393 863 1432 Africa,
876 1394 955 1423 unde
971 1393 1061 1423 decus
1075 1391 1230 1430 tttnzfelisc
1246 1393 1308 1422 tuis
1317 1391 1437 1433 sylvis?
1484 1393 1644 1432 Numquid
1659 1393 1712 1423 ille
1725 1402 1774 1423 ve-

301 1439 390 1465 nerat
406 1445 444 1466 em
458 1437 610 1467 montibus
628 1437 754 1477 Cybeles
765 1436 780 1467 ⁴!
824 1436 875 1466 An
889 1436 1006 1475 potius,
1023 1446 1041 1465 0
1072 1435 1387 1474 Gemmmice,frater
1401 1439 1457 1466 aut
1471 1435 1596 1474 genitor
1613 1436 1698 1467 misit
1714 1435 1775 1466 tibi

302 1478 379 1509 lianc
389 1478 496 1517 feram
512 1481 549 1510 ab
564 1483 647 1510 astro
664 1479 825 1510 Herculis.

921 1530 1159 1542 eeeeeeeeeeee

304 1586 393 1616 ‹im-et
415 1595 568 1616 marmore
589 1586 674 1625 picta
690 1595 792 1616 comas
806 1585 839 1615 in
858 1585 959 1617 codd.
977 1586 1130 1618 Florent.
1146 1590 1181 1617 et
1197 1586 1278 1616 Vat.
1327 1586 1387 1616 Cui
1408 1585 1553 1617 diadema
1567 1587 1678 1618 durent
1692 1596 1775 1617 mar-

303 1630 489 1669 unm-apina
513 1640 614 1660 comas
637 1629 747 1660 codex
766 1629 1025 1660 Pulmanni.-9
1049 1629 1129 1659 Ald.
1161 1629 1257 1662 Junt.
1276 1629 1386 1660 Colin.
1413 1629 1545 1669 Grypli.
1570 1631 1676 1670 Lang.
1693 1629 1775 1661 Pul-

301 1681 389 1703 man.
409 1673 524 1703 Plant.
542 1673 682 1705 Junian.
701 1673 830 1712 Delph.
847 1674 913 1703 ἀρ.
937 1682 1025 1712 quem
1041 1672 1164 1712 spargit
1181 1672 1336 1703 honorem.
1362 1673 1534 1704 Gruterus
1549 1673 1632 1713 legit
1644 1672 1774 1713 sparsit,

303 1715 455 1755 loquitur
471 1716 560 1746 enini
576 1716 618 1747 de
635 1716 754 1755 rejam
771 1715 874 1746 facta.
921 1715 1009 1746 Vide
1026 1715 1121 1755 Opp.
1139 1716 1270 1755 Cyneg.
1297 1715 1356 1746 lib.
1381 1724 1436 1746 111.
1453 1726 1501 1747 vs.
1518 1719 1660 1748 37.—10
1684 1716 1774 1747 Edd-

306 1764 392 1789 vett.
408 1759 608 1797 umlujttboe;
631 1759 731 1789 codd.
747 1759 876 1789 Thuan.
894 1759 974 1789 Vat.
990 1758 1091 1789 Bodi.
1105 1758 1260 1788 Florent.
1279 1764 1314 1789 et
1331 1759 1535 1790 Pulmanni:
1560 1758 1772 1798 umbrajuba’.

305 1801 393 1831 Vide
408 1802 467 1832 lib.
486 1811 550 1833 vu.
573 1801 676 1842 Epig.
694 1804 814 1832 1.-14
839 1802 959 1832 Codex
978 1802 1182 1832 Pulmanni:
1207 1804 1335 1832 venerat
1351 1802 1404 1833 ine
1417 1802 1509 1841 ἁκεῖ).

971 1893 1115 1925 NOTAE

347 1959 366 1987 7
396 1956 463 1996 Ipsi
500 1956 629 1997 qnoque]
663 1956 741 1988 Hoc
774 1962 840 1997 est,
877 1957 1008 1988 Tantus
1109 1960 1149 1988 14
1185 1961 1214 1989 Α
1249 1958 1394 2000 Cybeles]
1438 1958 1515 1990 Hoc
1542 1964 1607 1999 cst,
1638 1960 1681 1991 ab
1708 1960 1773 1992 Ida

307 2014 382 2039 erat
398 2009 450 2038 leo
469 2009 524 2039 ille
541 2009 712 2039 exhibitus
728 2009 759 2039 in
778 2019 893 2048 arena,
911 2014 949 2040 nt
962 2009 1010 2039 in-
1067 2012 1184 2039 monte
1209 2009 1384 2049 Phrygiae,
1409 2009 1463 2040 cui
1489 2015 1617 2050 praeest
1632 2011 1775 2052 Cybele,

308 2065 359 2090 tei·
377 2059 459 2090 alios
477 2059 592 2090 leones
609 2069 669 2090 rex
687 2060 794 2091 videri
811 2064 936 2100 posset.
1066 2069 1165 2100 quam
1182 2069 1200 2090 a
1213 2065 1335 2101 quator
1352 2060 1504 2091 leonibus
1522 2061 1597 2092 vehi
1621 2060 1774 2094 fabulan-

349 2113 368 2142 8
395 2111 486 2141 Picta
504 2110 636 2150 Nomas]
660 2111 802 2143 Variato
819 2112 908 2142 enim
925 2121 1013 2143 mai·—
1069 2115 1125 2141 tur
1142 2110 1278 2142 Poetae.

307 2171 400 2193 more
417 2161 568 2192 abundat
586 2162 755 2193 Numidia.
1115 2163 1154 2191 15
1188 2162 1240 2192 An
1277 2160 1381 2200 mag-is
1418 2161 1589 2204 Herculeo]
1632 2161 1774 2196 Astrum

352 2216 372 2243 9
399 2214 427 2243 Ο
444 2212 606 2253 quantum]
634 2213 711 2244 Hoc
730 2218 911 2255 est,quani
928 2224 1017 2255 prae-
1071 2213 1282 2244 Herculeum
1298 2213 1451 2254 intellige
1474 2214 1607 2245 leonem
1625 2214 1668 2246 ab
1687 2215 1776 2247 Her-

310 2268 402 2295 stans
420 2268 495 2294 erat
507 2263 595 2304 juba
611 2268 748 2295 arrecta
765 2265 871 2296 instar
891 2265 1014 2297 mediae
1071 2265 1147 2295 cnle
1164 2263 1397 2305 interfectum,
1410 2270 1514 2306 atque
1528 2266 1616 2297 inter
1631 2267 1775 2299 Zodiaci
1836 2277 1837 2280 ’
1887 2262 1891 2281 ³

312 2316 433 2346 Lunae!
1069 2315 1164 2355 signa
1195 2315 1354 2346 relatum.
1401 2316 1476 2347 Lib.
1507 2325 1557 2348 ιν.
1590 2318 1690 2359 Epig.
1719 2322 1774 2350 57.

352 2369 390 2397 ll
417 2365 564 2396 Grandia
592 2376 683 2406 quam
717 2365 836 2406 decuit]
874 2365 1014 2407 Ingenti
1069 2365 1311 2396 Germanicum
1325 2372 1426 2397 vocat
1442 2367 1674 2399 Domitianum
1687 2369 1774 2401 ade·

308 2416 498 2448 Domitiani
512 2417 679 2448 venabulo
692 2418 852 2448 convenit
866 2422 935 2449 tam
946 2427 1014 2449 am·
1071 2416 1169 2448 victis
1187 2416 1377 2447 Germanis.

309 2468 400 2509 plum
418 2466 524 2498 leonis
543 2471 676 2506 pectus.
1112 2470 1153 2498 16
1179 2468 1272 2498 Hanc
1300 2467 1375 2508 tibi]
1402 2468 1633 2508 Vespasianus
1659 2474 1772 2512 pater,

353 2520 391 2548 12
413 2517 541 2548 Gaudia
554 2520 650 2547 morte
665 2517 756 2558 tulit]
775 2518 874 2551 Quod
890 2528 1013 2557 nempe
1069 2521 1123 2551 vel
1140 2521 1237 2551 Titus
1254 2518 1376 2560 frater,
1391 2520 1480 2552 inter
1493 2521 1589 2552 Deos
1606 2522 1720 2554 relati.

311 2569 500 2601 Domitiani
515 2578 615 2598 manu
633 2568 812 2601 ceciderit.
1614 2568 1624 2570 ”
