1893 3225
515 232 918 262 EPIGRAMMATUM
960 232 1050 261 hlss.
1084 233 1197 263 Xlli.
1505 220 1590 262 983

744 419 989 461 CXXIII.

630 510 1111 541 MASSILIANUM.

137 576 249 618 CUM
275 582 347 619 tua
371 581 576 619 centenos
592 581 814 632 expugnet
837 578 1040 631 sportula
1057 579 1196 628 cives,

198 646 365 687 Fumea,
391 646 606 687 Massiliae
628 659 792 700 ponere
816 647 917 688 vina
939 652 1081 701 potes.

163 768 261 840 ⁸lpum
275 770 329 798 lua
340 768 477 808 sportula
493 768 551 799 tibi
564 768 702 800 concilia
718 772 838 800 centum
860 769 953 809 οἰυεε,
966 773 1053 810 poles
1075 779 1226 811 apponere
1241 769 1315 801 vina
1332 769 1488 808 iufunwta
1505 767 1592 799 Mas-

142 820 168 839 Sl
183 820 232 840 lle·

746 865 981 876 eeeeeeeeeeee

180 917 373 949 Massilitan.
399 919 475 950 cod.
488 920 615 951 Thuan.
628 920 707 952 edd.
726 921 871 953 Farnab.
887 921 1059 953 Schrevel.

801 1013 942 1045 NOTAE

184 1077 198 1105 l
227 1076 305 1105 Cum
321 1076 390 1115 tua]
416 1075 493 1107 Hoc
519 1081 584 1115 est,
600 1087 676 1108 cum
700 1077 743 1108 sis
768 1082 838 1109 tam
894 1083 979 1118 gunt
995 1088 1069 1109 cum
1087 1076 1367 1118 interrogatione.
1411 1075 1477 1107 Sed
1503 1079 1602 1116 potes

138 1126 234 1156 dives
252 1131 288 1157 ut
304 1132 440 1158 centum
453 1127 596 1159 clientes
611 1129 701 1159 alere
720 1130 841 1170 possis,
895 1129 943 1159 ita
969 1129 1166 1169 explicare:
1201 1129 1285 1160 Cum
1315 1127 1437 1158 habeas
1463 1130 1601 1158 centum

140 1188 202 1210 cur
218 1178 368 1210 convivis
387 1180 528 1220 apponis
546 1181 659 1211 vinum
676 1181 841 1211 Massilia·
895 1180 1052 1220 clientes,
1076 1190 1160 1222 quos
1185 1180 1260 1219 alis,
1284 1187 1419 1220 appone
1445 1176 1528 1218 ipsis
1556 1176 1604 1207 vi-

139 1239 218 1260 num
234 1229 301 1260 vile
315 1235 348 1260 et
361 1229 585 1261 infumatum?
630 1230 787 1261 Videlib.
806 1240 844 1262 x.
898 1239 976 1261 num
993 1230 1162 1271 ingratum
1180 1230 1255 1261 vilis
1271 1229 1385 1271 pretii.

140 1279 241 1320 Epig.
260 1282 312 1311 36.
341 1279 398 1312 Sic
421 1280 691 1322 interpretantur
718 1281 773 1323 qui
799 1282 845 1313 le-

748 1438 982 1480 CXXIV.

658 1529 1091 1559 CAERETANUM.

146 1596 433 1637 CAERETANA
459 1595 616 1649 Nepos
637 1601 793 1649 ponat,
816 1596 971 1637 Setina
992 1596 1188 1650 putabis.

205 1664 312 1706 Non
334 1664 461 1718 ponit
482 1664 634 1713 turbae,
658 1677 758 1705 cum
780 1663 918 1704 tribus
940 1664 1018 1705 illa
1039 1664 1162 1705 bibit.

190 1785 290 1824 Nepos
305 1785 438 1823 apponat
457 1783 634 1821 Coeretana,
651 1780 847 1813 existimabis
862 1780 994 1811 Setina:
1018 1791 1077 1812 non
1094 1781 1221 1821 apponit
1238 1781 1291 1812 illa
1305 1780 1418 1819 turbae,
1432 1772 1522 1821 potat
1538 1791 1606 1812 cum

145 1828 244 1859 tribus
256 1827 373 1858 amicis.

803 1878 947 1909 NOTAE

189 1951 401 1991 Caeretanum]
427 1951 525 1982 Caere
552 1950 630 1982 urbs
646 1955 700 1981 est
714 1950 847 1981 Tusciae
904 1957 937 1980 x.
955 1948 1053 1989 Epig.
1068 1951 1121 1980 48.
1147 1949 1248 1988 Coere,
1262 1948 1361 1980 hodie
1382 1949 1556 1988 Cercetae,
1573 1948 1606 1979 in

143 2005 186 2035 de
200 2013 266 2045 qua
288 2003 389 2044 Epig.
405 2005 457 2033 54.
481 2011 594 2042 snpra,
622 2002 715 2042 cujus
733 2001 848 2031 vinum
903 2000 1042 2040 regione
1076 1999 1270 2040 patrimonii
1298 2000 1346 2031 D.
1363 2000 1474 2031 Petri.
1519 1999 1607 2031 Vide

145 2055 273 2093 laudat,
289 2058 323 2085 et
340 2064 416 2086 cum
442 2053 560 2085 Setino
587 2056 776 2092 comparat,
804 2051 846 2082 de
903 2051 1015 2092 Epist.
1032 2054 1085 2083 54.
1100 2060 1214 2092 supra.

145 2115 210 2147 quo
240 2105 340 2146 Epig.
370 2107 441 2135 112.
464 2113 579 2144 snpra.
627 2103 774 2143 Nepotis
799 2101 850 2132 sui
947 2106 966 2133 2
985 2103 1057 2133 Non
1072 2103 1160 2143 ponit
1176 2101 1291 2142 turboe]
1314 2101 1382 2133 Sed
1399 2100 1510 2132 nobile
1523 2100 1607 2132 iliud

145 2156 244 2188 amici
256 2157 330 2197 jam
345 2155 552 2186 mentionem
566 2153 649 2186 fecit
663 2152 775 2184 Po'eta
790 2153 851 2186 lib.
906 2153 1018 2184 vinum
1036 2152 1126 2184 bibit
1141 2162 1218 2184 cum
1232 2151 1361 2183 intimis
1374 2151 1442 2183 suis
1459 2150 1588 2183 amicis.

777 2320 988 2364 CXXV.

651 2415 727 2444 TA
752 2412 1116 2443 RENTINUM.

149 2485 359 2527 Nomms
376 2488 420 2525 et
433 2485 563 2534 lanis,
588 2488 636 2525 et
658 2483 769 2524 felix
789 2482 954 2524 vitibus
977 2481 1137 2529 Aulon,

208 2554 298 2594 Det
318 2551 514 2606 pretiosa
535 2551 614 2592 tibi
638 2551 815 2600 vellera,
838 2550 940 2591 vina
961 2549 1083 2589 mihi.

195 2669 296 2701 Aulon
310 2671 340 2699 et
354 2665 481 2699 celebris
496 2665 588 2707 lanis,
603 2668 632 2697 et
650 2665 756 2697 beatus
772 2664 900 2705 vitibus,
914 2666 1007 2696 donet
1021 2663 1080 2696 tibi
1094 2662 1231 2705 pretiosa
1247 2662 1372 2701 vellera,
1386 2659 1463 2691 mihi
1478 2658 1561 2691 cina.

762 2754 999 2767 eeeeeeeeeeee

198 2806 233 2836 T.
250 2804 351 2835 vinum
368 2802 445 2834 edd.
460 2805 543 2832 vett.
