1893 3225
264 245 350 287 548
752 253 801 283 M.
834 253 945 283 VAL.
980 250 1172 284 MART1A
1183 253 1253 283 Lis

269 352 345 393 Sic
368 350 448 392 tibi
469 350 625 391 lascivi
646 362 731 390 non
750 349 864 390 desit
885 349 1015 402 copia
1036 348 1156 399 furti,

325 418 429 459 Sive
452 418 576 471 cupis
598 417 817 471 Paphien,
835 431 914 458 seu
936 417 1200 471 Ganymede
1226 416 1346 458 cales
1369 430 1378 458 :

268 486 566 539 Maternaeque
588 486 729 526 sacris
749 490 953 526 ornentur
974 485 1198 526 frondibus
1219 484 1344 533 Idus,
1701 501 1728 528 υ

326 554 384 594 Et
404 553 549 593 senior
571 566 711 606 parca
730 553 844 593 mole
866 557 1087 606 prematur
1108 565 1241 593 avus:

268 621 405 662 Hunc
426 633 598 673 semper
620 620 831 660 Norbana
852 619 966 660 diem
987 633 1086 661 cum
1109 619 1297 673 conjuge
1319 618 1431 661 Caro

327 689 453 729 Laeta
474 688 604 737 colat,
626 687 780 741 primis
803 700 892 740 quo
915 688 1058 727 coiere
1075 687 1196 727 toris.

269 756 360 797 Hic
382 757 482 809 pius
505 756 690 796 antistes
711 755 883 808 sophiae
903 768 986 796 sua
1008 755 1121 796 dona
1139 755 1382 796 ministrat:

327 824 416 864 Hic
438 828 477 863 te
499 823 619 864 thure
640 826 786 872 vocat,
809 823 926 863 fidus
947 828 991 864 et
1010 823 1111 876 ipse
1132 822 1252 863 Jovi.
1671 824 1727 865 10

268 944 340 966 cane
356 946 366 966 .·
389 934 407 951 ”⁶
431 935 448 952 *ἔ
474 935 549 965 Idus
564 938 712 965 materna?
736 935 918 965 decorentur
937 934 1106 972 frondibus
1127 934 1237 973 sacris,
1261 938 1352 975 atque
1368 944 1441 965 arus
1455 934 1557 966 senior
1566 938 1728 975 prematur

266 987 362 1018 parvo
382 978 513 1018 pondere
527 989 537 1008 .·
563 978 710 1008 Norbana
735 988 803 1007 cum
821 978 902 1008 Caro
916 979 1028 1009 marito
1053 981 1200 1018 perpetuo
1226 978 1357 1008 celebret
1381 978 1459 1008 hunc
1474 979 1566 1016 diem,
1582 989 1640 1018 quo
1655 988 1729 1008 con·

259 1021 365 1059 juncti
376 1024 446 1051 suut
460 1020 668 1052 matrimonio.
714 1020 780 1051 Hic
792 1020 866 1061 pius
891 1023 1031 1052 sacerdvs
1043 1022 1117 1051 colit
1128 1021 1325 1060 sapientiam,
1351 1020 1401 1051 hic
1417 1024 1447 1052 et
1463 1021 1638 1062 ipsefidelis
1649 1022 1729 1052 Jovz'

270 1067 300 1093 te
315 1064 436 1094 invocat
448 1063 548 1094 thure.

878 1115 1098 1127 eeeeeeeeee

312 1169 363 1200 Ad
380 1170 571 1200 Mercurium
588 1170 710 1200 lemma
726 1174 777 1201 est
793 1170 826 1200 in
842 1169 921 1200 edd.
938 1173 1086 1201 vem—1
1107 1171 1259 1212 IlIyllenes
1271 1171 1477 1202 Beverlandi
1496 1171 1627 1203 Ms.—7
1648 1172 1730 1202 Nor-

269 1212 347 1242 bana
362 1213 442 1243 dicet
457 1223 525 1243 cum
543 1213 668 1250 conjuge
685 1214 786 1253 Carpo
802 1214 910 1244 codex
929 1213 1128 1245 Vaticanus.
1153 1214 1234 1254 Alii,
1259 1215 1438 1246 cnara—8
1456 1215 1565 1247 Codd.
1590 1216 1669 1246 vat.
1694 1221 1729 1246 et

270 1255 420 1286 Floreat.
438 1257 515 1295 qaod
531 1257 648 1286 coluere
659 1256 771 1286 choris.
795 1256 885 1287 Vide
902 1256 943 1287 ad
962 1257 1061 1297 Epig.
1076 1260 1130 1289 50.

935 1341 1075 1373 NOTAE

315 1418 330 1445 l
360 1415 518 1455 Cyllenes]
542 1417 671 1447 Montis
686 1417 717 1446 in
735 1416 898 1455 Arcadia,
919 1417 975 1448 ubi

273 1466 367 1496 Maia
382 1477 400 1496 a
415 1467 503 1498 Jove
518 1476 713 1507 compressa
730 1469 865 1509 peperit
882 1468 976 1499 Mer-

271 1527 413 1547 curium.

312 1577 332 1605 2
356 1576 459 1605 Aurea
476 1575 526 1604 cui
539 1574 636 1614 torto]
660 1575 856 1606 Caduceum
875 1576 976 1606 intel-

268 1625 348 1664 lige,
378 1624 582 1654 draconibus
601 1626 750 1655 masculo
776 1630 811 1655 et
838 1624 975 1656 foemina

266 1676 466 1706 involutum.
511 1675 596 1706 Haee
639 1675 679 1705 ad
718 1677 973 1715 generationem

269 1732 427 1766 spectare
454 1726 624 1766 putabant
649 1726 817 1766 AEgyptm
848 1735 912 1767 qua
929 1726 972 1757 de

270 1787 372 1808 causa
397 1777 606 1807 Mercurium
636 1777 774 1808 invocat
795 1777 916 1816 Poeta,
934 1782 971 1808 ut

270 1827 443 1858 Norbauae
471 1830 506 1857 et
539 1826 616 1857 Cari
644 1827 771 1867 nuptiis
803 1827 971 1867 propitius

273 1879 327 1909 sit.

311 1932 329 1959 5
356 1927 584 1968 Blaternaeque]
612 1927 789 1958 Turnebus
812 1926 870 1958 lib.
885 1936 972 1960 xxv.

270 1988 344 2019 cap.
375 1980 428 2010 ⁴22.
456 1978 522 2008 ait:
549 1977 601 2009 De
625 1978 792 2009 Mercurii
814 1978 920 2009 natali
936 1982 972 2010 et

1029 1417 1123 1449 feriis
1144 1419 1403 1460 intelligendum
1422 1425 1485 1459 est,
1510 1425 1548 1451 ut
1576 1420 1727 1451 ostendit

1028 1470 1213 1501 versiculus
1251 1471 1308 1501 ille.
1344 1471 1398 1502 lib.
1440 1480 1510 1502 xli.
1547 1471 1646 1512 Epig.
1678 1473 1731 1503 68.

1029 1520 1037 1536 ‘
1052 1521 1153 1551 Maiae
1172 1521 1382 1552 Mercurium
1399 1521 1543 1552 creastis
1560 1520 1666 1552 Idus.'

1069 1573 1090 1600 6
1114 1572 1158 1601 Et
1174 1572 1277 1602 senior
1305 1571 1415 1612 parca]
1453 1570 1552 1602 Atlas
1587 1572 1732 1612 scilicet,

1028 1621 1132 1652 Maiae
1160 1627 1271 1662 pater,
1288 1623 1346 1664 qui
1362 1623 1484 1653 coelum
1500 1622 1644 1653 humeris
1662 1632 1731 1653 sns-

1028 1672 1138 1703 tinere
1152 1673 1288 1704 dicitur.

1070 1725 1091 1752 9
1115 1722 1181 1753 Hic
1192 1722 1277 1763 pius]
1299 1723 1404 1754 Carus
1422 1732 1543 1763 nempe
1569 1724 1653 1754 colit
1681 1733 1734 1754 sa-

1029 1773 1195 1812 pientiam
1225 1778 1260 1804 et
1287 1773 1528 1814 eloquentiam,
1567 1774 1659 1814 cujus
1694 1780 1731 1805 tu

1028 1825 1124 1855 Deus
1137 1832 1182 1854 es.

1074 1878 1114 1906 10
1140 1875 1239 1906 Fidus
1266 1878 1294 1906 el
1327 1875 1391 1915 ipse
1411 1875 1501 1916 Jovi]
1535 1875 1730 1908 Domitiano

1027 1931 1145 1957 nostro
1169 1926 1262 1965 Jovi,
1279 1926 1561 1968 quemadmodum
1585 1932 1620 1959 et
1637 1932 1673 1959 tu
1696 1928 1735 1960 fi-

1028 1979 1089 2010 dus
1106 1989 1139 2010 es
1156 1978 1235 2012 Jovi
1252 1980 1396 2012 coelesti.

898 2135 1107 2177 LXXV.

723 2224 774 2254 1N
811 2224 956 2254 ANUM
992 2225 1280 2255 DEFORMEM.

274 2297 365 2339 Vls
388 2298 501 2339 futui
523 2299 672 2351 gratis,
694 2311 796 2339 cum
819 2299 881 2339 sis
902 2299 1130 2348 deformis,
1153 2312 1361 2353 anusque.

330 2366 422 2407 Res
443 2367 707 2420 perridicula
726 2372 816 2408 est:
849 2367 917 2408 vis
937 2367 1055 2417 dare,
1076 2380 1158 2409 nee
1180 2368 1281 2409 dare
1302 2369 1382 2408 vis.

891 2473 909 2484 o

318 2530 385 2561 Hic
409 2531 499 2562 nulla
522 2531 667 2563 varietas
690 2532 894 2564 invenienda
917 2536 970 2563 est
991 2531 1025 2562 in
1050 2531 1143 2562 libris
1168 2531 1297 2562 calamo
1320 2533 1468 2563 exaratis
1489 2538 1547 2564 aut
1565 2534 1658 2574 prelo
1675 2544 1734 2565 ex·

274 2574 371 2604 cusis.

931 2616 1070 2650 NOTAE

321 2695 333 2721 1
368 2691 423 2722 Vis
439 2692 557 2731 gratis]
583 2692 669 2723 vide
700 2693 761 2726 nb.
790 2702 844 2725 111.
878 2693 975 2735 Epig.

277 2745 330 2773 90.

1073 2695 1092 2723 2
1119 2691 1175 2723 Vis
1189 2691 1278 2733 dare]
1300 2692 1361 2724 Tui
1388 2694 1531 2734 copiam.
1548 2694 1616 2726 Nec
1639 2695 1730 2736 dare]

1031 2742 1228 2774 Pecuniam.

1886 299 1887 303 Α
1885 253 1890 292 ——-
1882 112 1893 247 -ημκ-ι-α·
1883 0 1893 108 ›naha—-d
