1893 3225
264 224 347 266 880

744 238 793 266 M.
828 239 938 268 vAl„

974 240 1248 271 MARTlAms

937 429 1049 469 XV.

798 528 898 558 ADU
912 529 1125 560 LATORIU
1138 531 1186 561 M.

381 606 638 658 Quucouro
664 609 903 651 Parrhasia
922 611 1091 652 nitebat
1114 612 1231 662 aula,

379 677 602 718 Donatum
623 681 688 717 cst
711 678 874 726 oculis,
904 678 1096 731 Deisque
1117 681 1295 721 nostris.

377 743 567 785 Miratur
590 745 826 798 Scythicas
849 747 1033 788 virentis
1058 748 1151 787 auri

378 811 602 853 Flammas
623 813 817 866 Jupiter,
840 820 885 855 et
907 818 1060 868 stupet
1083 815 1262 868 superbi

374 880 513 933 Regis
533 881 736 931 delicias,
759 895 1004 936 gravesque
1025 884 1176 924 luxus.
1694 885 1722 924 5

375 949 492 989 Haec
515 954 614 991 sunt
636 951 815 1003 pocula,
839 964 940 1005 quae
963 952 1130 993 decent
1147 953 1422 994 Tonantem:

372 1016 491 1057 Haec
513 1021 630 1067 sunt,
653 1031 752 1072 quae
778 1018 1018 1072 Phrygium
1043 1020 1202 1061 decent
1222 1020 1488 1063 ministrum.

372 1084 538 1125 Omnes
561 1099 660 1126 cum
681 1085 796 1127 Jove
817 1100 933 1128 nuuc
957 1101 1112 1128 sumus
1134 1088 1282 1130 beati:

369 1152 431 1193 At
448 1166 587 1208 nuper
607 1153 785 1208 (pudet,
806 1154 864 1196 ah
883 1154 1025 1209 pudet
1044 1155 1194 1205 fateri)

367 1220 531 1262 Omnes
555 1235 655 1263 cum
675 1221 793 1263 Jove
815 1235 1036 1276 pauperes
1060 1236 1255 1265 eramus.

1667 1224 1721 1263 ls)

302 1349 456 1389 Quicquid
476 1349 622 1389 fulgebat
651 1351 682 1380 in
711 1351 782 1381 aula
816 1351 979 1390 Palatina,
1001 1353 1109 1382 datum
1134 1355 1179 1382 est
1204 1351 1312 1390 oculis,
1334 1354 1364 1382 et
1395 1350 1574 1382 numinibus
1595 1351 1722 1381 nastris.

259 1392 390 1431 Jupzter
407 1392 543 1423 miratur
560 1392 881 1434 Scythicosflammas
897 1394 968 1425 auri
990 1395 1136 1432 virentis,
1159 1398 1189 1425 et
1204 1395 1352 1434 superbus
1374 1397 1476 1434 stupet
1502 1395 1722 1425 delectamenta

254 1435 350 1474 regis,
373 1439 529 1474 etgraves
545 1437 638 1466 lusus.
686 1437 767 1467 Iloec
790 1440 861 1467 sunt
877 1438 998 1476 pocula,
1020 1448 1087 1477 quoe
1103 1438 1284 1468 conveniunt
1304 1438 1456 1468 Tonanti:
1480 1437 1545 1467 haec
1567 1440 1637 1466 suut
1654 1447 1722 1476 quoe

254 1479 439 1509 conveniunt
456 1480 603 1509 ministro
622 1480 776 1520 Phrygio.
825 1480 940 1510 Omnes
954 1489 1036 1510 nunc
1051 1490 1155 1510 sumus
1173 1480 1287 1517 felices
1310 1490 1378 1511 cum
1404 1481 1492 1511 Jove.
1537 1479 1601 1510 Sed
1617 1490 1724 1520 nuper,

250 1522 359 1560 pudet,
375 1521 415 1552 ah
430 1523 523 1562 pudet
536 1521 652 1561 fateri,
669 1532 772 1553 omnes
787 1532 909 1553 eramus
924 1523 1029 1562 inopes
1040 1532 1110 1553 cum
1124 1524 1215 1554 Jove.

870 1613 988 1625 oooooo

992 1614 1110 1625 oooooo

296 1674 314 1703 4
341 1671 499 1713 Superbus
531 1674 562 1704 in
592 1674 669 1704 edd.
698 1678 784 1705 vett.
814 1674 960 1714 superbas
985 1675 1195 1706 Farnab.—5
1224 1676 1404 1715 Grai-esque
1419 1675 1503 1705 lusus
1519 1674 1654 1706 alii.-9
1677 1675 1722 1704 At

252 1715 340 1754 piget
358 1716 391 1746 in
408 1726 514 1757 marg.
528 1717 582 1748 ed.
598 1717 727 1758 Langii,
746 1717 823 1748 Par,
845 1720 940 1748 1617.

919 1806 1059 1838 NOTAE

295 1882 309 1909 1
341 1879 526 1919 Parrhasia]
550 1880 590 1911 Id
617 1885 680 1916 est,
706 1881 876 1920 Palatina,
900 1882 957 1913 lib.

251 1939 315 1960 vrr.
335 1931 434 1970 Epig.
453 1934 505 1962 56.

293 1984 312 2012 2
339 1982 496 2012 Donatum
520 1982 580 2022 est]
603 1983 753 2023 Templis
782 1993 957 2014 consecra-

251 2036 320 2063 tum
344 2038 396 2064 est
410 2033 452 2063 ab
468 2034 557 2064 ouini
577 2034 702 2074 populo
718 2034 955 2074 spectandum.

291 2084 309 2113 3
335 2083 477 2114 Bliratur
503 2083 683 2125 Scythicas]
707 2084 794 2115 Vide
820 2084 880 2115 lib.
908 2093 957 2116 1v.

248 2132 350 2174 Epig.
364 2136 417 2164 28.
432 2134 494 2165 hoc
512 2140 577 2171 est,
594 2134 791 2174 smaragdos
809 2134 956 2165 virides:

247 2193 324 2215 nam
352 2195 427 2216 cum
456 2186 585 2226 poculis
612 2186 721 2216 aureis
753 2186 960 2225 inseruntur,

246 2237 497 2267 communicant
514 2247 608 2268 suum
623 2237 784 2268 colorem.

289 2290 306 2316 5
336 2287 447 2327 Regis]
483 2288 686 2325 Domitiani,
713 2298 811 2329 quem
843 2288 956 2318 vivum

245 2338 384 2369 summis
402 2338 555 2369 laudibus
577 2340 716 2377 extulit,
736 2339 807 2379 jam
831 2344 956 2369 mortu-

246 2398 300 2418 um
319 2389 491 2429 vituperat
509 2389 630 2420 Poeta.

291 2441 472 2481 Gran-esque
495 2441 587 2472 luxus
600 2440 714 2482 [lusus]
742 2441 789 2471 Ut
815 2444 955 2470 ornaret

246 2491 386 2531 templa,
403 2492 603 2532 spectacula
616 2491 750 2529 ederet,
766 2495 801 2521 et
818 2490 885 2520 suis
900 2499 954 2520 vo-

244 2542 437 2582 luptalibus
455 2543 663 2583 indulgeret,
683 2542 852 2573 Romanos
878 2551 955 2582 spo-

247 2593 354 2625 liabat
380 2594 614 2633 Domitianus,
643 2594 730 2624 unde
758 2593 831 2633 ejus
863 2593 952 2623 lusus

1014 1891 1134 1922 graves
1151 1886 1250 1912 eraut
1267 1881 1404 1921 populo.

1054 1936 1073 1962 7
1101 1933 1278 1971 Phrzgium
1308 1929 1503 1970 ministrum]
1547 1928 1720 1971 Ganyme-

1013 1983 1089 2013 dem
1108 1992 1253 2022 nempe3
1276 1982 1401 2022 pocula
1423 1980 1613 2012 Domitiani
1640 1981 1723 2013 Jovi.

1013 2034 1231 2065 consecravit
1246 2032 1423 2072 Trajanus.

1057 2088 1097 2115 10
1125 2086 1204 2116 Cum
1220 2085 1312 2125 Jove]
1335 2085 1443 2116 Quem
1461 2081 1558 2114 donis
1574 2082 1716 2123 ingenti·

1013 2136 1075 2167 bus
1093 2136 1272 2167 exornavit
1289 2135 1468 2175 Trajanus.

1059 2187 1173 2217 Omnes
1188 2197 1255 2217 cum
1273 2186 1354 2216 Jove
1368 2183 1532 2225 pauperes]
1556 2183 1718 2214 Attamen

1013 2237 1073 2268 lib.
1092 2246 1142 2268 lx.
1171 2237 1318 2277 Epig.4.
1345 2235 1432 2266 dixit
1460 2234 1569 2265 Poeta
1595 2234 1718 2266 Jovem

1013 2297 1078 2318 non
1096 2287 1168 2318 fore
1197 2286 1358 2318 solvendo
1384 2287 1411 2316 si
1440 2285 1482 2316 ab
1499 2295 1538 2316 eo
1556 2285 1720 2316 Domitia-

1013 2349 1074 2369 nus
1093 2339 1288 2379 repetiisset
1302 2338 1484 2377 impensas,
1498 2345 1578 2376 qua—=
1590 2336 1621 2366 in
1635 2343 1718 2367 tem-

1011 2390 1077 2431 plis
1095 2389 1297 2429 Capitolinis
1322 2387 1465 2419 fecerat.
1514 2387 1636 2418 Melius
1662 2397 1718 2418 au-

1011 2445 1092 2479 tem,
1109 2445 1146 2471 ut
1163 2440 1296 2481 opinor,
1307 2440 1408 2470 aliter
1424 2438 1623 2479 explicabis,
1641 2448 1716 2469 cum

1010 2492 1112 2529 Jove,
1129 2492 1191 2522 hoc·
1222 2496 1289 2530 est,
1316 2500 1391 2521 cum
1420 2489 1632 2526 Domitiano,
1660 2489 1716 2530 qui

1010 2542 1153 2573 alterum
1185 2542 1306 2574 Jovern
1345 2540 1463 2570 haberi
1495 2549 1531 2570 se
1570 2539 1717 2570 volebat.

1009 2592 1097 2624 Vide
1116 2592 1174 2623 lib.
1190 2601 1240 2623 rx.
1258 2591 1356 2633 Epig.
1370 2593 1421 2622 37.
