1924 3225
302 226 386 268 528
781 238 830 267 M.
867 237 976 268 vAn.
1011 238 1286 270 MAR'rlAms

303 335 409 377 Non
431 334 533 376 tulit
554 333 763 375 invidiam
785 334 911 375 taciti
931 338 1129 387 regnator
1156 334 1334 386 Averni,

360 404 417 444 Et
436 408 589 457 raptas
608 403 713 444 satis
737 402 928 444 reddidit
946 405 1044 457 ipse
1066 405 1205 445 colos.

303 469 403 512 Scis
426 472 570 524 igitur,
591 476 781 525 quantas
801 471 1025 512 hominum
1048 486 1167 513 mors
1188 473 1300 513 falsa
1322 473 1529 526 querelas

361 539 579 591 Moverit3
611 544 654 580 et
674 540 833 580 frueris
850 542 1105 594 posteritate
1126 547 1217 581 tua.
1709 543 1765 585 10

302 606 420 648 Vive
444 609 562 649 velut
580 613 726 661 rapto,
747 607 1022 661 fugitivaque
1047 608 1211 661 gaudia
1233 622 1392 662 carpe:

360 676 612 717 Perdiderit
631 677 799 717 nullum
819 677 913 718 vita
932 690 1110 718 reversa
1131 677 1263 718 diem.

300 795 478 817 rat-eramus
491 790 531 816 te.
577 786 648 817 Rex
659 786 780 817 silentis
795 787 871 817 Orci
881 786 1016 824 nonfuit
1030 797 1088 827 par
1106 787 1174 818 odio
1187 792 1316 826 nostro,
1330 790 1421 827 atque
1434 787 1499 826 ipse
1512 786 1654 817 restituit
1665 796 1761 827 pensa

300 832 407 868 erepta
422 829 541 867 usalis.
592 829 675 866 Ergo
691 830 805 860 novisti
821 834 951 869 quantas
967 831 1173 870 querimonias
1198 830 1355 860 hominnm
1372 830 1523 860 excitarit
1534 832 1604 860 tuus
1619 830 1767 860 interitus

294 871 408 910 falsus,
426 875 455 902 et
470 872 595 910 frueris
617 876 672 902 tua
697 873 892 912 posteritate,
941 873 1016 904 Vire
1031 875 1113 904 velut
1128 876 1230 914 rapto,
1253 877 1283 904 et
1296 874 1420 914 percipe
1436 873 1582 904 Iaetoe'tiam
1597 872 1766 912 fugacem:

299 916 367 946 vitu
384 915 508 946 reddita
521 916 638 946 nullum
653 916 794 946 amiserit
809 915 904 946 diem.

913 980 930 991 e
934 980 1067 991 “teve“
1071 980 1087 990 e
1091 980 1105 990 ι
1111 980 1126 990 o
1131 980 1147 990 a

303 1027 436 1059 habeo!
461 1029 585 1059 Horat.
603 1028 733 1060 1v.0d.
752 1032 782 1059 4.
795 1032 826 1060 tl.
851 1030 859 1046 ‘
875 1030 1044 1070 Expertus
1056 1029 1190 1060 fidelem
1206 1029 1347 1070 Jupiter
1360 1030 1392 1060 in
1424 1029 1624 1070 Ganymede
1651 1029 1767 1062 flavo!

302 1072 386 1111 Ipse
403 1072 572 1102 Martialis
596 1072 652 1102 lib.
671 1082 720 1102 lv.
739 1072 838 1111 Epig.
855 1075 908 1103 29.
954 1075 962 1088 ⁶
976 1073 1107 1112 Saepius
1125 1073 1156 1102 in
1183 1073 1271 1103 libro
1299 1079 1509 1104 memoratur
1527 1073 1664 1103 Persius
1687 1083 1768 1108 uno,

304 1115 416 1146 Quam
434 1115 518 1144 levis
537 1115 569 1145 in
589 1120 663 1145 tota
682 1115 820 1145 Marsus
837 1115 1073 1146 Amazonide!
1116 1116 1246 1156 Sulpic.
1263 1117 1381 1147 Sever.
1397 1117 1466 1147 vit.
1483 1116 1625 1146 Martin.
1643 1126 1719 1156 cap.
1734 1119 1767 1147 2.

303 1158 418 1188 ‘Vere
443 1168 569 1189 memor
594 1157 761 1188 Dominus
782 1182 789 1190 .
804 1181 811 1189 .
826 1180 834 1188 .
852 1168 887 1189 se
910 1158 942 1188 in
969 1168 1118 1199 paupere
1145 1158 1319 1198 professus
1346 1164 1399 1190 est
1424 1158 1528 1189 fuisse
1558 1158 1766 1190 vestitum.'’

306 1201 385 1232 Ant.
403 1201 440 1230 de
460 1201 557 1241 Rooy.
605 1201 723 1232 Tristia
739 1211 805 1231 cum
831 1201 976 1242 lucrymis
1003 1201 1099 1232 dedit
1125 1202 1314 1232 Scriverius
1341 1212 1359 1233 e
1386 1202 1594 1233 membranis
1622 1207 1658 1232 et
1673 1201 1768 1234 Junii

302 1243 466 1282 margine.
512 1246 520 1260 ‘
536 1244 682 1274 Videtur
709 1244 909 1283 legendnm:
935 1254 1100 1284 securaque
1118 1245 1242 1285 flebant
1263 1245 1380 1276 Tristia
1398 1245 1468 1282 jum
1488 1246 1644 1285 lacrymre.
1688 1246 1769 1277 dam

302 1287 489 1326 lugentium
516 1286 690 1326 lacrymae,
715 1287 746 1318 h.
777 1297 805 1318 e.
834 1288 987 1327 lugentes
1013 1288 1185 1328 lacrymis,
1216 1287 1345 1318 flebant
1375 1288 1517 1319 tristitia
1544 1297 1678 1326 secura,
1696 1288 1716 1317 i.
1735 1298 1765 1319 e.

302 1335 434 1361 certum
453 1335 486 1360 et
504 1329 670 1360 creditum
688 1339 750 1360 nec
767 1331 911 1370 amplius
930 1340 991 1369 pro
1008 1330 1111 1361 (lubio
1128 1331 1280 1361 habitum
1303 1341 1417 1362 casum
1438 1330 1556 1362 tuum.’
1578 1331 1767 1362 Gronovius.

302 1375 365 1403 —8
392 1373 437 1403 Et
451 1376 574 1412 raptum
592 1372 676 1410 fatis
697 1374 835 1403 reddidit
859 1373 924 1414 ipse
947 1374 1008 1403 solo
1033 1373 1141 1404 codex
1159 1375 1353 1405 Pulmanni.
1400 1375 1446 1405 Et
1466 1377 1575 1414 ruptas
1590 1373 1676 1411 fatis
1697 1375 1767 1404 red-

301 1416 384 1446 didit
398 1416 465 1455 ipse
480 1416 560 1446 colos
575 1416 664 1456 conj.
684 1416 891 1456 Gronovius,
908 1421 944 1446 ut
961 1417 1116 1449 Seneca:
1133 1417 1142 1434 ‘
1156 1416 1305 1457 Abrupit
1322 1417 1456 1449 stolidae
1470 1418 1597 1458 regalia
1612 1423 1768 1457 tempora

304 1458 410 1489 vitae.’

961 1501 1105 1533 NOTAE

345 1568 364 1597 7
390 1566 553 1604 Regnator
567 1564 703 1605 Averni]
727 1565 846 1597 Pluto.
1062 1566 1171 1606 nobis,
1207 1567 1272 1598 tuis
1303 1567 1461 1598 nimirum
1499 1565 1662 1607 posteris,
1691 1575 1768 1597 cum

345 1619 365 1646 8
391 1615 559 1656 Reddidit]
583 1616 702 1646 Parcis
719 1625 826 1656 pensa
843 1615 1006 1656 restituit,
1061 1622 1230 1648 mortuum
1245 1623 1279 1649 te
1296 1618 1554 1649 crediderimus.

301 1677 377 1710 quae
394 1677 413 1698 a
426 1666 505 1698 fatis
523 1667 637 1698 ablata
648 1666 799 1698 fuerant.
1106 1672 1141 1700 ll
1176 1669 1253 1700 Vive
1269 1669 1353 1700 velut
1378 1668 1485 1709 rapto]
1511 1669 1588 1699 Hoc
1605 1673 1669 1708 est,
1693 1678 1770 1708 per-

347 1721 386 1749 10
425 1719 553 1749 Frueris
590 1718 777 1759 posteritate
814 1717 886 1758 tna]
925 1717 1007 1758 Ipse
1062 1719 1140 1759 cipe
1153 1720 1348 1759 voluptates
1362 1719 1506 1760 perinde
1523 1728 1562 1749 ac
1576 1719 1601 1749 si
1614 1729 1655 1749 ex
1671 1723 1771 1759 rapto

302 1770 395 1801 velut
407 1769 580 1802 redivivus
597 1769 661 1800 scis
674 1778 772 1810 quain
786 1768 894 1800 fueris
910 1778 1007 1800 carus
1061 1771 1208 1803 viveres.
1232 1770 1321 1802 Vide
1335 1770 1395 1802 lib.
1409 1779 1435 1801 1.
1452 1769 1551 1811 Epig.
1565 1772 1619 1801 16.

914 1903 1147 1946 XLVIII.

874 1993 940 2024 AD
973 1993 1192 2024 ANNNJM.

475 2063 545 2104 CU
556 2073 587 2102 M
611 2075 793 2103 mensas
815 2062 979 2104 habeat
998 2062 1085 2103 fere
1106 2061 1336 2112 ducentas,

474 2130 564 2171 Pro
584 2131 748 2171 mensis
770 2130 908 2171 habet
928 2129 1101 2171 Annius
1123 2129 1369 2170 ministros:

351 2244 429 2274 Cum
445 2252 554 2273 mensoe
572 2252 666 2283 prope
687 2243 826 2273 ducentae
849 2242 913 2272 sint
936 2241 1054 2281 Annio,
1075 2242 1146 2271 sunt
1155 2239 1272 2278 famuli
1288 2241 1353 2271 loco
1373 2249 1567 2271 mensarum:
1589 2239 1769 2280 paropsides

902 2321 1060 2333 ‘oe-emt
1067 2320 1143 2331 tm

348 2367 400 2398 De
422 2367 526 2399 Annio
550 2367 746 2399 inscribitur
773 2368 805 2398 in
831 2366 909 2398 edd.
938 2367 1082 2397 vett.—l
1106 2364 1222 2396 Codex
1250 2363 1456 2395 Pulmanni:
1480 2363 1591 2394 habeat
1606 2362 1680 2401 fere
1705 2366 1767 2393 tre·

304 2414 418 2442 centus.

961 2450 1107 2483 NOTAE

349 2521 365 2549 1
393 2519 472 2549 Fere
491 2518 652 2559 ducentas]
675 2519 845 2550 Numerus
861 2521 915 2549 est
935 2526 1006 2549 cer·
1061 2524 1151 2546 xxv.
1168 2524 1246 2555 cap.
1260 2516 1311 2545 24.
1324 2513 1372 2544 sic
1389 2513 1540 2553 explicat
1556 2513 1615 2542 lios
1640 2522 1769 2544 versus.

306 2572 362 2600 tus
379 2579 440 2609 pro
457 2569 602 2600 incerto.
1063 2567 1167 2605 Puto,
1217 2565 1342 2606 inquit,
1394 2565 1444 2595 ita
1484 2564 1769 2604 intelligendum:

349 2622 369 2650 2
394 2620 459 2649 Pro
485 2619 611 2660 mensis]
638 2620 714 2651 Hoc
730 2623 795 2658 est,
815 2629 1007 2651 mensarum
1063 2620 1253 2658 suppetunt
1270 2615 1317 2646 illi
1334 2615 1489 2656 plurimae
1507 2625 1633 2645 mensae
1649 2614 1690 2645 ad
1709 2614 1770 2645 du-

308 2670 437 2701 vicibus
452 2668 640 2708 funguntur
663 2670 726 2710 ipsi
744 2671 888 2701 ministri
912 2669 1008 2700 cibos
1063 2673 1193 2706 centas‚
1217 2676 1282 2698 non
1300 2671 1412 2697 tamen
1431 2666 1464 2696 in
1482 2666 1528 2697 eis
1553 2665 1695 2707 opsonia
1716 2675 1769 2696 re-

308 2725 344 2752 et
370 2720 512 2762 opsonia
528 2721 560 2750 in
589 2720 722 2760 gabatis
747 2731 804 2752 seu
822 2721 1008 2762 paropsidi·
1063 2719 1182 2760 ponit:
1207 2717 1267 2748 sed
1286 2727 1343 2748 eas
1370 2726 1503 2757 semper
1519 2717 1606 2746 servi
1633 2720 1770 2754 gerunt,

308 2771 369 2802 bus
399 2770 691 2811 circumferentes,
727 2781 789 2802 nec
827 2772 1009 2812 quicquam
1063 2780 1127 2801 nec
1144 2768 1255 2809 epulis
1286 2767 1353 2799 frui
1379 2773 1519 2809 possunt
1539 2768 1704 2805 convivae,
1719 2767 1768 2797 ita

308 2825 484 2863 apponunt
516 2821 678 2851 convivis
733 2821 914 2852 Turnebus
949 2822 1008 2853 lib.
1066 2820 1324 2852 ambulatoriam
1338 2819 1770 2860 coenanvpotimspecrant,
