1893 3225
285 204 373 245 656
764 217 815 247 M.
851 218 959 247 vAi„
994 218 1269 249 MAn'riAms

290 310 389 352 Nec
412 317 610 364 poteram
632 316 780 364 gratus
800 313 979 354 domino
1001 313 1093 355 sine
1110 315 1306 356 moribus
1327 329 1446 357 esse:

346 379 535 420 Interius
555 385 722 420 mentes
742 380 922 433 inspicit
941 380 1015 422 ille
1038 381 1177 422 Deus.

287 446 384 488 Vos
404 460 475 488 me
494 448 697 498 laurigeri
720 449 965 501 parasitum
986 449 1120 490 dicite
1139 450 1317 500 Phoebi,

342 515 491 556 Roma
511 516 581 556 sui
599 515 812 557 famulum
832 516 936 558 dum
958 518 1073 559 sciat
1092 532 1194 559 esse
1216 519 1245 560 J
1250 519 1361 559 ovis.
1690 522 1745 561 10

283 630 348 657 tum
365 629 433 656 arte
447 636 457 655 .·
479 635 533 656 nec
545 629 684 666 poteram
698 627 819 666 placere
833 628 954 658 domino
977 629 1043 660 sine
1066 628 1199 660 moribus
1222 629 1326 659 castis
1346 639 1354 658 τ
1378 629 1430 659 ille
1452 629 1539 659 Deus
1550 631 1686 670 penitius
1700 632 1747 662 in-

284 673 390 700 tuetur
404 672 532 700 mentes.
582 669 644 700 Vos
659 675 763 701 vocate
780 681 826 701 nze
846 671 1020 710 parasitum
1047 672 1200 711 laurigeri
1217 671 1339 710 Pltoebi,
1356 672 1429 702 dum
1453 672 1554 703 Roma
1572 676 1676 704 teneat
1692 685 1744 705 me

283 722 347 743 esse
360 721 481 743 sert-um
496 712 544 742 sui
559 713 659 743 Jovis.

895 766 1132 778 eeeeeeeeeeee

281 819 361 850 nihil
389 829 408 849 a
435 823 546 850 vestro.
594 820 756 850 Nostram
784 821 964 852 lectionem
992 822 1156 853 exhibent
1183 832 1299 853 omnes
1326 821 1405 853 edd.
1434 825 1586 854 vem—8
1610 822 1746 854 Interius

281 866 398 892 mentes
411 863 538 901 suspicit
556 862 609 893 ed.
628 863 732 904 antiq.
752 864 885 895 Ferrar.
903 875 955 895 an.
974 868 1069 896 1471.
1084 865 1161 896 Ald.
1177 866 1275 897 Junt.
1294 866 1402 896 Colin.
1418 866 1550 905 Grypli.
1573 866 1745 896 Calderin.

283 905 440 936 Pulman.
453 906 570 936 Plant.
582 906 722 937 Junian.
733 907 840 945 Lang.
858 908 984 948 Delph.
1001 910 1064 940 ἃς.
1110 909 1248 939 Interius
1264 912 1378 939 mentes
1393 909 1519 949 inspicit
1534 909 1742 940 Bcverlamti

283 947 353 979 ΜΒ.
370 958 446 979 cum
464 948 542 980 edd.
561 948 663 980 Gi‘ut.
679 949 788 980 Scriv.
805 950 950 981 Fau-nab.
966 952 1139 983 Scin-evei.
1157 956 1192 982 et
1208 958 1356 983 recentt.

943 1035 1084 1067 NOTAE

323 1104 343 1132 6
370 1102 414 1132 Et
427 1102 492 1132 sola
507 1100 590 1140 arte]
625 1100 782 1132 Moribus
799 1101 888 1133 enim
907 1111 983 1143 pro-

280 1154 340 1185 bus
359 1163 443 1184 sum.

321 1207 340 1235 S
366 1203 423 1236 Ille
437 1203 540 1243 Deus]
564 1203 789 1235 Domitianus.

320 1259 341 1287 9
357 1255 538 1286 Parasitum
552 1254 646 1284 dicite
655 1253 782 1293 Phoebz']
805 1253 980 1284 Turnebus

275 1306 333 1338 lib.
352 1315 434 1337 xxi.
452 1315 527 1345 cap.
545 1307 597 1335 24.
623 1304 714 1334 mimi
740 1310 776 1335 et
800 1304 979 1335 histriones

278 1357 363 1388 dicti
394 1361 475 1386 sunt
505 1355 646 1395 parasiti
682 1353 848 1394 Apollinis
865 1365 874 1385 ε
919 1355 978 1385 ali-

276 1406 412 1449 quando
434 1406 598 1447 parasitos
625 1404 795 1445 Apollinis
812 1405 979 1445 interpre-

277 1462 370 1490 tatur
382 1456 522 1488 Verrius
534 1456 653 1486 mimos
667 1455 890 1486 secundarum
903 1465 979 1496 pai·-

1039 1102 1136 1141 tium,
1151 1102 1240 1143 qnod
1257 1102 1345 1133 ludis
1361 1100 1618 1143 Apollinaribus
1632 1102 1666 1135 in
1683 1104 1745 1135 mi-

1036 1153 1099 1183 mis
1127 1152 1199 1184 fere
1221 1158 1335 1184 essent
1355 1154 1494 1193 parasiti
1516 1154 1646 1186 illarum
1666 1165 1743 1196 par-

1037 1203 1122 1234 tium
1137 1208 1284 1243 actores,
1300 1206 1364 1234 δερ.

1081 1258 1120 1285 10
1145 1255 1246 1285 Roma
1270 1254 1334 1294 sui]
1373 1254 1451 1285 Hoc
1475 1258 1541 1293 est,
1557 1255 1637 1285 dum
1655 1256 1742 1287 sciat

1036 1306 1144 1336 Roma
1162 1315 1216 1336 me
1232 1305 1427 1336 exercuisse
1444 1310 1553 1336 artem
1571 1306 1740 1337 scenicam

1035 1362 1179 1397 propter
1201 1356 1432 1387 Domitianum
1449 1357 1575 1397 Deum,
1599 1366 1667 1388 non
1683 1367 1740 1388 au-

1034 1414 1103 1440 tem
1117 1412 1260 1449 propter
1277 1408 1371 1439 alios.

690 1727 1008 1757 EPITAPHIUM
1045 1727 1310 1758 PHILAENIS.

274 1798 486 1838 SAEGULA
509 1796 742 1838 Nestoreae
763 1808 1004 1849 permensa,
1026 1795 1231 1845 Philaeni,
1254 1800 1457 1845 senectae,

330 1865 481 1919 Rapta
501 1879 548 1906 es
571 1865 627 1906 ad
648 1864 836 1905 infernas
859 1870 947 1903 tam
969 1864 1057 1904 cito
1080 1864 1201 1904 Ditis
1222 1866 1395 1917 aquas?

272 1937 487 1977 Euboicae
509 1928 704 1976 nonduin
722 1933 985 1973 numerabas
1007 1932 1136 1985 longa
1158 1933 1346 1986 Sibyllae

326 2004 550 2057 Tempora
604 2002 745 2057 major
765 2005 857 2042 erat
876 2000 1105 2041 mensibus
1126 2001 1203 2041 illa
1224 2001 1376 2041 tribus.

315 2116 346 2148 O
371 2116 518 2152 Philoeui,
532 2125 690 2155 permensa
701 2116 813 2145 scecula
827 2114 995 2145 senectutis
1016 2114 1179 2145 Nestoreae
1194 2117 1260 2144 tam
1274 2114 1419 2144 velociter
1430 2116 1521 2153 rapta
1533 2123 1564 2143 es
1578 2113 1618 2143 ad
1632 2114 1730 2143 undas

270 2159 404 2200 Stygias
420 2159 564 2189 Plutonis
579 2157 594 2190 2
638 2159 784 2188 Nondum
800 2157 982 2188 numerabas
996 2157 1102 2196 longos
1112 2167 1207 2187 annos
1222 2156 1353 2197 Sihyuoe
1370 2156 1517 2187 Euboicae
1528 2167 1538 2187 .·
1561 2156 1617 2186 illa
1631 2156 1731 2194 major

875 2243 1072 2254 “new
1076 2243 1115 2253 ee

309 2294 330 2321 4
351 2289 538 2320 Scriverius
561 2293 763 2330 conceptum
780 2288 964 2320 hariolatur
979 2288 1201 2319 messibus.-7
1225 2285 1431 2317 Beverlandi
1449 2285 1517 2316 Ms.
1533 2285 1657 2315 curiata
1677 2294 1727 2315 ca-

923 2370 1068 2402 NOTAE

311 2443 326 2471 1
355 2439 517 2470 Nestoreae
527 2438 701 2478 permensa]
716 2437 792 2468 Hoc
809 2442 875 2472 est,
890 2446 966 2477 quae

267 2490 415 2531 attigisti
441 2498 544 2519 annos
574 2488 745 2526 Nestoris,
777 2487 833 2528 qui
864 2497 966 2517 nona-

265 2542 360 2581 ginta
387 2549 490 2570 annos
517 2538 614 2574 vixit,
639 2541 675 2567 ut
699 2537 845 2568 diximus
875 2537 966 2569 alibi.

264 2592 320 2623 De
333 2589 476 2622 Philaeni
493 2598 573 2619 vero
587 2588 645 2620 lib.
658 2597 725 2619 vu.
738 2588 840 2628 Epig.
853 2590 907 2618 67.

305 2645 324 2672 2
349 2642 425 2671 Tum
439 2638 514 2678 cito]
553 2638 628 2669 Hoc
641 2644 706 2677 est,
722 2643 792 2669 tam
809 2643 961 2669 mature:

261 2701 322 2732 per
339 2692 479 2722 ironiam
496 2690 558 2720 lioc
570 2688 656 2720 dicit
673 2690 792 2720 Posta.

305 2745 323 2772 3
350 2741 496 2772 Euboicae
526 2739 670 2779 Sibylloe]
696 2739 774 2771 Hoc
805 2746 869 2779 est,
899 2741 963 2771 Cu-

262 2803 384 2829 mauae,
408 2792 449 2822 ile
470 2799 535 2831 qua
567 2790 729 2830 Virgilius
759 2791 885 2830 Ecloga
914 2800 961 2820 iv.

1023 2446 1095 2477 quae
1108 2445 1126 2466 a
1138 2434 1267 2466 Plioebo
1284 2434 1542 2474 impetraverat,
1556 2435 1593 2462 ut
1606 2435 1656 2462 tot
1669 2441 1726 2462 an·

1021 2496 1081 2516 nos
1098 2486 1243 2524 viveret,
1267 2489 1349 2525 quot
1379 2493 1558 2514 arenarum
1585 2492 1723 2522 corpus-

1022 2537 1099 2567 cula
1123 2546 1224 2567 manu
1250 2543 1374 2575 capere
1401 2538 1531 2574 posset.
1577 2532 1723 2564 Ovidius

1021 2588 1106 2618 Met.
1125 2596 1202 2617 X1v.

1060 2640 1079 2668 4
1104 2638 1211 2676 Major
1227 2636 1309 2675 erat]
1346 2636 1459 2675 Fingit
1480 2634 1591 2666 Potita
1614 2632 1722 2664 tribus

1021 2692 1150 2718 tanturn
1176 2687 1348 2717 mensibus
1366 2689 1476 2717 minus
1502 2683 1632 2724 Sibylla
1650 2683 1720 2713 vix-

1019 2740 1085 2769 isse
1101 2739 1187 2769 lianc
1203 2738 1363 2768 vetulam.
