1893 3225
245 255 332 297 710
722 262 770 291 M.
805 260 916 292 vn„
951 261 1229 292 MAnriAms

245 361 429 403 Marcus
446 359 667 402 Palladiae
687 373 771 401 non
792 359 1034 401 inficianda
1051 359 1229 401 Tolosae

302 429 473 479 Gloria,
496 442 629 482 quem
646 429 795 482 genuit
814 428 943 481 pacis
965 427 1143 469 alumna
1160 428 1301 481 quies.

242 497 315 539 Tu
337 497 413 550 qui
435 497 569 549 longa
589 502 716 550 potes
739 495 973 549 dispendia
989 496 1099 536 ferre
1119 496 1307 545 viarum,
1681 497 1709 536 5

303 564 326 605 Ι
348 565 458 606 liber
480 565 679 606 absentis
702 566 861 619 pignus
884 564 1112 605 amicitiae.

248 631 370 674 Vilis
395 646 511 683 eras,
535 632 693 683 fateor,
717 633 756 673 si
778 636 821 673 te
842 645 959 673 nunc
980 633 1171 674 mitteret
1193 636 1348 673 emtor.

305 700 485 742 Grande
508 701 574 740 tui
598 701 789 754 pretium
810 701 1004 740 muneris
1022 703 1176 740 auctor
1197 700 1293 740 erit.

244 767 454 817 Multum,
478 768 606 809 crede
626 768 745 818 mihi,
767 767 911 817 refert,
932 781 958 808 a
978 768 1100 808 sonte
1121 768 1295 807 bibatur

316 834 432 886 Quae
458 835 570 885 fluit,
592 848 645 876 an
658 836 783 889 pigro
805 848 906 888 quae
927 839 1079 888 stupet
1098 835 1217 876 unda
1237 836 1349 876 lacu.
1656 836 1713 876 10

242 946 405 976 renuntiat
422 945 500 976 mihi
527 946 712 977 veritatem:
738 948 868 977 Marcus
882 948 974 977 decus
989 957 1047 977 non
1069 947 1280 985 denegandum
1299 946 1452 977 Palladia:
1477 946 1603 984 Talem,
1627 956 1716 987 quem

240 989 363 1028 peperit
381 990 466 1028 quies
487 989 587 1019 amica
603 991 698 1028 pacis.
746 990 776 1020 Ο
801 990 913 1027 libelle,
939 991 1013 1020 rade
1041 991 1155 1029 pignus
1170 990 1322 1020 amicztioe
1341 990 1488 1027 absentis,
1512 994 1545 1020 tu
1562 990 1613 1030 qui
1628 994 1716 1029 poles

242 1033 311 1071 pali
327 1033 431 1070 longos
457 1032 575 1062 labores
596 1033 755 1063 itinerum.
806 1034 886 1063 Vilis
913 1042 1004 1071 esse-3,
1020 1033 1141 1071 faleor,
1164 1033 1191 1063 si
1216 1037 1315 1063 emtor
1340 1043 1419 1063 nunc
1444 1034 1584 1063 mitteret
1613 1037 1654 1071 te,
1679 1037 1715 1063 at

243 1078 355 1104 auctor
367 1075 533 1105 constituet
548 1086 691 1113 magnum
705 1076 841 1115 pretium
857 1080 908 1105 tuo
921 1077 1010 1106 dono.
1055 1077 1194 1106 ,Multum
1211 1076 1352 1116 interest,
1369 1078 1456 1107 crede
1472 1076 1562 1116 mihi,
1577 1086 1617 1107 αη
1633 1086 1712 1116 aqua

246 1117 483 1158 bibaturflzoens
497 1117 628 1157 afonte,
649 1129 689 1149 an
704 1129 772 1158 quae
787 1120 905 1149 desidet
924 1120 956 1149 in
971 1119 1062 1159 pigro
1079 1121 1157 1150 lucu.

862 1181 1097 1193 eeeeeeeeeeee

286 1227 306 1256 4
331 1224 430 1256 Petr.
457 1225 606 1257 Scriver.
638 1231 673 1257 et
697 1227 798 1258 Grut.
816 1228 910 1268 legit,
925 1238 1012 1268 quem
1026 1228 1135 1265 genuit
1149 1227 1236 1267 pacis
1260 1227 1383 1257 alumna
1399 1227 1505 1266 quies:
1528 1236 1628 1268 quam
1646 1227 1714 1257 lec-

246 1267 376 1299 tionem
405 1269 528 1299 astruit
552 1274 587 1300 et
604 1270 671 1300 ΜΞ.
689 1270 975 1302 BodleiannS.—5
1001 1272 1009 1287 ‘
1026 1271 1101 1301 Hoc
1131 1271 1233 1310 vulgo
1266 1279 1388 1300 novum
1417 1270 1638 1310 Epigramma
1663 1269 1715 1300 fa-

245 1311 357 1342 ciunt:
384 1311 443 1342 sed
462 1317 513 1342 est
530 1322 605 1351 pars
621 1313 851 1353 praecedentis
870 1314 911 1344 ad
926 1314 1071 1344 eundem
1090 1312 1298 1351 Antoninum
1323 1322 1388 1343 nec
1413 1314 1514 1343 aliter
1531 1313 1716 1344 exhibetur

244 1354 279 1384 in
306 1354 435 1394 optimo
469 1355 640 1393 Paiassno,
668 1361 706 1387 ut
735 1362 852 1387 monet
877 1357 1064 1388 Gruterus:
1093 1357 1188 1396 cujus
1206 1356 1449 1386 auctoritatem
1467 1356 1658 1387 Scriverius
1681 1356 1716 1387 in

246 1406 308 1427 sua
335 1397 487 1428 editione
514 1403 652 1429 secutus
681 1404 744 1431 est.
813 1400 973 1430 Palatino
991 1399 1157 1430 accedere
1181 1398 1509 1430 Pircheiinerianum
1537 1400 1635 1430 testis
1663 1403 1718 1430 est

248 1439 468 1471 Gronovius!
512 1441 641 1472 Schrev.
667 1443 803 1473 Novum
832 1442 967 1473 faciunt
992 1442 1074 1473 ΑΜ.
1092 1442 1189 1474 Junt.
1208 1442 1318 1473 Coiin.
1335 1444 1399 1472 dcc.
1416 1447 1518 1482 atque
1535 1443 1586 1473 Ad
1604 1441 1717 1473 librum

246 1482 513 1514 inscribunt.—⁷
539 1484 688 1515 Mitteret
710 1489 808 1515 emtor
832 1485 865 1516 in
898 1491 1035 1516 vetusto
1059 1485 1177 1516 codice
1205 1485 1353 1516 Lutetiae
1376 1494 1411 1515 se
1429 1485 1624 1526 intelligere
1639 1494 1714 1516 esse

250 1525 335 1557 dicit
350 1526 638 1558 Puhnannus.—9
661 1529 713 1558 An
733 1527 827 1566 fonte
853 1530 887 1559 in
904 1529 1013 1560 veteri
1029 1533 1125 1559 recte
1142 1529 1209 1569 legi
1226 1528 1330 1559 sentit
1346 1527 1449 1559 idem.

916 1603 1057 1635 NOTAE

293 1668 313 1696 3
348 1665 501 1697 Palladioe
526 1667 659 1708 Tolosoe]
685 1670 771 1702 Quae
800 1670 879 1701 urbs
902 1676 957 1702 est
1011 1670 1110 1701 minis
1123 1669 1256 1701 scilicet
1279 1669 1447 1701 seditiosi.

248 1714 373 1746 Galliae
398 1717 480 1747 satis
495 1722 588 1758 nota,
613 1719 646 1749 in
663 1729 731 1761 qua
753 1730 879 1762 nempe
898 1720 958 1752 fio·
1055 1723 1073 1752 7
1098 1721 1137 1752 Si
1166 1724 1197 1752 te
1219 1720 1316 1761 nunc]
1353 1722 1468 1760 Longe
1491 1718 1580 1750 enim
1607 1717 1718 1749 carior

250 1765 504 1799 rebantliterae.
1014 1776 1117 1813 atque
1143 1772 1357 1809 emendatior
1383 1777 1435 1802 est
1461 1770 1548 1801 liber
1579 1769 1620 1800 ab
1643 1769 1719 1809 ipso

292 1818 313 1846 4
330 1817 558 1850 Pucisalumna
568 1820 670 1861 quies]
685 1821 762 1853 Hoc
774 1821 863 1854 forte
880 1822 958 1854 sub·
1014 1828 1156 1854 auctore
1179 1823 1313 1853 missus.
1366 1823 1504 1862 Legunt
1533 1820 1601 1859 alii,
1630 1820 1659 1850 si
1688 1823 1720 1850 te

244 1865 323 1906 jicit
353 1868 477 1907 Poeta,
515 1875 552 1901 ut
581 1871 742 1902 ostendat
764 1872 859 1904 illum
890 1883 957 1904 non
1012 1884 1094 1904 nunc
1105 1874 1231 1905 mittere
1243 1877 1340 1905 tento.
1376 1874 1462 1906 Quae
1478 1872 1582 1904 lectio
1598 1870 1720 1902 vitiosa

249 1925 323 1948 esse
335 1927 379 1949 ex
397 1918 527 1951 familia
543 1920 685 1953 Antonii
704 1923 886 1962 triumviri,
903 1924 959 1955 ho-
1014 1924 1161 1957 videtur.

954 2021 1030 2063 CI.

821 2110 872 2140 IN
910 2111 1119 2142 BASSUM.

252 2173 512 2216 DENARIIS
534 2175 673 2217 tribus
689 2177 872 2228 invitas,
895 2182 940 2220 et
960 2192 1088 2221 mane
1111 2185 1307 2234 togatum

310 2241 560 2284 Observare
573 2243 711 2297 jubes
735 2246 865 2297 atria,
887 2247 1050 2298 Basse,
1073 2252 1176 2291 tua:

253 2309 426 2352 Deinde
448 2311 613 2353 haerere
636 2315 714 2353 tuo
733 2313 875 2365 lateri,
895 2316 1151 2369 praecedere
1171 2317 1342 2368 sellam,

308 2378 382 2420 Ad
403 2379 561 2421 viduas
582 2385 730 2423 tecum
751 2382 856 2436 plus
876 2383 1021 2425 minus
1044 2385 1107 2426 ire
1133 2385 1305 2428 decem.

295 2478 326 2510 Ο
348 2479 456 2518 Basse,
479 2489 532 2511 me
557 2481 674 2512 invitas
696 2482 798 2513 tribus
823 2483 977 2524 denariis,
998 2487 1090 2525 atque
1107 2484 1242 2526 imperas
1257 2488 1312 2517 tua
1327 2484 1411 2516 atria
1434 2493 1523 2515 mane
1537 2484 1597 2516 coli
1621 2495 1642 2516 α
1665 2493 1720 2517 me

251 2524 378 2563 togato.-
399 2523 510 2554 deinde
534 2527 638 2555 astare
659 2524 731 2566 tibi,
754 2526 873 2558 anteire
890 2527 1044 2568 lecticam,
1067 2531 1167 2560 tecum
1193 2530 1281 2561 adire
1306 2538 1385 2560 anus
1397 2528 1468 2569 plus
1482 2528 1584 2559 minus
1605 2529 1720 2560 decem.

867 2601 1106 2615 eeeeeeeeeeee

293 2643 314 2671 4
337 2640 394 2672 Sic
410 2641 452 2673 P.
472 2641 582 2673 Scriv.
600 2647 636 2674 et
651 2643 822 2676 Gruterus
839 2646 907 2688 leg.
923 2656 966 2678 ex
993 2648 1108 2681 Palat.
1125 2652 1160 2681 et
1173 2649 1238 2681 hoc
1254 2647 1383 2680 habent
1399 2647 1477 2679 edd.
1492 2645 1718 2678 recentiores.

254 2684 390 2716 Ceterae
403 2684 487 2716 dant
502 2686 632 2718 vetulas.

916 2733 1059 2768 NOTAE

297 2793 313 2822 l
339 2790 491 2843 Denariis
502 2792 618 2835 tribus]
655 2794 710 2826 De
734 2799 870 2828 moneta
896 2797 964 2831 dic-
1060 2803 1079 2831 3
1104 2800 1284 2832 Praecedere
1295 2797 1416 2840 sellam]
1438 2794 1721 2830 Anteambulonis

256 2847 328 2874 tum
342 2844 477 2884 saepius.
1017 2850 1100 2882 vice.
