1893 3225
560 232 962 263 EPIGRAMMA'I'UM
998 233 1093 264 1213.
1128 233 1241 263 XIII.
1539 225 1625 267 95].

836 327 976 359 NOTAE

218 393 238 422 2
261 391 387 433 Bulbis]
410 391 549 423 Romani
580 391 717 423 bulbum
749 396 875 423 vocant
930 397 983 423 est
1000 402 1093 433 cepae
1107 402 1172 423 non
1184 392 1335 424 absimile
1351 393 1544 425 ascaloniae.
1560 394 1626 425 Ve-

178 443 291 474 allium
303 448 448 484 agreste,
472 444 527 474 alii
542 443 716 475 marinum.
753 442 872 474 Genus
928 451 1044 473 nerem
1058 442 1202 474 maxime
1218 442 1361 474 excitat.

791 566 1017 609 XXXV.

765 658 1041 688 LUCANJCA.

175 725 323 766 Fumi
364 725 548 767 Picenae
575 725 701 767 venio
724 726 951 768 Lucanica
970 739 1119 781 porcae
1139 740 1148 767 ε

232 794 434 835 Pultibus
454 794 552 835 hinc
573 795 712 835 niveis
734 799 855 848 grata
877 808 1038 836 corona
1057 794 1198 836 datur.

216 899 374 930 Lucanica
389 899 496 930 mittor
509 902 586 930 nata
596 909 699 940 porcoe
712 899 836 931 Picenae
849 911 859 932 .·
881 901 953 932 hinc
964 903 1059 932 datur
1071 905 1167 940 grata
1179 911 1290 933 corona
1299 901 1438 942 pultibus
1450 902 1559 933 niveis.

920 973 1016 983 estse-ee·

218 1017 380 1049 Lucanicoe
403 1017 481 1049 edd.
503 1023 588 1050 vett.
613 1023 648 1049 et
672 1017 843 1050 Barb.—2
869 1018 961 1049 Cihat
991 1027 1052 1060 pro
1075 1020 1166 1050 datur
1189 1018 1265 1050 cod.
1291 1019 1427 1051 Beveri.
1450 1024 1486 1051 et
1504 1019 1578 1052 cod.
1595 1019 1629 1050 iu

175 1069 281 1101 marg.
298 1060 351 1092 ed.
367 1061 450 1092 Par.
465 1064 559 1092 1617.

831 1114 969 1146 NOTAE

219 1180 234 1208 1
259 1177 431 1218 Lucanica]
447 1178 552 1210 Facta
568 1179 700 1210 scilicet
727 1189 770 1210 ex
800 1189 871 1210 car·
972 1182 991 1210 2
1016 1179 1177 1220 Pultibus]
1216 1181 1291 1212 Hoc
1322 1186 1387 1219 est,
1413 1190 1472 1211 ora
1503 1180 1629 1220 patinae

174 1228 272 1260 nibus
299 1230 442 1260 concisis
467 1239 580 1270 porcae
613 1235 702 1261 natae
730 1230 762 1261 in
791 1239 873 1271 agro
929 1235 1113 1261 coronatur
1139 1231 1289 1271 pultibus
1314 1232 1420 1262 niveis
1444 1231 1484 1262 de
1509 1230 1629 1272 quibus

172 1279 364 1321 Picentino,
379 1280 441 1312 lib.
465 1289 515 1311 lv.
545 1280 644 1322 Epig.
662 1283 717 1312 46.
928 1280 988 1311 lib.
1006 1290 1040 1312 v.
1055 1281 1154 1322 Epig.
1172 1284 1224 1313 78.

777 1389 1031 1433 XXXVI.

813 1481 991 1511 omvAE.

175 1545 316 1596 HAEC,
338 1560 439 1601 quae
464 1546 641 1588 Picenis
657 1546 774 1588 venit
797 1547 1015 1588 subducta
1038 1549 1238 1602 trapetis,

232 1614 436 1665 Inchoat,
459 1620 592 1670 atque
614 1615 768 1656 eadem
789 1614 887 1656 finit
907 1615 1028 1655 oliva
1047 1614 1199 1669 dapes.

218 1725 299 1798 ΙῑΙΙαῑο
316 1725 398 1756 oliva
419 1735 488 1766 quoe
511 1725 648 1767 affertur
663 1726 824 1757 subtracta
841 1724 938 1766 prelis
953 1724 1096 1765 Picenis,
1112 1725 1236 1765 incipit,
1252 1728 1343 1765 atque
1366 1725 1470 1774 eadem
1484 1724 1635 1755 terminat

175 1777 231 1808 epu
247 1778 291 1799 as.

784 1819 1023 1831 eeeeeeeeeeee

222 1865 351 1896 Cistella
362 1866 515 1897 olivarum
530 1866 598 1896 Ms.
616 1865 754 1898 Beverl.
770 1871 806 1897 et
825 1866 880 1898 ed.
896 1866 1002 1897 Barb.

830 1941 970 1974 NOTAE

215 2009 232 2037 1
257 2005 429 2045 Subducta]
452 2005 530 2036 Hoc
547 2010 610 2044 est,
623 2005 711 2037 oliva
731 2005 878 2046 integra,
975 2008 995 2036 2
1019 2004 1162 2045 Inchoat]
1187 2006 1235 2036 Ut
1251 2004 1316 2036 cibi
1332 2004 1564 2045 appetentiam
1587 2004 1634 2034 in.

175 2067 216 2088 ex
229 2067 293 2098 qua
307 2056 437 2088 scilicet
454 2057 564 2087 oleum
578 2066 645 2087 non
667 2060 720 2087 est
736 2065 876 2096 expres·
933 2055 1031 2088 citet.

175 2118 258 2138 sum.
304 2107 381 2138 Lib.
394 2117 417 2138 1.
446 2107 545 2147 Epig.
559 2109 612 2138 44.
646 2107 654 2123 ‘
666 2107 739 2138 'Nec
756 2107 798 2138 de
815 2106 874 2138 Pi·
973 2107 1079 2148 Finit]
1102 2107 1151 2138 Ut
1162 2105 1335 2138 fastidium
1352 2110 1481 2137 arceat.

174 2159 268 2190 cenis
281 2159 374 2189 venit
389 2158 475 2189 oliva
489 2157 606 2189 cadis!

756 2253 1037 2296 XXXVII.

709 2344 850 2374 MAhA
882 2345 1081 2375 olTREA.

175 2412 286 2453 AUT
311 2412 535 2466 Corcyraei
555 2416 654 2454 sunt
674 2413 773 2454 haec
793 2412 846 2453 de
867 2414 1098 2454 frondibus
1118 2412 1246 2461 horti,

230 2480 326 2521 Aut
344 2481 440 2521 haec
463 2481 651 2535 Massyli
673 2494 806 2534 poma
827 2481 1035 2523 draconis
1049 2485 1187 2526 erant.

214 2579 279 2629 ᾼιιι
297 2581 359 2612 hoec
381 2590 472 2621 poma
487 2582 558 2611 sunt
586 2590 625 2611 ex
644 2578 814 2618 frondibus
839 2581 923 2612 horst
939 2579 1110 2622 Corcyraei,
1125 2582 1179 2610 aut
1202 2579 1266 2609 hoec
1287 2580 1377 2609 erunt
1401 2575 1534 2616 Massyli
1556 2575 1630 2604 (1νά-

175 2633 271 2654 coms.

834 2666 978 2698 NOTAE

221 2733 235 2761 l
251 2730 314 2761 Aut
332 2730 504 2771 Corcyroei]
520 2729 607 2762 Haec
626 2740 736 2771 poma,
752 2731 875 2772 inquit,
931 2728 1163 2770 Hesperidum
1193 2728 1302 2758 horto.
1364 2724 1450 2755 Vide
1492 2723 1552 2755 lib.
1594 2731 1629 2754 x.

177 2788 254 2814 sunt
283 2784 446 2824 decerpta
464 2788 521 2814 aut
538 2792 579 2814 ex
604 2782 739 2815 Alcmoi
760 2788 819 2814 aut
835 2792 875 2814 ex
932 2779 1031 2820 Epig.
1047 2781 1100 2810 94.
1117 2783 1152 2809 et
1171 2778 1225 2809 lib.
1242 2786 1292 2808 ιν.
1310 2776 1410 2817 Epig.
1427 2777 1480 2806 64.
