1893 3225
549 235 903 265 121’1GRAMMA'1‘L
923 235 950 263 λι
991 235 1081 264 Llu.
1117 235 1221 265 ΧΗ.
1496 226 1602 265 1017

816 332 844 363 Ν
853 330 954 361 OTAE

158 404 220 426 nec
243 396 345 427 ullum
374 401 539 437 praestant
565 407 673 436 usum,
701 406 761 427 cur
784 395 860 426 mit·
913 395 944 425 vi
959 395 1094 436 quidam
1108 396 1269 427 analectae
1286 395 1367 427 dicti
1382 395 1539 436 sunt,qui
1557 404 1607 425 re-

158 451 277 478 tuntur
292 447 333 478 ab
347 448 476 479 amico?
521 449 618 480 Prior
629 449 742 489 itaque
754 446 858 478 lectio
912 446 1033 488 liquias
1049 457 1066 477 e
1082 457 1195 478 mensa
1211 447 1374 478 cadentes
1390 446 1607 485 colligebant,

159 497 278 528 melior
312 498 457 530 videtur.
519 499 620 539 Legit
657 496 857 535 Scriverius,
912 500 946 526 et
981 496 1174 536 pavimenta
1205 496 1354 536 spongiis
1389 495 1605 526 mundabant.

162 548 237 578 Otia
252 549 304 579 sed
316 549 412 589 scopis
421 558 499 579 nunc
510 549 649 580 analecta
660 548 756 579 dabit.
779 547 857 578 Ser·
909 546 1049 578 Judicet
1062 548 1184 579 lector.

740 688 1038 729 LXXXIII.

703 777 1068 807 SCALPTORIUM.

164 841 440 884 DEFENDET
462 857 618 886 manus
639 845 734 887 haec
758 847 965 900 scapulas
986 845 1206 887 mordente
1226 846 1410 886 molesto

220 909 390 961 Pulice,
411 912 482 952 vel
504 913 542 953 si
563 913 669 966 quid
690 913 836 967 pulice
858 913 1093 954 sordidius.

209 1009 289 1083 lIIoec
304 1020 410 1042 manus
425 1012 562 1044 tuebitur
586 1015 725 1055 scapulas
738 1014 896 1045 mordente
912 1014 1084 1053 importuno
1105 1014 1216 1054 pulice,
1239 1015 1284 1045 rel
1297 1014 1324 1044 sc·
1337 1014 1409 1054 quid
1423 1017 1474 1043 est
1490 1012 1612 1052 turpius

166 1062 207 1091 pu
224 1062 278 1084 zce.

818 1099 956 1130 NOTAE

205 1168 428 1209 Scalptorium]
441 1169 488 1200 Ut
497 1170 575 1201 binc
588 1169 773 1211 colligitur,
787 1175 861 1202 erat
916 1169 1041 1200 tientes
1058 1170 1203 1209 scapulae
1231 1169 1482 1210 scaIpebantur,
1504 1174 1538 1199 et
1561 1178 1612 1199 ar·

163 1221 421 1252 instrumentum
437 1229 553 1251 manus
567 1219 686 1260 instar,
703 1230 767 1262 quo
784 1230 861 1261 pru·
915 1220 1080 1252 cebantur
1098 1221 1224 1261 pulices
1235 1226 1270 1252 et
1287 1221 1445 1262 pediculi.

742 1354 1034 1396 LXXXIV.

721 1444 1064 1475 MANUALE.

166 1510 244 1551 NE
266 1515 370 1563 toga
392 1511 601 1552 barbatos
621 1511 759 1553 faciat
779 1513 847 1553 vel
869 1513 1045 1566 paenula
1066 1514 1216 1562 libros,

226 1578 340 1620 Haec
360 1579 482 1620 abies
505 1580 669 1621 chartis
690 1588 886 1636 tempora
904 1582 1037 1634 longa
1059 1582 1194 1623 dabit.

209 1690 258 1721 Ne
272 1693 346 1730 toga
359 1694 412 1721 aut
425 1691 547 1732 paenula
560 1690 673 1732 efficiat
689 1690 783 1721 libros
799 1690 933 1731 villosos,
956 1691 1020 1721 hoec
1034 1690 1118 1722 abies
1132 1691 1187 1721 diu
1202 1690 1337 1721 servabit
1350 1690 1486 1721 chartas.

823 1765 963 1797 NOTAE

205 1830 366 1871 Manuale]
389 1830 466 1861 Hoc
494 1834 558 1870 est,
572 1840 615 1861 ex
630 1830 750 1861 abietis
766 1829 864 1861 tabu·
919 1834 1011 1860 reret
1027 1828 1111 1860 duro
1137 1834 1264 1868 mento,
1277 1833 1316 1860 ut
1334 1828 1421 1860 dixit
1437 1828 1545 1859 Poeta
1559 1828 1616 1860 lib.

161 1880 212 1930 lis,
229 1881 350 1922 quibus
374 1881 556 1922 tegebatur
575 1881 676 1921 liber,
700 1890 743 1912 ne
760 1881 863 1911 maui—
920 1889 944 1911 1.
958 1880 1058 1920 Epig.
1074 1882 1127 1911 67.

162 1930 223 1962 bus
239 1936 298 1963 aut
312 1932 385 1963 sinu
402 1936 554 1972 gestatus
567 1931 737 1973 tritusque
752 1931 863 1962 inhor-

766 2069 1031 2112 LXXXV.

637 2159 825 2191 LEOTUS
860 2162 1019 2190 PAVON
1032 2161 1161 2191 lNUs.

165 2228 372 2269 NoMlNA
394 2228 471 2269 dat
491 2229 672 2282 spondae
693 2230 829 2282 pictis
849 2229 1139 2283 pulcherrima
1161 2229 1318 2282 pennis

219 2296 355 2337 Nunc
373 2296 401 2338 J
407 2297 562 2337 unonis
584 2297 706 2338 avis:
738 2297 815 2338 sed
836 2298 958 2352 prius
982 2296 1128 2350 Argus
1152 2302 1259 2338 erat.

205 2395 337 2436 Spondae
351 2396 587 2428 denominantur
601 2407 620 2427 α
633 2396 867 2435 formosissima
880 2407 960 2427 nunc
975 2406 1030 2428 ave
1044 2397 1197 2428 Junonz's:
1221 2397 1274 2428 sed
1289 2398 1380 2427 antea
1395 2395 1502 2434 Argus
1517 2398 1593 2426 erut.

827 2483 966 2515 NOTAE

208 2550 225 2577 1
252 2547 390 2578 Nomina
403 2549 457 2578 dat
471 2548 609 2589 spondae]
632 2547 865 2590 Lectiquippe
920 2551 974 2580 13.
991 2548 1034 2579 de
1061 2549 1184 2579 mensis
1209 2548 1346 2579 citreis:
1372 2547 1381 2563 ‘
1396 2546 1480 2577 Sunt
1507 2549 1541 2575 et
1563 2553 1623 2575 un·

165 2598 325 2639 pavonini
351 2599 523 2637 dicuntur,
545 2608 612 2630 non
636 2599 736 2640 qnod,
762 2603 800 2630 ut
814 2598 863 2629 in·
919 2599 1024 2631 datim
1051 2600 1187 2640 crispae,
1211 2598 1337 2638 majore
1359 2597 1481 2637 gratia,
1507 2595 1535 2625 si
1562 2604 1620 2635 pa-

169 2649 242 2690 quit
259 2649 426 2689 Raderus,
453 2653 650 2690 tegerentur
670 2649 789 2690 pennis
806 2653 865 2680 aut
919 2660 1040 2682 vonum
1057 2651 1174 2682 eaudae
1191 2650 1302 2681 oculos
1316 2645 1512 2679 imitentur?

167 2699 271 2730 oculis
297 2709 478 2740 pavonum,
509 2700 568 2731 sed
598 2700 713 2732 citreis
743 2699 866 2731 tabulis
963 2703 983 2732 2
1007 2701 1068 2731 Sed
1080 2701 1169 2741 prius
1192 2698 1314 2738 Argus]
1347 2698 1411 2730 Qui
1440 2706 1560 2737 nempe
1585 2696 1619 2727 in

167 2759 242 2790 quae
260 2749 391 2790 plumas
406 2760 619 2792 gemmasque
641 2760 807 2792 pavonum
823 2760 867 2782 ae-
921 2760 1087 2791 pavonem
1103 2749 1231 2782 Junoni
1247 2758 1377 2779 sacrum
1398 2747 1464 2778 fuit
1479 2756 1618 2778 eonver-

168 2800 387 2833 mularentur.
438 2800 569 2832 Plinius
596 2801 654 2834 lib.
678 2809 761 2832 xm.
790 2810 866 2842 cap.
922 2811 989 2832 sus.
1034 2800 1146 2840 Hujus
1161 2797 1279 2830 fabula
1294 2798 1345 2830 vel
1363 2797 1475 2839 pueris
1491 2800 1582 2828 nota.
