1893 3225
217 241 302 283 890

694 252 743 281 M.
777 252 886 282 VAL.
920 252 1192 283 MARTIAIAS

217 346 439 387 Cretatam
460 350 624 400 praetor
642 359 742 386 cum
764 347 896 388 vellet
916 347 1089 388 mittere
1106 359 1315 400 mappam
1334 361 1345 398 3

276 414 461 455 Praetori
482 427 688 468 mappam
711 415 881 469 surpuit
903 415 1223 467 Hermogenes.

1613 415 1667 455 10

215 481 444 523 Attulerat
458 495 667 536 mappam
688 495 828 533 nemo,
850 483 952 524 dum
974 484 1091 523 surta
1114 484 1345 523 timentur:

277 548 325 589 M
330 550 464 591 antile
485 563 509 590 e
528 563 676 592 mensa
697 552 868 605 surpuit
888 551 1208 604 Hermogenes.

216 617 320 658 Hoc
342 631 516 672 quoque
539 619 577 659 si
599 619 750 669 deerit,
782 619 951 660 medios
974 620 1213 672 discingere
1236 618 1394 667 lectos,

274 684 615 739 Mensarumque
636 686 774 740 pedes
795 700 876 727 non
899 687 1022 728 timet
1043 687 1365 738 Hermogenes.

217 753 436 804 Quamvis
458 767 541 794 non
564 754 741 795 modico
763 755 939 795 caleant
960 754 1216 808 spectacula
1238 752 1358 801 Sole,

1617 753 1671 794 15

271 821 387 862 Vela
407 821 684 871 reducuntur,
709 835 808 862 cum
832 823 950 862 venit
974 822 1288 874 Hermogenes.

217 889 449 931 Festinant
467 890 625 943 trepidi
648 890 945 943 substringere
968 891 1159 930 carbasa
1180 897 1341 942 nautae,

273 956 343 997 Ad
366 962 541 1011 portum
560 959 731 1012 quoties
754 959 900 1011 paruit
922 958 1234 1011 Hermogenes.

215 1026 406 1080 Linigeri
427 1028 596 1080 fugiunt
617 1027 748 1076 calvi,
771 1027 1040 1081 sistrataque
1061 1028 1203 1077 turba,

272 1094 394 1135 Inter
415 1095 650 1136 adorantes
674 1109 771 1136 cum
794 1097 916 1138 stetit
938 1096 1255 1148 Hermogenes.

1609 1094 1665 1135 20

215 1162 287 1203 Ad
309 1176 481 1204 coenam
505 1162 810 1215 Hermogenes
833 1177 1038 1218 mappam
1062 1178 1145 1204 non
1168 1163 1321 1204 attulit
1342 1175 1556 1216 unquam:

269 1229 312 1271 A
335 1243 463 1272 coena
483 1244 654 1285 semper
673 1232 822 1273 retulit
845 1232 1166 1285 Hermogenes,

213 1359 355 1390 mogenes
367 1349 507 1380 subducit
523 1360 664 1390 mappam
678 1350 821 1390 proetorz'.

214 1397 287 1424 tur:
319 1393 532 1433 Hermogenes
549 1394 698 1424 subduxit
716 1394 843 1424 mantile
862 1404 877 1423 e
892 1404 1008 1424 mensa.

870 1351 983 1381 Nullus
998 1351 1148 1381 attulerat
1162 1359 1316 1390 mappam,
1339 1349 1410 1380 dum
1424 1348 1519 1387 sarta
1535 1351 1671 1378 metuun-

1055 1394 1092 1423 Si
1108 1393 1162 1423 hoc
1177 1396 1269 1422 etlam
1285 1392 1450 1431 defecerit,
1472 1402 1530 1422 non
1548 1391 1671 1421 dubitat

209 1437 319 1466 radere
345 1437 447 1474 lectos,
462 1440 490 1466 et
516 1438 604 1475 pedes
630 1446 814 1468 mensarum.
860 1437 947 1467 Licet
970 1437 1146 1476 spectacula
1180 1436 1298 1465 caleant
1323 1435 1493 1465 vehementi
1509 1435 1582 1472 sole,
1605 1434 1671 1464 vela

214 1480 405 1518 colliguntur
420 1489 487 1509 cum
507 1479 719 1516 Hermogenes
732 1479 859 1509 accedit.
890 1480 1005 1510 Nautoe
1020 1479 1190 1509 meticulosi
1200 1477 1395 1514 festinanter
1407 1477 1591 1507 contrahunt
1604 1486 1671 1506 car-

214 1521 299 1560 basa,
315 1523 433 1561 quoties
449 1522 663 1558 Hermogenes
682 1523 764 1551 risus
779 1527 823 1552 est
839 1524 880 1552 ad
899 1525 1030 1562 portum.
1079 1521 1170 1551 Calvi
1198 1520 1327 1559 linigerz'
1338 1519 1482 1559 fagiunt,
1497 1523 1527 1550 et
1542 1519 1674 1549 sistram.

214 1566 303 1595 turba
317 1564 421 1603 sugit,
439 1575 506 1595 cum
526 1565 735 1603 Hermogenes
755 1566 843 1595 stetit
861 1565 944 1595 inter
969 1566 1146 1595 adorantes.
1194 1564 1361 1603 Nunquam
1378 1562 1592 1601 Hermogenes
1613 1572 1668 1602 ap-

210 1608 350 1647 portarit
363 1617 503 1648 mappam
529 1610 569 1638 ad
583 1618 699 1638 coenam
710 1618 721 1644 ;
746 1608 959 1647 Hermogenes
973 1617 1091 1647 semper
1106 1618 1122 1637 a
1139 1617 1223 1637 coena
1235 1606 1416 1646 reportavit.

821 1679 1059 1690 aeaeaeteeenm

213 1726 298 1754 —13
322 1723 525 1762 Distringere
542 1723 621 1756 edd.
642 1730 725 1756 vett.
743 1730 778 1756 et
804 1725 932 1765 Delpli.
963 1723 1125 1765 Diffi-ing.
1141 1724 1208 1755 Ms.
1226 1724 1258 1754 in
1276 1734 1382 1764 marg.
1409 1723 1463 1754 ed.
1477 1723 1558 1753 Par.
1576 1724 1671 1754 1617.

216 1766 363 1797 Consule
393 1768 475 1797 Var.
510 1768 591 1798 Not.
630 1768 795 1808 ‘Discing.
826 1768 934 1799 edidit
964 1768 1174 1799 Sci-iveritis:

213 1810 341 1850 Caper.
376 1810 461 1840 Obs.
493 1818 545 1840 lv.
578 1814 609 1841 5.
637 1820 803 1851 reponere
849 1816 983 1842 tentans
1012 1811 1166 1850 desa-ing.

1220 1773 1326 1798 recte.
1376 1768 1502 1798 Tamen
1533 1765 1672 1796 damnat

1226 1811 1363 1841 Nullam
1407 1818 1541 1840 causam
1577 1807 1674 1838 video

214 1862 276 1882 our
304 1853 438 1892 discing.
467 1853 647 1894 displiceat
685 1855 781 1886 adeo.
799 1853 964 1886 ....Vides
989 1854 1123 1892 discing.
1151 1854 1279 1884 moveri
1303 1863 1370 1884 non
1400 1851 1581 1882 debuisse?
1626 1851 1675 1881 De

213 1896 314 1936 Rooy.

875 1939 1019 1971 NOTAE

255 2007 275 2034 9
303 2004 477 2044 Cretatam]
515 2004 654 2044 Signum
681 2014 803 2045 nempe
827 2004 915 2045 quod

213 2055 388 2087 mittendis
412 2056 584 2097 quadrigis
601 2056 750 2087 dabatur
772 2056 806 2086 in
827 2055 917 2086 ludis

214 2107 443 2139 Circensibus.
490 2107 644 2138 Raderus
679 2117 721 2138 ex
759 2106 916 2138 Cedreno

212 2157 426 2197 refert‚hanc
450 2157 553 2189 fuisse
579 2158 795 2189 occasionem
819 2169 914 2199 map-

214 2219 267 2249 pm
295 2209 329 2239 in
361 2209 486 2240 circum
516 2209 706 2247 mittendae,
730 2207 820 2249 quod
845 2219 914 2239 ma-

214 2261 388 2299 gistratus,
409 2265 488 2290 ante
503 2260 713 2299 missionem,
727 2269 831 2300 super
847 2259 913 2290 for·

213 2310 305 2340 nices
322 2319 495 2340 carcerum
522 2319 563 2341 eo
581 2310 654 2341 loco
671 2311 760 2341 unde
781 2315 913 2351 specta-

210 2360 913 2402 bant,conviviumcurarent‚mappamque

213 2411 248 2441 in
265 2416 418 2451 tempore
433 2411 611 2452 mappario
628 2411 829 2442 mittendam
849 2419 917 2442 tra-

214 2462 350 2493 derent.

257 2514 295 2542 11
320 2512 482 2543 Attulerat
499 2512 657 2553 mappam]
683 2511 737 2542 Ad
761 2512 918 2543 convivia

212 2562 336 2602 singuli
351 2560 542 2592 afferebant
555 2571 631 2592 suas
644 2572 805 2602 mappas:
824 2572 916 2592 man-

215 2613 274 2643 tile
307 2621 396 2650 vero,
432 2612 546 2652 inquit
576 2611 746 2652 Raderus,
776 2613 917 2643 linteum

212 2663 344 2694 scilicet
362 2662 537 2703 tergendis
564 2663 716 2694 manibus
741 2669 873 2704 aptum,
899 2674 917 2694 a

217 2714 438 2744 convivatore
456 2712 652 2753 parabatur.

260 2767 299 2795 13
317 2764 502 2803 Discingere
512 2763 747 2804 [Distringere]
765 2764 839 2795 Hoc
853 2770 916 2804 est,

218 2816 369 2855 stragula
395 2816 571 2854 lectorum,
599 2814 719 2856 quibus
739 2816 916 2847 accumbe-

973 2004 1070 2043 bant,
1095 2004 1292 2044 surripere:
1323 2003 1377 2033 vel
1416 2001 1505 2034 forte
1541 2001 1676 2037 melius,

972 2055 1111 2086 laminas
1136 2065 1255 2086 aureas
1282 2054 1337 2085 vel
1370 2057 1550 2094 argenteas
1576 2051 1675 2082 lectis

972 2106 1150 2138 deradere.

1016 2160 1056 2190 14
1088 2158 1328 2197 Mensarumque
1354 2155 1462 2197 pedes]
1499 2154 1676 2186 Eburneos

972 2210 1142 2248 nimirum,
1158 2214 1217 2240 aut
1234 2209 1345 2250 potius
1357 2208 1508 2247 intellige
1525 2206 1568 2236 ab
1585 2205 1673 2236 Her-

972 2271 1114 2301 mogene
1145 2264 1324 2300 argenteas
1355 2258 1513 2288 bracteas
1543 2264 1676 2286 mensa-

972 2321 1045 2342 rum
1063 2311 1204 2351 pedibus
1221 2310 1359 2340 derasas
1375 2307 1488 2347 fuisse,
1502 2306 1604 2347 Epig.
1620 2307 1674 2336 33.

971 2361 1031 2392 lib.
1047 2371 1129 2392 vni.

1015 2414 1054 2442 16
1083 2411 1157 2442 Vela
1180 2410 1383 2450 reducuntur]
1407 2409 1511 2449 Epig.
1539 2410 1591 2438 39.
1615 2407 1675 2438 lib.

970 2471 1024 2493 lx.
1069 2462 1156 2492 Vela
1195 2466 1311 2491 antem
1342 2459 1594 2499 colligebantur
1633 2467 1674 2488 ne

971 2513 1013 2544 ab
1030 2513 1247 2553 Hermogene
1263 2511 1527 2550 surriperentur.

1015 2567 1055 2595 19
1078 2562 1240 2603 Linigeri]
1275 2561 1377 2593 Isidis
1406 2559 1603 2591 sacerdotes
1625 2558 1674 2588 in-

975 2619 1181 2655 terpretare,
1210 2622 1351 2655 quorum
1389 2616 1504 2642 vestes
1537 2620 1579 2641 ex
1607 2609 1676 2640 lino

973 2665 1140 2697 confectae
1167 2664 1416 2696 candidissima?
1447 2666 1567 2693 erant:
1601 2661 1675 2692 illos

973 2716 1141 2747 sistratam
1170 2715 1300 2746 turbam
1327 2719 1439 2753 vocat,
1460 2713 1548 2755 quod
1573 2712 1672 2742 sistra

972 2777 1031 2797 seu
1056 2766 1270 2807 crepitacula
1299 2769 1481 2807 quaterent
1506 2773 1599 2794 sacra
1616 2772 1675 2793 sua

973 2818 1198 2850 celebrantes.
