1893 3225
579 236 600 263 13
611 235 753 264 vmstA
765 234 790 261 M
804 234 831 261 M
846 234 939 262 ATU
951 234 978 261 λ]
1020 233 1111 261 Llss.
1135 231 1182 260 X.

775 422 1007 463 LXXIV.

735 524 799 553 An
835 523 1030 553 RoMAM.

276 604 305 644 J
311 615 379 644 AM
404 601 536 658 parce
556 605 690 653 lasso,
712 602 872 651 Roma,
893 602 1160 653 gratulatori‚

279 672 418 713 Lasso
443 673 611 713 clienti:
644 671 850 725 quamdiu
872 670 1084 711 salutator

242 744 244 747 ’
278 738 648 781 Anteambulones
670 742 711 780 et
732 738 956 791 togatulos
976 738 1087 779 inter

280 807 464 848 Centum
486 809 685 849 merebor
707 807 936 860 plumbeos
957 806 1027 847 die
1047 812 1143 849 toto
1159 808 1178 846 ‘l

278 875 390 915 Cum
412 875 607 929 Scorpus
625 889 712 916 una
733 875 982 929 quindecim
1002 888 1156 928 graves
1176 874 1284 915 hora
1583 870 1610 909 5

278 942 507 983 Ferventis
530 943 624 983 auri
645 944 787 984 victor
809 942 977 984 auferat
999 956 1184 984 saccos:

277 1009 380 1049 Non
397 1023 477 1063 ego
497 1023 694 1051 meorum
715 1010 947 1064 praemium
968 1010 1225 1059 libellorum,

273 1076 418 1130 (Quid
439 1078 551 1118 enim
573 1082 788 1119 merentur
801 1076 843 1130 Τ)
864 1077 1037 1130 Apulos
1058 1078 1190 1118 velim
1212 1087 1408 1129 campos.

277 1143 380 1185 Non
399 1144 565 1198 Hybla,
586 1158 675 1185 non
695 1158 765 1185 me
784 1144 962 1197 spicifer
983 1145 1106 1198 capit
1128 1144 1260 1185 Nilus
1277 1157 1289 1195 ;

276 1212 320 1252 N
324 1225 373 1253 ec
395 1225 495 1266 quae
518 1212 700 1266 paludes
724 1212 916 1253 delicata
939 1212 1202 1265 Pomptinas
1557 1208 1612 1248 10

274 1279 344 1320 Ex
366 1292 464 1321 arce
487 1280 591 1321 clivi
614 1283 789 1333 spectat
804 1292 894 1320 uva
915 1279 1072 1321 Setini.

274 1346 392 1397 Quid
415 1348 727 1402 concupiscam
750 1347 912 1401 quaeris
933 1348 1062 1400 ergo?
1096 1346 1298 1388 dormire.

205 1479 234 1510 0
252 1480 360 1518 Roma,
373 1481 442 1519 jum
459 1481 584 1511 dimitte
603 1479 810 1519 defatigatum
830 1481 1070 1519 gratulatorem,
1093 1479 1303 1519 defatigatum
1328 1478 1487 1509 clz'entem:
1508 1487 1613 1517 quam-

158 1522 213 1552 diu
227 1523 380 1552 salutator
403 1523 486 1553 inter
499 1523 746 1554 anteambulones
769 1526 800 1554 et
824 1524 979 1562 togatulos
993 1526 1056 1554 toto
1073 1523 1122 1553 die
1136 1522 1273 1553 merebor
1296 1525 1418 1553 centum
1430 1520 1582 1561 plumbeos
1595 1518 1611 1550 ΞΡ

158 1575 224 1595 cum
240 1566 340 1595 victor
355 1566 489 1605 Scorpus
508 1575 570 1596 una
585 1566 660 1596 hora
675 1570 877 1606 consequatur
891 1566 1066 1606 quindecim
1085 1575 1197 1603 graves
1221 1575 1322 1595 saccos
1346 1565 1416 1595 auri
1433 1563 1609 1601 ferventis:

157 1617 213 1646 ego
227 1617 286 1638 non
309 1612 451 1648 exoptem
467 1610 582 1648 Apulos
597 1618 717 1648 campos
740 1609 906 1639 mercedem
933 1618 1066 1638 meorum
1089 1608 1248 1646 librorum,
1270 1608 1368 1647 (quid
1393 1607 1474 1637 enim
1492 1614 1613 1636 meren-

160 1649 256 1687 turst)
281 1651 353 1681 Non
371 1650 490 1691 Hybla,
514 1662 574 1682 mm
593 1651 692 1688 ferax
717 1651 873 1690 spicarum
904 1651 996 1681 Nilus
1022 1655 1120 1681 movet
1145 1661 1203 1690 me,
1225 1660 1278 1680 uec
1300 1650 1431 1680 delicata
1453 1658 1525 1686 uta,
1548 1657 1615 1687 quoe

158 1703 198 1723 ex
214 1703 283 1724 arce
305 1693 407 1724 Setini
435 1693 520 1724 collis
537 1694 691 1734 prospicit
714 1693 843 1734 paludes
868 1694 1032 1724 Pontinas.
1079 1693 1198 1734 Rogas,
1219 1692 1294 1734 quid
1315 1692 1417 1732 igitur
1443 1687 1613 1731 expetam?

159 1736 304 1767 dormire.
1480 1738 1483 1741 ’

774 1797 1007 1810 eeeeeeeeeeee

202 1852 221 1880 6
249 1848 315 1880 Alii
332 1849 451 1890 legunt
465 1847 593 1890 afferat.

818 1918 958 1950 NOTAE

200 2007 219 2035 3
243 2004 517 2044 Anteambulones]
544 2005 595 2036 De
612 2003 795 2046 quibus,et
809 2009 859 2036 to·
915 2005 959 2036 tis
972 2005 1086 2036 colore
1104 2004 1219 2042 rutilo,
1235 2003 1345 2045 inquit
1362 2004 1507 2035 Farnab.

159 2056 247 2097 gatis
259 2055 382 2096 saepius
394 2055 538 2086 dictum.
956 2057 976 2086 9
1001 2054 1126 2096 Hybla]
1149 2055 1249 2087 Mons
1265 2054 1389 2085 Siciliae
1401 2053 1500 2085 melle
1515 2052 1618 2084 abun-

199 2111 219 2139 4
246 2108 378 2138 Centum
391 2107 543 2147 merebor]
570 2106 647 2137 Hoc
673 2110 738 2145 est,
765 2115 858 2147 spor·
915 2106 1008 2137 dans.

157 2159 262 2189 tutam
279 2163 415 2188 centum
433 2157 672 2198 quadrantum,
698 2166 781 2197 quos
799 2166 859 2197 per
958 2160 995 2188 11
1026 2156 1093 2187 Uva
1133 2155 1252 2196 Setini]
1285 2155 1378 2186 Setia
1414 2154 1493 2186 urbs
1523 2154 1614 2186 Latii

158 2213 368 2240 contemtum
395 2206 618 2248 ‘plumbeos’
647 2211 757 2247 vocat,
783 2216 859 2238 cum
907 2207 1007 2247 juxta
1034 2206 1200 2236 Pontinas
1231 2205 1387 2246 paludes,
1414 2204 1472 2236 ubi
1501 2205 1615 2235 vinum

160 2265 273 2291 tamen
286 2263 402 2290 essent
417 2269 460 2289 ex
478 2269 556 2290 aere.
913 2256 1096 2298 optimum:
1132 2256 1228 2295 Epig.
1253 2258 1307 2287 69.
1337 2255 1396 2286 lib.
1412 2264 1465 2286 lv.

199 2315 218 2342 5
257 2312 337 2342 Cum
372 2309 519 2351 Scorpus]
551 2309 761 2350 Aurigas‘de
792 2319 858 2350 quo
958 2310 997 2338 12
1014 2305 1174 2345 Dormire]
1190 2305 1368 2338 Juvenalis
1381 2306 1452 2337 Sat.
1469 2314 1527 2336 111.
1545 2314 1619 2335 ver-

159 2362 258 2402 Epig.
270 2365 324 2393 50.
337 2371 461 2401 supra:
478 2361 603 2401 aurigae
617 2370 698 2392 vero
712 2359 859 2391 victores
915 2367 953 2388 su
967 2361 1019 2389 55.
1046 2358 1054 2374 ‘
1071 2356 1171 2387 Tanti
1189 2355 1251 2387 tibi
1265 2365 1330 2386 non
1349 2355 1395 2386 sit
1419 2355 1519 2396 opaci
1533 2354 1614 2386 Om-

157 2412 190 2442 in
207 2411 393 2442 certamine
404 2410 486 2442 circi
498 2411 637 2452 praemia
651 2409 769 2442 summi
782 2419 858 2450 pre·
913 2408 965 2438 nis
1004 2417 1109 2438 arena
1138 2406 1232 2446 Tagi,
1263 2405 1423 2447 quodque
1461 2406 1493 2436 in
1521 2415 1614 2437 mare

160 2462 199 2492 tii
215 2460 419 2493 referebant.
913 2460 1062 2491 volvitur
1075 2467 1205 2497 aurum,
1222 2457 1271 2488 Ut
1287 2465 1402 2488 somno
1417 2458 1556 2488 careas.'

201 2515 221 2542 6
246 2512 410 2543 Ferventis
424 2512 511 2553 auri]
538 2513 615 2545 Hoc
641 2518 707 2555 est,
725 2512 858 2545 radian-
