1893 3225
551 273 957 304 EPlGRAMMA'rUM
998 275 1092 305 mn.
1127 275 1199 305 ix.
1507 267 1593 308 707

787 434 939 477 XCV.

645 526 708 556 DE
742 525 1074 556 HIPPOGRA'PE.

134 595 427 637 SAN'rONch
453 594 678 636 medicata
699 595 822 636 dedit
841 594 949 635 mihi
970 594 1134 648 pocula
1155 594 1305 647 virga:

190 663 256 704 Os
273 664 485 704 hominis!
518 663 713 704 mulsum
735 676 805 703 me
826 667 957 716 rogat
979 662 1302 717 Hippocrates.

131 731 244 772 Tam
268 732 472 785 stupidus
489 745 711 786 nunquam
730 745 812 773 nec
835 736 899 782 tu,
923 735 1046 785 puto,
1069 731 1257 782 Glauce,
1278 730 1417 781 suisti,

189 798 381 840 Chalcea
401 799 582 840 donanti
599 798 796 853 Chrysea
817 800 893 854 qui
913 798 1113 840 dederas.

132 866 277 907 Dulce
299 867 460 921 aliquis
481 880 636 908 munus
658 880 737 921 pro
757 880 936 908 munere
956 867 1101 921 poscit
1122 867 1306 907 amaro?
1564 868 1593 908 5

192 933 415 988 Accipiat,
437 934 515 975 sed
537 935 575 975 si
595 938 723 988 potat
742 935 786 975 in
807 934 1045 975 helleboro.

175 1031 385 1073 Hippocrates
414 1033 492 1064 mihi
518 1034 643 1064 donavit
667 1033 778 1074 pocula
807 1031 927 1063 imbuta
949 1032 1042 1072 virga
1068 1031 1265 1063 Sanctonica.
1312 1032 1343 1064 Ο
1372 1031 1595 1072 impudentiam

0 1078 1 1101 l
130 1075 273 1115 hominis,
295 1086 313 1106 α
339 1086 386 1106 me
409 1077 491 1116 petit
514 1078 654 1107 mulsum.
701 1076 732 1107 O
763 1076 894 1114 Glauce,
918 1085 1076 1115 nunquam
1097 1078 1162 1105 tum
1188 1075 1300 1105 bardus
1323 1084 1379 1105 nec
1405 1078 1450 1114 tu,
1475 1077 1594 1116 opinor,

122 1116 231 1157 fuisti,
253 1119 304 1158 qui
319 1120 448 1150 dederas
463 1129 557 1150 aurea
579 1129 671 1150 arma
686 1119 816 1149 donanti
836 1128 927 1150 oerea.
973 1118 1030 1150 An
1051 1118 1164 1158 aliquis
1183 1117 1266 1159 petit
1290 1119 1404 1149 donum
1428 1119 1516 1151 dulce
1534 1130 1594 1161 pro

130 1159 262 1192 amaro?
285 1161 433 1202 accipiat,
455 1163 508 1192 sed
518 1163 545 1193 εἰ
557 1162 662 1192 haurit
678 1162 710 1193 in
723 1161 885 1192 helleboro.

0 1247 7 1330 i
174 1282 190 1310 1
215 1279 387 1311 Snrdonica
402 1280 535 1312 Thuan.
550 1281 632 1312 Vat.
677 1280 748 1312 Alii
763 1280 883 1319 legunt
899 1279 1099 1311 Sardum—6
1124 1280 1206 1312 Ant.
1222 1280 1264 1312 de
1281 1281 1378 1321 Rooy
1392 1282 1489 1312 malit
1503 1283 1596 1314 Acci-

2 1321 7 1371 i
127 1321 220 1363 piat;
248 1324 302 1354 sed
316 1323 382 1355 sic:
401 1327 491 1365 potet
513 1325 547 1355 in
567 1323 729 1356 helleboro.
764 1322 862 1364 ‘Sicss
886 1323 920 1354 id
937 1329 991 1355 est
1013 1324 1096 1355 ‘hoc
1110 1329 1225 1365 pacto,
1239 1324 1302 1355 hac
1319 1324 1538 1357 conditione?

796 1410 942 1443 NOTAE

176 1469 362 1510 Santonica]
386 1470 463 1502 Hoc
489 1475 555 1510 est,
581 1471 713 1503 imbuta
729 1471 837 1502 absin·
892 1471 992 1501 melle
1016 1470 1187 1502 confecta.

132 1520 214 1559 thio,
227 1521 270 1551 de
287 1531 354 1562 quo
368 1522 416 1552 sic
434 1521 566 1552 Plinius
580 1521 638 1552 lib.
652 1531 744 1553 xvn.
761 1531 836 1562 cap.
935 1523 953 1551 3
979 1521 1112 1561 Glauce]
1135 1522 1204 1554 Qui
1228 1532 1329 1553 aurea
1346 1532 1404 1554 sua
1418 1533 1509 1556 arma
1533 1524 1599 1557 fer-

133 1573 164 1601 7.
201 1571 210 1587 ‘
229 1570 399 1601 Absinthii
439 1581 565 1611 genera
614 1577 692 1602 sunt
726 1572 836 1611 plura.
894 1572 960 1602 reis
983 1573 1193 1612 permutavit
1220 1582 1295 1603 cum
1321 1574 1500 1616 Diomede,
1529 1578 1601 1609 Ho.

131 1621 369 1651 Sanctonicnm
381 1621 574 1661 appellatur
587 1631 605 1651 a
618 1621 741 1652 Galliae
755 1621 837 1651 civi·
893 1631 977 1652 mer.
992 1622 1092 1652 Iliad.
1103 1632 1136 1653 v.

134 1676 220 1709 tate,
248 1671 429 1702 Ponticum
457 1681 477 1702 a
493 1671 606 1702 Ponto
630 1671 687 1702 ubi
714 1681 838 1711 pecora
936 1676 956 1703 6
980 1673 1042 1704 Sed
1057 1674 1084 1704 si
1095 1672 1198 1713 potat]
1216 1674 1599 1717 Hocest,ealegemul-

134 1723 364 1763 pinguescunt
380 1722 458 1753 illo!
468 1722 602 1762 Legunt
615 1721 838 1759 alii‚Surdon:
894 1732 965 1753 sum
983 1723 1084 1762 dabo,
1103 1728 1139 1753 ιη
1162 1723 1244 1754 illud
1274 1730 1373 1764 potet
1398 1726 1496 1759 simul
1522 1740 1599 1762 cum

134 1773 167 1803 iu
181 1772 339 1803 Sardinia
356 1782 478 1812 nempe
493 1773 608 1803 multae
625 1777 704 1803 suut
719 1773 836 1803 herbae
894 1773 1081 1812 helleboro,
1097 1774 1185 1815 quod
1202 1774 1365 1806 insaniam
1383 1784 1519 1821 purgat,
1536 1781 1598 1814 hoc

133 1827 323 1854 venenatae.
894 1828 956 1864 est,
969 1825 996 1855 si
1013 1824 1167 1856 fateatur
1182 1835 1217 1856 se
1232 1826 1391 1859 insanire.

175 1877 195 1905 2
227 1873 381 1913 Mulsum]
416 1872 517 1905 Potio
548 1878 599 1904 est
630 1883 671 1904 ex
697 1874 775 1904 vino
802 1877 837 1904 et

774 2030 954 2072 XCVI.

635 2121 699 2150 DE
732 2121 1095 2152 ATHENAGORA.

136 2186 396 2229 ALPHwUS
418 2193 519 2230 ante
539 2189 649 2240 fuit3
683 2190 824 2243 coepit
844 2204 956 2232 nunc
978 2190 1149 2232 Olficus
1173 2205 1285 2241 esse,

193 2256 391 2297 Uxorem
412 2262 646 2311 postquam
667 2258 794 2299 duxit
817 2257 1136 2311 Athenagoras.

136 2323 312 2366 Nomen
334 2325 623 2379 Athenagorae
643 2326 802 2376 credis,
823 2327 1095 2377 Callistrate,
1117 2341 1267 2368 verum

191 2393 240 2433 Si
261 2396 372 2445 scio,
395 2395 656 2449 dispeream,
677 2396 779 2449 quis
803 2396 862 2436 sit
883 2394 1208 2449 Athenagoras.

138 2585 158 2616 b
182 2543 222 2573 In
247 2543 308 2575 hoc
326 2545 570 2586 epigrammate
587 2548 784 2579 exhibendo
815 2549 896 2579 nihil
917 2548 1060 2585 variant,
1085 2548 1172 2590 quod
1199 2548 1314 2588 sciam,
1330 2547 1408 2579 libri
1424 2552 1481 2579 aut
1498 2558 1601 2580 mem-

163 2595 272 2617 ranae.

797 2635 938 2666 NOTAE

186 2695 201 2723 1
239 2692 404 2733 Alphicus]
438 2694 495 2725 De
524 2694 745 2737 Athenagora
770 2698 842 2738 jam
901 2699 1008 2730 (lucta
1035 2708 1140 2729 uxore
1168 2699 1272 2739 coepit
1296 2699 1426 2738 lingere
1443 2707 1604 2737 cunnum,

141 2743 270 2774 dictum
285 2744 383 2784 Epig.
395 2747 447 2776 41.
463 2745 521 2776 lib.
542 2755 622 2778 vul.
644 2747 842 2789 ‘Alphicus‚’
899 2749 1209 2790 inquitDomitius;
1234 2749 1321 2780 unde
1336 2748 1447 2780 factus
1465 2753 1518 2780 est
1534 2752 1541 2766 ‘
1556 2748 1604 2778 01·

142 2794 176 2825 id
206 2799 273 2834 est,
298 2795 449 2825 medicus
477 2805 598 2827 curans
628 2798 843 2839 vitiliginem,
898 2799 1008 2841 ficus,'
1022 2800 1084 2831 hoc
1098 2805 1163 2840 est,
1177 2799 1297 2831 olfacit
1313 2808 1470 2830 cunnum.

143 2854 218 2886 quae
250 2846 384 2877 Graecis
412 2844 511 2886 ἅλφος
539 2845 681 2880 dicitur.
733 2849 843 2880 Porro
