<?xml version="1.0" encoding="UTF-8"?>
<!DOCTYPE html PUBLIC "-//W3C//DTD XHTML 1.0 Transitional//EN"
    "http://www.w3.org/TR/xhtml1/DTD/xhtml1-transitional.dtd">
<html xmlns="http://www.w3.org/1999/xhtml" xml:lang="en" lang="en">
 <head>
  <title>
</title>
<meta http-equiv="Content-Type" content="text/html;charset=utf-8" />
  <meta name='ocr-system' content='tesseract 3.04.00' />
  <meta name='ocr-capabilities' content='ocr_page ocr_carea ocr_par ocr_line ocrx_word'/>
</head>
<body>
  <div class='ocr_page' id='page_1' title='image "./epigrammataexedi02martuoft_0558.png"; bbox 0 0 1893 3225; ppageno 0'>
   <div class='ocr_carea' id='block_1_1' title="bbox 223 210 1205 252">
    <p class='ocr_par' dir='ltr' id='par_1_1' title="bbox 223 210 1205 252">
     <span class='ocr_line' id='line_1_1' title="bbox 223 210 1205 252; baseline -0.007 -2"><span class='ocrx_word' id='word_1_1' title='bbox 223 210 336 252; x_wconf 71' lang='lat'>1046</span> <span class='ocrx_word' id='word_1_2' title='bbox 703 218 751 246; x_wconf 83' lang='lat' dir='ltr'>M.</span> <span class='ocrx_word' id='word_1_3' title='bbox 787 215 896 246; x_wconf 58' lang='lat' dir='ltr'>VAL.</span> <span class='ocrx_word' id='word_1_4' title='bbox 930 214 1205 245; x_wconf 57' lang='lat' dir='ltr'>MAR&#39;riAms</span> 
     </span>
    </p>
   </div>
   <div class='ocr_carea' id='block_1_2' title="bbox 221 382 1434 661">
    <p class='ocr_par' dir='ltr' id='par_1_2' title="bbox 221 382 1434 661">
     <span class='ocr_line' id='line_1_2' title="bbox 845 382 1063 424; baseline -0.005 0"><span class='ocrx_word' id='word_1_5' title='bbox 845 382 1063 424; x_wconf 83' lang='lat' dir='ltr'>CLXIV.</span> 
     </span>
     <span class='ocr_line' id='line_1_3' title="bbox 819 472 1081 503; baseline 0 -1"><span class='ocrx_word' id='word_1_6' title='bbox 819 474 848 502; x_wconf 88' lang='lat' dir='ltr'>D</span> <span class='ocrx_word' id='word_1_7' title='bbox 869 474 883 502; x_wconf 77' lang='grc' dir='ltr'>Ι</span> <span class='ocrx_word' id='word_1_8' title='bbox 903 474 925 502; x_wconf 78' lang='lat' dir='ltr'>s</span> <span class='ocrx_word' id='word_1_9' title='bbox 945 474 969 502; x_wconf 88' lang='lat' dir='ltr'>c</span> <span class='ocrx_word' id='word_1_10' title='bbox 993 473 1020 503; x_wconf 82' lang='lat' dir='ltr'><strong>U</strong></span> <span class='ocrx_word' id='word_1_11' title='bbox 1042 472 1081 502; x_wconf 85' lang='lat' dir='ltr'>s.</span> 
     </span>
     <span class='ocr_line' id='line_1_4' title="bbox 221 536 1434 594; baseline 0.004 -18"><span class='ocrx_word' id='word_1_12' title='bbox 221 536 512 578; x_wconf 71' lang='lat' dir='ltr'>SPLENmDA</span> <span class='ocrx_word' id='word_1_13' title='bbox 537 552 636 580; x_wconf 87' lang='lat' dir='ltr'>cum</span> <span class='ocrx_word' id='word_1_14' title='bbox 656 540 840 582; x_wconf 82' lang='lat' dir='ltr'>volitent</span> <span class='ocrx_word' id='word_1_15' title='bbox 861 540 1065 594; x_wconf 81' lang='lat' dir='ltr'>Spartani</span> <span class='ocrx_word' id='word_1_16' title='bbox 1086 539 1287 594; x_wconf 81' lang='lat' dir='ltr'>pondera</span> <span class='ocrx_word' id='word_1_17' title='bbox 1308 539 1434 590; x_wconf 77' lang='lat' dir='ltr'>disci,</span> 
     </span>
     <span class='ocr_line' id='line_1_5' title="bbox 281 604 1290 661; baseline 0.005 -17"><span class='ocrx_word' id='word_1_18' title='bbox 281 604 389 646; x_wconf 84' lang='lat' dir='ltr'>Este</span> <span class='ocrx_word' id='word_1_19' title='bbox 412 607 576 659; x_wconf 86' lang='lat' dir='ltr'>procul,</span> <span class='ocrx_word' id='word_1_20' title='bbox 597 609 744 661; x_wconf 85' lang='lat' dir='ltr'>pueri:</span> <span class='ocrx_word' id='word_1_21' title='bbox 778 609 835 650; x_wconf 86' lang='lat' dir='ltr'>sit</span> <span class='ocrx_word' id='word_1_22' title='bbox 855 609 988 650; x_wconf 83' lang='lat' dir='ltr'>semel</span> <span class='ocrx_word' id='word_1_23' title='bbox 1010 608 1084 649; x_wconf 85' lang='lat' dir='ltr'>ille</span> <span class='ocrx_word' id='word_1_24' title='bbox 1109 621 1290 649; x_wconf 84' lang='lat' dir='ltr'>nocens.</span> 
     </span>
    </p>
   </div>
   <div class='ocr_carea' id='block_1_3' title="bbox 275 728 1682 771">
    <p class='ocr_par' dir='ltr' id='par_1_3' title="bbox 275 728 1682 771">
     <span class='ocr_line' id='line_1_6' title="bbox 275 728 1682 771; baseline 0.004 -14"><span class='ocrx_word' id='word_1_25' title='bbox 275 728 518 768; x_wconf 72' lang='lat' dir='ltr'>Cumfzdgenlia</span> <span class='ocrx_word' id='word_1_26' title='bbox 532 731 670 769; x_wconf 73' lang='lat' dir='ltr'>pondera</span> <span class='ocrx_word' id='word_1_27' title='bbox 685 731 762 761; x_wconf 76' lang='lat' dir='ltr'>disci</span> <span class='ocrx_word' id='word_1_28' title='bbox 780 730 932 770; x_wconf 75' lang='lat' dir='ltr'>Spartani</span> <span class='ocrx_word' id='word_1_29' title='bbox 944 732 1086 771; x_wconf 77' lang='lat' dir='ltr'><em>volitent,</em></span> <span class='ocrx_word' id='word_1_30' title='bbox 1099 741 1118 761; x_wconf 94' lang='grc' dir='ltr'>ο</span> <span class='ocrx_word' id='word_1_31' title='bbox 1127 731 1228 770; x_wconf 82' lang='lat' dir='ltr'>pueri,</span> <span class='ocrx_word' id='word_1_32' title='bbox 1243 732 1331 770; x_wconf 80' lang='lat' dir='ltr'>longe</span> <span class='ocrx_word' id='word_1_33' title='bbox 1346 731 1479 761; x_wconf 70' lang='lat' dir='ltr'>recedite</span> <span class='ocrx_word' id='word_1_34' title='bbox 1492 741 1502 762; x_wconf 86' lang='lat'>.·</span> <span class='ocrx_word' id='word_1_35' title='bbox 1514 730 1567 762; x_wconf 74' lang='lat' dir='ltr'>ille</span> <span class='ocrx_word' id='word_1_36' title='bbox 1577 735 1682 763; x_wconf 78' lang='lat' dir='ltr'>noceat</span> 
     </span>
    </p>
   </div>
   <div class='ocr_carea' id='block_1_4' title="bbox 226 771 1030 848">
    <p class='ocr_par' dir='ltr' id='par_1_4' title="bbox 226 771 1030 848">
     <span class='ocr_line' id='line_1_7' title="bbox 226 771 329 800; baseline 0 0"><span class='ocrx_word' id='word_1_37' title='bbox 226 771 329 800; x_wconf 76' lang='lat' dir='ltr'>semel.</span> 
     </span>
     <span class='ocr_line' id='line_1_8' title="bbox 884 816 1030 848; baseline 0 0"><span class='ocrx_word' id='word_1_38' title='bbox 884 816 1030 848; x_wconf 81' lang='lat' dir='ltr'>NOTAE</span> 
     </span>
    </p>
   </div>
   <div class='ocr_carea' id='block_1_5' title="bbox 229 877 1686 1024">
    <p class='ocr_par' dir='ltr' id='par_1_5' title="bbox 229 877 1686 1024">
     <span class='ocr_line' id='line_1_9' title="bbox 273 877 1686 923; baseline 0.004 -16"><span class='ocrx_word' id='word_1_39' title='bbox 273 880 288 907; x_wconf 93' lang='grc'><strong>1</strong></span> <span class='ocrx_word' id='word_1_40' title='bbox 316 877 502 918; x_wconf 71' lang='lat' dir='ltr'>Splendida]</span> <span class='ocrx_word' id='word_1_41' title='bbox 540 880 666 911; x_wconf 83' lang='lat' dir='ltr'>Discus</span> <span class='ocrx_word' id='word_1_42' title='bbox 691 881 780 912; x_wconf 82' lang='lat' dir='ltr'>enim</span> <span class='ocrx_word' id='word_1_43' title='bbox 797 891 838 912; x_wconf 79' lang='lat' dir='ltr'>ex</span> <span class='ocrx_word' id='word_1_44' title='bbox 863 891 929 912; x_wconf 72' lang='lat' dir='ltr'>aere</span> <span class='ocrx_word' id='word_1_45' title='bbox 1029 884 1048 912; x_wconf 85' lang='lat'><strong>2</strong></span> <span class='ocrx_word' id='word_1_46' title='bbox 1066 881 1118 912; x_wconf 75' lang='lat' dir='ltr'>Sit</span> <span class='ocrx_word' id='word_1_47' title='bbox 1135 881 1226 912; x_wconf 85' lang='lat' dir='ltr'>semel</span> <span class='ocrx_word' id='word_1_48' title='bbox 1240 881 1306 922; x_wconf 81' lang='lat' dir='ltr'>ille]</span> <span class='ocrx_word' id='word_1_49' title='bbox 1332 880 1458 912; x_wconf 84' lang='lat' dir='ltr'>Discus</span> <span class='ocrx_word' id='word_1_50' title='bbox 1480 890 1602 922; x_wconf 86' lang='lat' dir='ltr'><strong>nempe</strong></span> <span class='ocrx_word' id='word_1_51' title='bbox 1620 892 1686 923; x_wconf 86' lang='lat' dir='ltr'>qno</span> 
     </span>
     <span class='ocr_line' id='line_1_10' title="bbox 230 927 1686 973; baseline 0.003 -15"><span class='ocrx_word' id='word_1_52' title='bbox 230 929 282 959; x_wconf 81' lang='lat' dir='ltr'>vel</span> <span class='ocrx_word' id='word_1_53' title='bbox 298 927 389 959; x_wconf 82' lang='lat' dir='ltr'>ferro</span> <span class='ocrx_word' id='word_1_54' title='bbox 407 928 525 969; x_wconf 78' lang='lat' dir='ltr'>fiebat,</span> <span class='ocrx_word' id='word_1_55' title='bbox 538 941 603 972; x_wconf 87' lang='lat' dir='ltr'>quo</span> <span class='ocrx_word' id='word_1_56' title='bbox 620 933 765 964; x_wconf 77' lang='lat' dir='ltr'>maxime</span> <span class='ocrx_word' id='word_1_57' title='bbox 779 943 815 964; x_wconf 87' lang='lat' dir='ltr'>se</span> <span class='ocrx_word' id='word_1_58' title='bbox 832 943 930 964; x_wconf 80' lang='lat' dir='ltr'>exer-</span> <span class='ocrx_word' id='word_1_59' title='bbox 986 943 1005 964; x_wconf 91' lang='lat' dir='ltr'>a</span> <span class='ocrx_word' id='word_1_60' title='bbox 1017 932 1149 964; x_wconf 81' lang='lat' dir='ltr'>Phoebo</span> <span class='ocrx_word' id='word_1_61' title='bbox 1161 932 1291 964; x_wconf 77' lang='lat' dir='ltr'>occisus</span> <span class='ocrx_word' id='word_1_62' title='bbox 1302 937 1354 963; x_wconf 87' lang='lat' dir='ltr'>est</span> <span class='ocrx_word' id='word_1_63' title='bbox 1367 941 1451 972; x_wconf 80' lang='lat' dir='ltr'>puer</span> <span class='ocrx_word' id='word_1_64' title='bbox 1461 932 1686 973; x_wconf 82' lang='lat' dir='ltr'>Hyacinthus,</span> 
     </span>
     <span class='ocr_line' id='line_1_11' title="bbox 229 978 1388 1024; baseline 0.005 -16"><span class='ocrx_word' id='word_1_65' title='bbox 229 978 352 1010; x_wconf 79' lang='lat' dir='ltr'>cebant</span> <span class='ocrx_word' id='word_1_66' title='bbox 370 979 629 1013; x_wconf 66' lang='lat' dir='ltr'>Lacedaemonii,</span> <span class='ocrx_word' id='word_1_67' title='bbox 984 984 1074 1015; x_wconf 85' lang='lat' dir='ltr'>Vide</span> <span class='ocrx_word' id='word_1_68' title='bbox 1092 984 1180 1015; x_wconf 82' lang='lat' dir='ltr'>infra</span> <span class='ocrx_word' id='word_1_69' title='bbox 1198 983 1298 1024; x_wconf 78' lang='lat' dir='ltr'>Epig.</span> <span class='ocrx_word' id='word_1_70' title='bbox 1315 985 1388 1014; x_wconf 83' lang='lat'><strong>173.</strong></span> 
     </span>
    </p>
   </div>
   <div class='ocr_carea' id='block_1_6' title="bbox 233 1225 1361 1413">
    <p class='ocr_par' dir='ltr' id='par_1_6' title="bbox 233 1225 1361 1413">
     <span class='ocr_line' id='line_1_12' title="bbox 799 1225 1115 1257; baseline 0.013 -4"><span class='ocrx_word' id='word_1_71' title='bbox 799 1226 823 1253; x_wconf 86' lang='lat' dir='ltr'>c</span> <span class='ocrx_word' id='word_1_72' title='bbox 843 1225 857 1254; x_wconf 94' lang='lat'>1</span> <span class='ocrx_word' id='word_1_73' title='bbox 878 1226 906 1254; x_wconf 86' lang='lat' dir='ltr'>T</span> <span class='ocrx_word' id='word_1_74' title='bbox 925 1227 956 1255; x_wconf 83' lang='lat' dir='ltr'>H</span> <span class='ocrx_word' id='word_1_75' title='bbox 974 1227 1001 1256; x_wconf 78' lang='lat' dir='ltr'><strong>A</strong></span> <span class='ocrx_word' id='word_1_76' title='bbox 1023 1228 1052 1257; x_wconf 85' lang='lat' dir='ltr'>R</span> <span class='ocrx_word' id='word_1_77' title='bbox 1069 1227 1115 1257; x_wconf 82' lang='lat' dir='ltr'>A.</span> 
     </span>
     <span class='ocr_line' id='line_1_13' title="bbox 233 1285 1361 1349; baseline 0.01 -24"><span class='ocrx_word' id='word_1_78' title='bbox 233 1285 491 1327; x_wconf 70' lang='lat' dir='ltr'>Rssnnmm·</span> <span class='ocrx_word' id='word_1_79' title='bbox 514 1287 768 1342; x_wconf 84' lang='lat' dir='ltr'>Eurydicen</span> <span class='ocrx_word' id='word_1_80' title='bbox 790 1293 902 1333; x_wconf 85' lang='lat' dir='ltr'>vati:</span> <span class='ocrx_word' id='word_1_81' title='bbox 935 1293 1014 1334; x_wconf 87' lang='lat' dir='ltr'>sed</span> <span class='ocrx_word' id='word_1_82' title='bbox 1035 1293 1228 1348; x_wconf 88' lang='lat' dir='ltr'>perdidit</span> <span class='ocrx_word' id='word_1_83' title='bbox 1249 1296 1361 1349; x_wconf 82' lang='lat' dir='ltr'>ipse,</span> 
     </span>
     <span class='ocr_line' id='line_1_14' title="bbox 290 1354 1288 1413; baseline 0.007 -19"><span class='ocrx_word' id='word_1_84' title='bbox 290 1354 409 1395; x_wconf 89' lang='lat' dir='ltr'>Dum</span> <span class='ocrx_word' id='word_1_85' title='bbox 432 1356 517 1396; x_wconf 85' lang='lat' dir='ltr'>sibi</span> <span class='ocrx_word' id='word_1_86' title='bbox 540 1369 625 1397; x_wconf 87' lang='lat' dir='ltr'>non</span> <span class='ocrx_word' id='word_1_87' title='bbox 648 1358 801 1408; x_wconf 84' lang='lat' dir='ltr'>credit,</span> <span class='ocrx_word' id='word_1_88' title='bbox 821 1372 901 1400; x_wconf 88' lang='lat' dir='ltr'>nec</span> <span class='ocrx_word' id='word_1_89' title='bbox 922 1361 1137 1413; x_wconf 77' lang='lat' dir='ltr'>patienter</span> <span class='ocrx_word' id='word_1_90' title='bbox 1158 1367 1288 1403; x_wconf 80' lang='lat' dir='ltr'>amat.</span> 
     </span>
    </p>
   </div>
   <div class='ocr_carea' id='block_1_7' title="bbox 235 1476 1683 1550">
    <p class='ocr_par' dir='ltr' id='par_1_7' title="bbox 235 1476 1683 1550">
     <span class='ocr_line' id='line_1_15' title="bbox 277 1476 1683 1522; baseline 0.004 -16"><span class='ocrx_word' id='word_1_91' title='bbox 277 1476 354 1508; x_wconf 82' lang='lat' dir='ltr'>Hoec</span> <span class='ocrx_word' id='word_1_92' title='bbox 370 1477 509 1509; x_wconf 77' lang='lat' dir='ltr'>restituit</span> <span class='ocrx_word' id='word_1_93' title='bbox 535 1478 633 1518; x_wconf 78' lang='lat' dir='ltr'>po&#39;e&#39;tae</span> <span class='ocrx_word' id='word_1_94' title='bbox 662 1479 859 1520; x_wconf 73' lang='lat' dir='ltr'>Eurydicen:</span> <span class='ocrx_word' id='word_1_95' title='bbox 883 1481 934 1511; x_wconf 78' lang='lat' dir='ltr'>sed</span> <span class='ocrx_word' id='word_1_96' title='bbox 951 1481 1014 1521; x_wconf 82' lang='lat' dir='ltr'>ipse</span> <span class='ocrx_word' id='word_1_97' title='bbox 1036 1481 1155 1518; x_wconf 79' lang='lat' dir='ltr'>amisit,</span> <span class='ocrx_word' id='word_1_98' title='bbox 1175 1482 1247 1512; x_wconf 81' lang='lat' dir='ltr'>dum</span> <span class='ocrx_word' id='word_1_99' title='bbox 1263 1480 1324 1512; x_wconf 81' lang='lat' dir='ltr'>sibi</span> <span class='ocrx_word' id='word_1_100' title='bbox 1343 1481 1470 1522; x_wconf 73' lang='lat' dir='ltr'>diffidit,</span> <span class='ocrx_word' id='word_1_101' title='bbox 1486 1491 1540 1512; x_wconf 79' lang='lat' dir='ltr'>nec</span> <span class='ocrx_word' id='word_1_102' title='bbox 1560 1482 1683 1522; x_wconf 71' lang='lat' dir='ltr'>placide</span> 
     </span>
     <span class='ocr_line' id='line_1_16' title="bbox 235 1524 328 1550; baseline 0 0"><span class='ocrx_word' id='word_1_103' title='bbox 235 1524 328 1550; x_wconf 75' lang='lat' dir='ltr'>amat.</span> 
     </span>
    </p>
   </div>
   <div class='ocr_carea' id='block_1_8' title="bbox 844 1576 1078 1587">
    <p class='ocr_par' dir='ltr' id='par_1_8' title="bbox 844 1576 1078 1587">
     <span class='ocr_line' id='line_1_17' title="bbox 844 1576 1078 1587; baseline 0 0"><span class='ocrx_word' id='word_1_104' title='bbox 844 1576 1078 1587; x_wconf 63' lang='lat' dir='ltr'>eeeeeeeeeeee</span> 
     </span>
    </p>
   </div>
   <div class='ocr_carea' id='block_1_9' title="bbox 279 1617 736 1659">
    <p class='ocr_par' dir='ltr' id='par_1_9' title="bbox 279 1617 736 1659">
     <span class='ocr_line' id='line_1_18' title="bbox 279 1617 736 1659; baseline 0.007 -12"><span class='ocrx_word' id='word_1_105' title='bbox 279 1619 291 1647; x_wconf 93' lang='lat' dir='ltr'>l</span> <span class='ocrx_word' id='word_1_106' title='bbox 320 1617 470 1649; x_wconf 76' lang='lat' dir='ltr'>Gronov.</span> <span class='ocrx_word' id='word_1_107' title='bbox 490 1618 573 1659; x_wconf 83' lang='lat' dir='ltr'>legit</span> <span class='ocrx_word' id='word_1_108' title='bbox 585 1620 736 1659; x_wconf 76' lang='lat' dir='ltr'>prodidit.</span> 
     </span>
    </p>
   </div>
   <div class='ocr_carea' id='block_1_10' title="bbox 234 1673 1694 1843">
    <p class='ocr_par' dir='ltr' id='par_1_10' title="bbox 234 1673 1694 1843">
     <span class='ocr_line' id='line_1_19' title="bbox 906 1673 1050 1705; baseline 0 0"><span class='ocrx_word' id='word_1_109' title='bbox 906 1673 1050 1705; x_wconf 83' lang='lat' dir='ltr'>NOTAE</span> 
     </span>
     <span class='ocr_line' id='line_1_20' title="bbox 279 1745 1169 1790; baseline 0.004 -14"><span class='ocrx_word' id='word_1_110' title='bbox 279 1749 295 1776; x_wconf 94' lang='lat' dir='ltr'>l</span> <span class='ocrx_word' id='word_1_111' title='bbox 324 1745 414 1786; x_wconf 78' lang='lat' dir='ltr'>Vati]</span> <span class='ocrx_word' id='word_1_112' title='bbox 430 1746 570 1788; x_wconf 80' lang='lat' dir='ltr'>Orpheo</span> <span class='ocrx_word' id='word_1_113' title='bbox 582 1758 718 1789; x_wconf 84' lang='lat' dir='ltr'>nempe,</span> <span class='ocrx_word' id='word_1_114' title='bbox 735 1749 791 1790; x_wconf 86' lang='lat' dir='ltr'>qui</span> <span class='ocrx_word' id='word_1_115' title='bbox 807 1748 938 1780; x_wconf 81' lang='lat' dir='ltr'>cithara</span> <span class='ocrx_word' id='word_1_116' title='bbox 994 1750 1169 1781; x_wconf 80' lang='lat' dir='ltr'>evasisset.</span> 
     </span>
     <span class='ocr_line' id='line_1_21' title="bbox 234 1796 1694 1843; baseline 0.003 -16"><span class='ocrx_word' id='word_1_117' title='bbox 234 1796 356 1828; x_wconf 81' lang='lat' dir='ltr'>ludens</span> <span class='ocrx_word' id='word_1_118' title='bbox 373 1803 577 1829; x_wconf 77' lang='lat' dir='ltr'>exoraverat</span> <span class='ocrx_word' id='word_1_119' title='bbox 594 1799 789 1837; x_wconf 87' lang='lat' dir='ltr'>Plutonem,</span> <span class='ocrx_word' id='word_1_120' title='bbox 807 1804 841 1829; x_wconf 87' lang='lat' dir='ltr'>et</span> <span class='ocrx_word' id='word_1_121' title='bbox 869 1800 935 1829; x_wconf 86' lang='lat' dir='ltr'>En·</span> <span class='ocrx_word' id='word_1_122' title='bbox 1034 1803 1054 1831; x_wconf 82' lang='lat'>2</span> <span class='ocrx_word' id='word_1_123' title='bbox 1082 1802 1149 1832; x_wconf 86' lang='lat' dir='ltr'>Nec</span> <span class='ocrx_word' id='word_1_124' title='bbox 1172 1801 1343 1843; x_wconf 78' lang='lat' dir='ltr'>patienter]</span> <span class='ocrx_word' id='word_1_125' title='bbox 1378 1802 1465 1832; x_wconf 88' lang='lat' dir='ltr'>Dum</span> <span class='ocrx_word' id='word_1_126' title='bbox 1489 1801 1577 1832; x_wconf 87' lang='lat' dir='ltr'>enim</span> <span class='ocrx_word' id='word_1_127' title='bbox 1604 1800 1694 1831; x_wconf 81' lang='lat' dir='ltr'>illam</span> 
     </span>
    </p>
   </div>
   <div class='ocr_carea' id='block_1_11' title="bbox 235 1847 1698 1891">
    <p class='ocr_par' dir='ltr' id='par_1_11' title="bbox 235 1847 1698 1891">
     <span class='ocr_line' id='line_1_22' title="bbox 235 1847 1698 1891; baseline 0.003 -13"><span class='ocrx_word' id='word_1_128' title='bbox 235 1847 376 1887; x_wconf 89' lang='lat' dir='ltr'>rydicen</span> <span class='ocrx_word' id='word_1_129' title='bbox 405 1857 498 1879; x_wconf 87' lang='lat' dir='ltr'>suam</span> <span class='ocrx_word' id='word_1_130' title='bbox 527 1858 665 1881; x_wconf 84' lang='lat' dir='ltr'>uxorem</span> <span class='ocrx_word' id='word_1_131' title='bbox 689 1849 731 1881; x_wconf 90' lang='lat' dir='ltr'>ab</span> <span class='ocrx_word' id='word_1_132' title='bbox 744 1849 862 1881; x_wconf 72' lang='lat' dir='ltr'>inferis</span> <span class='ocrx_word' id='word_1_133' title='bbox 886 1859 937 1880; x_wconf 86' lang='lat' dir='ltr'>re·</span> <span class='ocrx_word' id='word_1_134' title='bbox 993 1851 1126 1891; x_wconf 83' lang='lat' dir='ltr'>perdite</span> <span class='ocrx_word' id='word_1_135' title='bbox 1143 1856 1244 1883; x_wconf 87' lang='lat' dir='ltr'>amat.</span> <span class='ocrx_word' id='word_1_136' title='bbox 1287 1852 1420 1883; x_wconf 72' lang='lat' dir='ltr'>‘Flexit</span> <span class='ocrx_word' id='word_1_137' title='bbox 1438 1861 1552 1884; x_wconf 87' lang='lat' dir='ltr'>amans</span> <span class='ocrx_word' id='word_1_138' title='bbox 1570 1852 1698 1890; x_wconf 77' lang='lat' dir='ltr'>oculOS‚</span> 
     </span>
    </p>
   </div>
   <div class='ocr_carea' id='block_1_12' title="bbox 237 1898 1699 1993">
    <p class='ocr_par' dir='ltr' id='par_1_12' title="bbox 237 1898 1699 1993">
     <span class='ocr_line' id='line_1_23' title="bbox 237 1898 1699 1943; baseline 0.002 -15"><span class='ocrx_word' id='word_1_139' title='bbox 237 1898 398 1938; x_wconf 84' lang='lat' dir='ltr'>ducebat,</span> <span class='ocrx_word' id='word_1_140' title='bbox 415 1900 475 1931; x_wconf 86' lang='lat' dir='ltr'>sed</span> <span class='ocrx_word' id='word_1_141' title='bbox 500 1909 540 1931; x_wconf 89' lang='lat' dir='ltr'>ea</span> <span class='ocrx_word' id='word_1_142' title='bbox 556 1901 643 1940; x_wconf 81' lang='lat' dir='ltr'>lege,</span> <span class='ocrx_word' id='word_1_143' title='bbox 658 1910 700 1932; x_wconf 88' lang='lat' dir='ltr'>ne</span> <span class='ocrx_word' id='word_1_144' title='bbox 730 1901 820 1932; x_wconf 81' lang='lat' dir='ltr'>illam</span> <span class='ocrx_word' id='word_1_145' title='bbox 833 1901 938 1942; x_wconf 84' lang='lat' dir='ltr'>respi-</span> <span class='ocrx_word' id='word_1_146' title='bbox 993 1907 1028 1933; x_wconf 78' lang='lat' dir='ltr'>et</span> <span class='ocrx_word' id='word_1_147' title='bbox 1058 1903 1213 1943; x_wconf 75' lang='lat' dir='ltr'>protinus</span> <span class='ocrx_word' id='word_1_148' title='bbox 1241 1904 1299 1934; x_wconf 78' lang='lat' dir='ltr'>illa</span> <span class='ocrx_word' id='word_1_149' title='bbox 1330 1904 1465 1943; x_wconf 81' lang='lat' dir='ltr'>relapsa</span> <span class='ocrx_word' id='word_1_150' title='bbox 1494 1902 1570 1935; x_wconf 69' lang='lat' dir='ltr'>est!</span> <span class='ocrx_word' id='word_1_151' title='bbox 1616 1901 1699 1933; x_wconf 81' lang='lat' dir='ltr'>Ovi-</span> 
     </span>
     <span class='ocr_line' id='line_1_24' title="bbox 238 1951 1081 1993; baseline 0.004 -12"><span class='ocrx_word' id='word_1_152' title='bbox 238 1956 330 1982; x_wconf 83' lang='lat' dir='ltr'>ceret</span> <span class='ocrx_word' id='word_1_153' title='bbox 348 1951 409 1982; x_wconf 85' lang='lat' dir='ltr'>nisi</span> <span class='ocrx_word' id='word_1_154' title='bbox 429 1961 503 1983; x_wconf 85' lang='lat' dir='ltr'>cum</span> <span class='ocrx_word' id='word_1_155' title='bbox 522 1952 555 1982; x_wconf 88' lang='lat' dir='ltr'>in</span> <span class='ocrx_word' id='word_1_156' title='bbox 585 1957 722 1993; x_wconf 84' lang='lat' dir='ltr'>apertas</span> <span class='ocrx_word' id='word_1_157' title='bbox 739 1952 824 1983; x_wconf 86' lang='lat' dir='ltr'>lucis</span> <span class='ocrx_word' id='word_1_158' title='bbox 841 1962 938 1984; x_wconf 82' lang='lat' dir='ltr'>auras</span> <span class='ocrx_word' id='word_1_159' title='bbox 995 1953 1081 1984; x_wconf 82' lang='lat' dir='ltr'>dius.</span> 
     </span>
    </p>
   </div>
   <div class='ocr_carea' id='block_1_13' title="bbox 858 2079 1080 2124">
    <p class='ocr_par' dir='ltr' id='par_1_13' title="bbox 858 2079 1080 2124">
     <span class='ocr_line' id='line_1_25' title="bbox 858 2079 1080 2124; baseline 0.009 -3"><span class='ocrx_word' id='word_1_160' title='bbox 858 2079 1080 2124; x_wconf 88' lang='lat' dir='ltr'>CLXVI.</span> 
     </span>
    </p>
   </div>
   <div class='ocr_carea' id='block_1_14' title="bbox 879 2172 1057 2202">
    <p class='ocr_par' dir='ltr' id='par_1_14' title="bbox 879 2172 1057 2202">
     <span class='ocr_line' id='line_1_26' title="bbox 879 2172 1057 2202; baseline 0.011 -2"><span class='ocrx_word' id='word_1_161' title='bbox 879 2172 1057 2202; x_wconf 83' lang='lat' dir='ltr'><strong>IDEM.</strong></span> 
     </span>
    </p>
   </div>
   <div class='ocr_carea' id='block_1_15' title="bbox 245 2235 1220 2362">
    <p class='ocr_par' dir='ltr' id='par_1_15' title="bbox 245 2235 1220 2362">
     <span class='ocr_line' id='line_1_27' title="bbox 245 2235 1220 2294; baseline 0.008 -19"><span class='ocrx_word' id='word_1_162' title='bbox 245 2235 320 2276; x_wconf 80' lang='lat' dir='ltr'>DE</span> <span class='ocrx_word' id='word_1_163' title='bbox 343 2236 618 2290; x_wconf 85' lang='lat' dir='ltr'>Pompeiano</span> <span class='ocrx_word' id='word_1_164' title='bbox 641 2252 763 2293; x_wconf 83' lang='lat' dir='ltr'>saepe</span> <span class='ocrx_word' id='word_1_165' title='bbox 786 2244 853 2282; x_wconf 82' lang='lat' dir='ltr'>est</span> <span class='ocrx_word' id='word_1_166' title='bbox 874 2241 1017 2294; x_wconf 85' lang='lat' dir='ltr'>ejecta</span> <span class='ocrx_word' id='word_1_167' title='bbox 1038 2242 1220 2292; x_wconf 77' lang='lat' dir='ltr'>theatro,</span> 
     </span>
     <span class='ocr_line' id='line_1_28' title="bbox 301 2302 1206 2362; baseline 0.004 -18"><span class='ocrx_word' id='word_1_168' title='bbox 301 2302 417 2354; x_wconf 83' lang='lat' dir='ltr'>Quae</span> <span class='ocrx_word' id='word_1_169' title='bbox 438 2304 566 2346; x_wconf 82' lang='lat' dir='ltr'>duxit</span> <span class='ocrx_word' id='word_1_170' title='bbox 582 2305 748 2358; x_wconf 82' lang='lat' dir='ltr'><strong>sylvas,</strong></span> <span class='ocrx_word' id='word_1_171' title='bbox 772 2307 1051 2362; x_wconf 86' lang='lat' dir='ltr'>detinuitque</span> <span class='ocrx_word' id='word_1_172' title='bbox 1074 2309 1206 2350; x_wconf 79' lang='lat' dir='ltr'>feras.</span> 
     </span>
    </p>
   </div>
   <div class='ocr_carea' id='block_1_16' title="bbox 288 2416 1616 2460">
    <p class='ocr_par' dir='ltr' id='par_1_16' title="bbox 288 2416 1616 2460">
     <span class='ocr_line' id='line_1_29' title="bbox 288 2416 1616 2460; baseline 0.003 -15"><span class='ocrx_word' id='word_1_173' title='bbox 288 2416 402 2447; x_wconf 79' lang='lat' dir='ltr'>Crebro</span> <span class='ocrx_word' id='word_1_174' title='bbox 413 2418 541 2456; x_wconf 72' lang='lat' dir='ltr'>expulsa</span> <span class='ocrx_word' id='word_1_175' title='bbox 557 2420 652 2448; x_wconf 80' lang='lat' dir='ltr'>estex</span> <span class='ocrx_word' id='word_1_176' title='bbox 667 2417 788 2448; x_wconf 74' lang='lat' dir='ltr'>theatro</span> <span class='ocrx_word' id='word_1_177' title='bbox 803 2418 1000 2458; x_wconf 74' lang='lat' dir='ltr'>Pompeiano,</span> <span class='ocrx_word' id='word_1_178' title='bbox 1013 2429 1082 2459; x_wconf 74' lang='lat' dir='ltr'>qua:</span> <span class='ocrx_word' id='word_1_179' title='bbox 1093 2419 1194 2450; x_wconf 70' lang='lat' dir='ltr'>traxit</span> <span class='ocrx_word' id='word_1_180' title='bbox 1209 2420 1321 2460; x_wconf 75' lang='lat' dir='ltr'><strong><em>sylvas,</em></strong></span> <span class='ocrx_word' id='word_1_181' title='bbox 1334 2423 1363 2450; x_wconf 83' lang='lat' dir='ltr'>et</span> <span class='ocrx_word' id='word_1_182' title='bbox 1378 2418 1510 2450; x_wconf 73' lang='lat' dir='ltr'>cohibuit</span> <span class='ocrx_word' id='word_1_183' title='bbox 1516 2417 1616 2456; x_wconf 79' lang='lat' dir='ltr'>serus.</span> 
     </span>
    </p>
   </div>
   <div class='ocr_carea' id='block_1_17' title="bbox 840 2503 1075 2515">
    <p class='ocr_par' dir='ltr' id='par_1_17' title="bbox 840 2503 1075 2515">
     <span class='ocr_line' id='line_1_30' title="bbox 840 2503 1075 2515; baseline 0.004 -1"><span class='ocrx_word' id='word_1_184' title='bbox 840 2503 1034 2515; x_wconf 56' lang='grc' dir='ltr'>οΝφοΝΝφ</span> <span class='ocrx_word' id='word_1_185' title='bbox 1040 2504 1075 2515; x_wconf 69' lang='lat' dir='ltr'>aee</span> 
     </span>
    </p>
   </div>
   <div class='ocr_carea' id='block_1_18' title="bbox 288 2534 1044 2611">
    <p class='ocr_par' dir='ltr' id='par_1_18' title="bbox 288 2534 1044 2611">
     <span class='ocr_line' id='line_1_31' title="bbox 288 2534 772 2567; baseline -0.002 0"><span class='ocrx_word' id='word_1_186' title='bbox 288 2540 301 2567; x_wconf 95' lang='lat' dir='ltr'>l</span> <span class='ocrx_word' id='word_1_187' title='bbox 331 2536 439 2567; x_wconf 81' lang='lat' dir='ltr'>Electa</span> <span class='ocrx_word' id='word_1_188' title='bbox 457 2534 533 2567; x_wconf 81' lang='lat' dir='ltr'>Ald.</span> <span class='ocrx_word' id='word_1_189' title='bbox 550 2535 648 2567; x_wconf 87' lang='lat' dir='ltr'>Junt.</span> <span class='ocrx_word' id='word_1_190' title='bbox 664 2535 772 2567; x_wconf 88' lang='lat' dir='ltr'>Colin.</span> 
     </span>
     <span class='ocr_line' id='line_1_32' title="bbox 907 2578 1044 2611; baseline 0.015 -2"><span class='ocrx_word' id='word_1_191' title='bbox 907 2578 1044 2611; x_wconf 83' lang='lat' dir='ltr'>NOTAE</span> 
     </span>
    </p>
   </div>
   <div class='ocr_carea' id='block_1_19' title="bbox 246 2643 1705 2839">
    <p class='ocr_par' dir='ltr' id='par_1_19' title="bbox 246 2643 1705 2789">
     <span class='ocr_line' id='line_1_33' title="bbox 288 2643 1704 2688; baseline 0.001 -13"><span class='ocrx_word' id='word_1_192' title='bbox 288 2648 303 2675; x_wconf 90' lang='lat' dir='ltr'>l</span> <span class='ocrx_word' id='word_1_193' title='bbox 336 2645 459 2686; x_wconf 71' lang='lat' dir='ltr'>Ejecta]</span> <span class='ocrx_word' id='word_1_194' title='bbox 484 2645 570 2678; x_wconf 82' lang='lat' dir='ltr'>Qnae</span> <span class='ocrx_word' id='word_1_195' title='bbox 595 2645 699 2676; x_wconf 86' lang='lat' dir='ltr'>lectio</span> <span class='ocrx_word' id='word_1_196' title='bbox 721 2644 839 2675; x_wconf 82' lang='lat' dir='ltr'>melior</span> <span class='ocrx_word' id='word_1_197' title='bbox 856 2643 948 2674; x_wconf 83' lang='lat' dir='ltr'>vide-</span> <span class='ocrx_word' id='word_1_198' title='bbox 1004 2650 1055 2676; x_wconf 89' lang='lat' dir='ltr'>est</span> <span class='ocrx_word' id='word_1_199' title='bbox 1072 2646 1312 2688; x_wconf 80' lang='lat' dir='ltr'>Orpheus‚qui</span> <span class='ocrx_word' id='word_1_200' title='bbox 1336 2646 1467 2678; x_wconf 83' lang='lat' dir='ltr'>cithara</span> <span class='ocrx_word' id='word_1_201' title='bbox 1482 2645 1601 2677; x_wconf 87' lang='lat' dir='ltr'>ludens</span> <span class='ocrx_word' id='word_1_202' title='bbox 1614 2644 1704 2677; x_wconf 84' lang='lat' dir='ltr'>feras</span> 
     </span>
     <span class='ocr_line' id='line_1_34' title="bbox 246 2694 1705 2737; baseline -0.001 -9"><span class='ocrx_word' id='word_1_203' title='bbox 246 2701 321 2728; x_wconf 85' lang='lat' dir='ltr'>tur:</span> <span class='ocrx_word' id='word_1_204' title='bbox 338 2706 415 2727; x_wconf 84' lang='lat' dir='ltr'>nam</span> <span class='ocrx_word' id='word_1_205' title='bbox 427 2696 607 2728; x_wconf 78' lang='lat' dir='ltr'>citharoedi</span> <span class='ocrx_word' id='word_1_206' title='bbox 620 2694 946 2735; x_wconf 85' lang='lat' dir='ltr'>subindelapidibus</span> <span class='ocrx_word' id='word_1_207' title='bbox 1003 2700 1036 2727; x_wconf 88' lang='lat' dir='ltr'>et</span> <span class='ocrx_word' id='word_1_208' title='bbox 1058 2696 1166 2736; x_wconf 86' lang='lat' dir='ltr'>sylvas</span> <span class='ocrx_word' id='word_1_209' title='bbox 1191 2696 1362 2728; x_wconf 81' lang='lat' dir='ltr'>trahebat.</span> <span class='ocrx_word' id='word_1_210' title='bbox 1407 2696 1495 2727; x_wconf 85' lang='lat' dir='ltr'>Vide</span> <span class='ocrx_word' id='word_1_211' title='bbox 1523 2695 1624 2737; x_wconf 83' lang='lat' dir='ltr'>Epig.</span> <span class='ocrx_word' id='word_1_212' title='bbox 1650 2699 1705 2727; x_wconf 84' lang='lat'>21.</span> 
     </span>
     <span class='ocr_line' id='line_1_35' title="bbox 246 2746 1188 2789; baseline -0.004 -10"><span class='ocrx_word' id='word_1_213' title='bbox 246 2748 519 2788; x_wconf 80' lang='lat' dir='ltr'>excipiebantur,</span> <span class='ocrx_word' id='word_1_214' title='bbox 561 2748 588 2778; x_wconf 86' lang='lat' dir='ltr'>si</span> <span class='ocrx_word' id='word_1_215' title='bbox 623 2757 687 2778; x_wconf 88' lang='lat' dir='ltr'>non</span> <span class='ocrx_word' id='word_1_216' title='bbox 726 2746 946 2788; x_wconf 83' lang='lat' dir='ltr'>placuissent.</span> <span class='ocrx_word' id='word_1_217' title='bbox 1000 2747 1188 2789; x_wconf 77' lang='lat' dir='ltr'>lib‚Spect.</span> 
     </span>
    </p>

    <p class='ocr_par' dir='ltr' id='par_1_20' title="bbox 248 2796 943 2839">
     <span class='ocr_line' id='line_1_36' title="bbox 248 2796 943 2839; baseline -0.003 -10"><span class='ocrx_word' id='word_1_218' title='bbox 248 2799 356 2829; x_wconf 80' lang='lat' dir='ltr'>Porro</span> <span class='ocrx_word' id='word_1_219' title='bbox 381 2798 412 2829; x_wconf 88' lang='lat' dir='ltr'>in</span> <span class='ocrx_word' id='word_1_220' title='bbox 440 2798 574 2830; x_wconf 82' lang='lat' dir='ltr'>theatro</span> <span class='ocrx_word' id='word_1_221' title='bbox 593 2797 747 2839; x_wconf 85' lang='lat' dir='ltr'>Pompeii</span> <span class='ocrx_word' id='word_1_222' title='bbox 771 2796 943 2829; x_wconf 74' lang='lat' dir='ltr'>exhibitus</span> 
     </span>
    </p>
   </div>
  </div>
 </body>
</html>
