1893 3225
312 199 399 243 962
784 210 830 240 M.
867 211 978 240 VAL.
1011 211 1291 242 MARTiAms

932 370 1141 414 LXVII.

730 462 998 493 PALUMBUS
1030 463 1343 502 TORQUATUS.

311 532 532 573 luctum
555 530 748 584 torquati
770 530 945 572 tardant
963 531 1255 586 hebetantque
1277 533 1475 587 palumbi
1494 548 1504 576 :

366 600 472 641 Non
493 598 599 640 edat
617 598 732 640 hanc
753 599 996 649 volucrem,
1019 599 1093 653 qui
1116 601 1241 655 cupit
1263 614 1363 642 esse
1386 602 1527 644 salax.

352 699 504 774 Palumb}l
512 699 649 739 torquati
664 702 837 741 morantur,
850 703 880 732 et
892 701 1064 731 retundunt
1082 700 1230 732 Venerem
1244 712 1255 738 ‚·
1271 702 1324 742 qui
1336 702 1403 733 vult
1414 712 1477 733 esse
1493 702 1686 742 libidinosus,
1702 714 1760 734 non

308 745 469 775 manducet
506 752 563 774 am:
574 752 673 773 nvem.

908 795 1143 807 eeeeeeeeeee

352 829 497 861 Palumbi
519 827 654 869 torquati
670 827 725 860 ed.
741 827 846 859 Barb.

968 870 1107 903 NOTAE

351 942 367 970 l
392 936 556 977 Torquati]
586 935 641 966 Sic
665 934 748 967 dicti
776 944 796 966 a
819 935 913 976 signo
936 936 1182 978 torquiS,q110d
1200 937 1287 968 collo
1301 942 1450 978 gestant.

917 1052 1149 1095 LXVIII.

905 1142 1154 1174 GALBULA.

305 1212 552 1254 GALBULA
576 1210 799 1264 decipitur
821 1212 1006 1252 calamis
1026 1216 1069 1254 et
1088 1212 1255 1253 retibus
1276 1213 1384 1263 ales,

361 1280 524 1333 Turget
546 1279 682 1320 adhuc
704 1278 832 1320 viridi
854 1292 955 1320 cum
976 1279 1099 1321 rudis
1122 1293 1209 1321 uva
1230 1293 1366 1321 mero.

351 1380 486 1411 Galbula
501 1379 568 1411 avis
582 1379 825 1411 circumvenitur
847 1380 988 1421 calamis,
1005 1384 1037 1412 et
1063 1380 1192 1421 laqueis,
1213 1390 1282 1411 cum
1295 1391 1355 1411 uva
1375 1380 1463 1412 rudis
1476 1380 1574 1411 adhuc
1595 1383 1692 1412 tumet
1711 1380 1757 1411 vi·

305 1424 368 1455 ridi
380 1433 474 1455 mero.

913 1474 1147 1488 ‘eoo-emuta-

350 1520 491 1552 Galbuloe
507 1519 562 1551 ed.
580 1518 748 1551 Bam—1
775 1519 909 1551 Galbina
925 1518 1000 1550 cod.
1015 1518 1154 1550 Beverl.
1175 1519 1311 1551 Videsis
1330 1519 1414 1553 Not.
1429 1520 1510 1551 Var.

347 1664 364 1691 1
393 1659 544 1701 Galhuta]
568 1659 677 1693 Quam
706 1659 772 1690 alio
796 1659 930 1690 nomine
948 1669 1004 1690 vo·
1060 1663 1175 1690 tamen
1199 1659 1368 1691 affirmant
1384 1660 1493 1691 sanari
1509 1669 1566 1691 eos
1585 1660 1641 1701 qni
1669 1669 1758 1691 com-

303 1717 360 1744 cat
376 1712 578 1743 Plininslib.
592 1719 686 1743 xxx.
703 1721 780 1751 cap.
799 1713 849 1743 11.
895 1712 904 1727 ‘
921 1709 1005 1741 Avis
1059 1709 1167 1741 edunt
1182 1710 1268 1741 hanc
1281 1720 1389 1749 avem,
1412 1720 1479 1741 non
1497 1711 1554 1752 qui
1571 1709 1700 1742 vident.

302 1765 428 1796 icterus
442 1768 584 1795 vocatur
609 1773 628 1794 a
650 1761 787 1802 colore,’
811 1761 899 1793 flavo
916 1761 1005 1793 scili·
1105 1760 1256 1800 Calamis]
1277 1760 1426 1792 Viscatis
1438 1760 1607 1792 nimirum.

302 1821 372 1854 cet,
393 1816 402 1832 ‘
415 1825 489 1856 quae
506 1814 534 1844 si
550 1817 738 1855 spectetur,
757 1813 867 1843 sanari
884 1812 918 1843 id
934 1821 1003 1843 ma·
1100 1814 1120 1842 2
1149 1812 1254 1843 Viriclc'
1282 1811 1378 1852 mero]
1405 1811 1482 1843 Hoc
1505 1816 1569 1851 est,
1589 1821 1664 1843 cum
1683 1821 1756 1842 uvae

302 1866 370 1895 lum
394 1864 547 1903 tradunt,
574 1869 610 1895 et
636 1873 731 1894 avem
757 1862 854 1894 mori.
901 1862 1002 1893 Hanc
1058 1865 1137 1892 sunt
1153 1861 1262 1893 adhuc
1278 1862 1478 1893 immaturae.

303 1919 386 1955 puto
416 1914 537 1945 Latine
564 1914 680 1945 vocari
708 1912 915 1954 Galgulum.'
934 1912 1002 1943 Alii

938 2039 1127 2080 LXIX.

943 2130 1132 2162 cATTAE.

301 2199 635 2240 PANNoNicAs
655 2197 783 2238 nobis
802 2210 1030 2251 nunquam
1051 2197 1172 2240 dedit
1192 2196 1378 2239 Umbria
1398 2201 1563 2240 cattas:

359 2266 538 2307 Mavult
557 2266 653 2307 haec
674 2265 850 2307 domino
867 2267 1038 2307 mittere
1056 2266 1171 2307 dona
1191 2266 1392 2308 Pudens.

346 2365 513 2438 Nuqzquam
532 2364 662 2396 Umbria
688 2363 775 2396 nobis
788 2364 915 2396 donavit
932 2364 1130 2396 Pannonicas
1140 2368 1241 2396 cattas
1253 2376 1263 2396 .·
1286 2365 1412 2396 Pudens
1432 2365 1549 2396 mavult
1562 2364 1684 2396 mittere
1700 2366 1755 2396 ‹lo-

302 2418 383 2439 mmo
410 2417 464 2438 zaec
479 2417 620 2439 munera.

344 2504 439 2535 Catta
454 2503 534 2535 edd.
550 2503 721 2536 Schrevel.
738 2503 950 2536 Farnab.—2
972 2504 1119 2535 Domina·
1134 2504 1200 2536 duo
1215 2504 1329 2538 Palat.
1344 2510 1380 2536 et
1397 2504 1526 2536 Arond.

345 2624 464 2664 Cattoe]
502 2621 584 2654 Avis
605 2622 776 2664 quoddam
804 2632 909 2663 genus
936 2628 1000 2663 est,
1052 2624 1084 2654 in
1103 2623 1254 2664 Umbria,
1270 2628 1310 2655 ut
1336 2624 1481 2655 diximus
1495 2624 1595 2666 Epig.
1613 2627 1665 2657 97.
1691 2624 1750 2655 lib.

297 2678 336 2705 ut
360 2677 482 2714 putant
495 2673 710 2714 interpretes·
754 2673 823 2705 Alii
839 2675 999 2705 mustelas
1051 2682 1117 2704 vn.
1149 2674 1290 2705 Romam
1306 2675 1397 2705 misit
1413 2675 1564 2715 domino,
1579 2685 1679 2716 quem
1696 2675 1752 2705 alii

298 2725 484 2763 sylvestres
513 2734 589 2756 esse
604 2724 796 2766 opinantur.
841 2725 959 2756 Cattas
980 2734 998 2756 e
1052 2723 1295 2764 Domitianum,
1322 2725 1379 2755 alii
1414 2725 1555 2757 divitem
1584 2725 1751 2768 quendam

299 2775 477 2807 Pannonia
508 2775 624 2807 missas
654 2775 806 2807 Pudenti
828 2775 999 2807 habitanti
1052 2778 1232 2814 patronum
1249 2775 1454 2815 intelligunt.
