1893 3225
317 230 403 271 706
810 240 859 268 Μ.
892 239 1004 269 VAL.
1038 241 1313 270 MAR'rrAms

319 338 454 389 Quod
474 350 555 378 nec
575 349 701 377 mano
722 336 882 387 vomis,
901 348 982 377 nec
1004 351 1207 386 cunnum,
1233 337 1447 391 Condylo,
1471 338 1620 391 lingis,

378 406 482 447 Non
502 406 660 456 mavis,
683 418 813 459 quam
835 407 900 445 ter
922 404 1061 446 Caius
1080 419 1178 446 csse
1201 407 1336 447 tuus?

936 503 1175 515 eeeeeeeeeeee

321 564 448 596 lab-un,
466 572 485 593 a
500 560 610 592 vocali
629 560 808 601 incipiens,
827 564 961 597 lateat.'
980 565 1057 596 Ant.
1076 563 1112 591 ‹le
1139 558 1319 599 Rooy.-11
1348 558 1511 590 Nonnulli
1529 558 1663 598 legunt,
1698 559 1789 595 Quod

320 617 375 637 uec
391 606 464 636 villa
481 605 588 645 vomis,
605 604 637 635 id
655 610 721 644 est,
738 605 815 637 vina
832 608 922 640 vilia.

967 761 1146 804 XCIV.

851 855 918 885 An
950 856 1010 884 CA
1022 854 1276 884 LOCISSUM.

323 924 539 965 AuDuRE
561 924 669 977 quid
692 936 859 972 cessas,
882 936 1005 976 puer,
1026 921 1271 963 immortale
1297 920 1561 964 Falernum?

382 991 688 1042 Quadrantem
711 991 894 1045 duplica
910 991 964 1032 de
989 991 1164 1032 seniore
1186 990 1316 1031 cado.

325 1060 456 1101 Nunc
477 1060 582 1101 mihi
605 1060 691 1110 dic,
714 1060 813 1113 quis
835 1060 935 1107 erit,
958 1060 1029 1100 cui
1054 1064 1110 1108 te,
1133 1058 1382 1108 Caloeisse,
1406 1057 1601 1099 Deorum

381 1129 470 1170 Sex
488 1129 629 1182 jubeo
651 1128 840 1182 cyathos
861 1127 1074 1168 fundere?
1108 1126 1265 1168 Caesar
1288 1126 1383 1166 erit.

326 1197 483 1238 Sutilis
505 1200 681 1251 aptetur
701 1196 853 1237 decies
875 1209 979 1237 rosa
1001 1195 1212 1243 crinibus,
1235 1200 1282 1235 ut
1307 1194 1366 1234 sit
1768 1205 1796 1233 o

385 1265 475 1315 Qui
498 1266 646 1319 posuit
666 1278 804 1306 sacrae
826 1265 975 1306 nobile
998 1264 1139 1317 gentis
1163 1276 1290 1317 opus.

328 1334 461 1377 Nunc
484 1334 554 1373 bis
576 1333 716 1387 quina
738 1333 845 1373 mihi
869 1332 927 1373 da
947 1332 1090 1381 basia,
1114 1331 1191 1372 fiat
1212 1335 1258 1372 ut
1278 1330 1390 1371 illud

386 1401 578 1450 Nomen,
600 1401 656 1442 ab
681 1399 876 1455 Odrysio
894 1399 1012 1454 quod
1036 1399 1161 1440 Deus
1184 1400 1290 1439 orbe
1312 1398 1424 1439 tulit.

371 1508 403 1538 0
427 1517 513 1547 puer,
535 1506 609 1546 quid
639 1507 770 1537 moraris
789 1505 926 1543 fundere
952 1505 1128 1535 immortale
1154 1502 1349 1536 Falernum?
1375 1504 1511 1535 Gemina
1535 1504 1737 1544 quadrantem
1763 1505 1800 1534 de

327 1551 477 1591 amphora
498 1550 629 1581 seniore.
675 1550 769 1580 Nunc
784 1549 835 1579 dic
852 1548 929 1578 mihi
947 1548 978 1578 iu
997 1548 1142 1587 gratiam
1160 1547 1247 1586 cujus
1272 1548 1409 1578 Deorum
1432 1548 1497 1577 volo
1514 1550 1544 1578 te
1560 1547 1723 1587 porrigere
1744 1556 1800 1577 sex

327 1592 479 1635 cyathos?
516 1594 623 1623 Coesur
650 1592 723 1622 erit.
783 1591 901 1631 Capilli
926 1591 1028 1622 decies
1057 1594 1241 1622 coronentur
1266 1590 1356 1621 sutili
1382 1600 1462 1626 rosa,
1484 1593 1518 1621 ut
1545 1591 1697 1632 efficiatur
1727 1590 1800 1631 ejus

329 1646 466 1673 nomeu,
487 1637 540 1676 qui
555 1635 693 1666 condidit
719 1634 819 1665 nobile
835 1635 983 1674 templum
1003 1633 1110 1672 gentis
1133 1644 1242 1664 sacrae.
1292 1635 1383 1664 Nunc
1397 1633 1499 1664 decies
1522 1634 1659 1664 osculare
1682 1642 1743 1672 me,
1765 1635 1800 1663 ut

318 1680 384 1722 fiat
399 1680 476 1710 illud
492 1689 600 1710 nomen
616 1679 695 1719 quod
710 1679 797 1710 Deus
809 1681 988 1709 consecutus
1003 1683 1047 1708 est
1064 1677 1101 1708 ab
1121 1677 1274 1718 Otlzrysio
1288 1677 1371 1708 orbe.

950 1758 1190 1769 eeeememeo

374 1813 562 1853 Inscriptio
591 1812 693 1853 hujus
720 1813 988 1854 Epigrammatis
1013 1813 1046 1843 in
1069 1811 1240 1843 nonnullis
1258 1816 1355 1842 extat
1370 1812 1423 1843 Ad
1442 1812 1655 1849 Calatissmm
1677 1813 1711 1843 in
1729 1813 1804 1844 aliis

330 1858 383 1888 Aa·
403 1857 587 1887 Calocisum.
635 1857 774 1895 Cetera,
805 1857 894 1887 haud
926 1857 1062 1886 invenio
1093 1857 1197 1886 ullam
1226 1856 1444 1892 varietatem,
1463 1861 1692 1896 praeterquam
1711 1856 1802 1896 quod

333 1900 487 1930 Calutisse
518 1905 555 1930 et
583 1899 722 1929 Calocise
736 1899 770 1929 in
787 1899 877 1929 linea
895 1900 1000 1930 tertia
1016 1900 1178 1939 leguntur
1196 1899 1237 1929 ab
1255 1899 1307 1938 iis,
1332 1898 1388 1939 qui
1408 1903 1445 1929 ut
1474 1908 1579 1939 supra
1605 1900 1805 1939 memoravi,

328 1943 530 1982 inscribunt,
546 1942 599 1973 Ad
612 1942 802 1973 Calatissum
818 1943 871 1973 vel
884 1942 936 1973 Ad
955 1943 1141 1973 Calocz'sum.

998 2023 1157 2055 NOTAE·

375 2093 392 2121 l
421 2089 600 2120 [mmm-tale
634 2089 819 2129 Falernum]
856 2090 922 2120 Vel
950 2089 1041 2130 quod
1139 2092 1157 2119 5
1182 2088 1298 2120 Sutilis
1321 2088 1464 2130 aptetur]
1488 2089 1589 2130 Epig.
1606 2091 1660 2120 64.
1684 2089 1746 2121 lib.
1768 2098 1803 2120 v.

332 2128 474 2171 difficile
500 2144 749 2180 corrumpatur,
778 2140 832 2170 vel
857 2139 943 2181 quod
969 2139 1041 2180 dig·
1096 2141 1221 2176 Decies,
1255 2141 1332 2181 quia
1365 2141 1397 2171 iu
1430 2150 1489 2171 suo
1519 2140 1653 2172 nomine
1683 2140 1803 2172 decem

334 2201 414 2223 num
431 2190 485 2227 sit,
503 2195 542 2221 ut
559 2201 578 2221 a
591 2191 665 2221 Diis
688 2191 772 2230 ipsis
791 2191 939 2222 bibatur.
968 2216 971 2217 γ
1094 2191 1213 2222 literas
1241 2192 1345 2223 habet
1366 2193 1375 2210 ‘
1389 2192 1632 2231 Domitianus‚’
1654 2193 1709 2232 qui
1727 2193 1805 2223 Fla-

376 2246 396 2273 2
423 2243 637 2276 Quadrantem
654 2242 793 2282 duplica]
819 2242 896 2273 Hoc
913 2247 977 2281 est,
994 2243 1041 2272 in·
1095 2242 1159 2272 vire
1184 2242 1277 2283 genti
1304 2242 1470 2283 templum
1495 2242 1634 2283 dicavit,
1650 2242 1753 2283 Epig.
1770 2245 1803 2274 2.

332 2293 440 2325 funde
464 2301 526 2323 sex
541 2293 681 2332 cyathos
707 2293 775 2324 viui
794 2294 932 2325 vetusti.
1098 2303 1214 2333 supra.

378 2349 398 2378 4
424 2347 535 2376 Coesar
550 2344 628 2384 erit]
654 2344 771 2375 Habet
785 2345 874 2376 enim
893 2355 952 2376 sex
970 2345 1044 2376 lite·
1142 2347 1162 2374 7
1187 2343 1265 2374 Fiat
1279 2347 1314 2374 ut
1329 2343 1423 2384 illud]
1445 2344 1455 2361 ‘
1470 2343 1698 2375 Germanicus
1710 2343 1719 2356 '
1751 2344 1806 2375 vel

334 2407 403 2437 ras,
426 2396 541 2427 soluta
553 2395 710 2426 nimirum
729 2396 940 2436 diphthongo
957 2406 965 2427 :
992 2399 1045 2427 tot
1100 2397 1109 2412 ‘
1125 2395 1333 2426 Sarmaticus
1346 2395 1367 2426 :⁷
1381 2395 1471 2436 quod
1488 2405 1611 2426 nomen
1626 2406 1644 2426 a
1662 2396 1806 2427 Germa-

334 2457 418 2480 vero
429 2447 571 2486 cyathos
582 2447 717 2477 haurire
727 2447 884 2477 solebant
895 2451 1044 2486 veteres,
1101 2447 1156 2477 nia
1172 2450 1207 2478 et
1220 2446 1389 2478 Sarmatia
1400 2447 1544 2478 subacta
1559 2448 1680 2478 sumsit
1692 2447 1809 2478 Domi-

335 2502 417 2542 quot
435 2503 549 2529 essent
565 2497 675 2528 literae
692 2497 725 2527 in
745 2497 878 2528 nomine
894 2497 984 2527 illius
1011 2496 1044 2527 in
1100 2497 1226 2528 tianus.
1289 2498 1344 2527 De.
1374 2497 1542 2538 Othrysio
1573 2498 1627 2528 vel
1656 2497 1806 2539 Odrysio

337 2550 435 2590 cujus
467 2548 611 2591 gratiam
638 2547 816 2588 bibebant,
859 2548 961 2590 Epig.
988 2551 1041 2580 72.
1100 2547 1196 2587 orbe,
1210 2556 1269 2578 seu
1283 2548 1553 2591 Septemtrione,
1566 2549 1695 2581 dictum
1704 2550 1806 2591 Epig.

339 2599 398 2631 lib.
417 2609 439 2630 1.
1099 2602 1129 2631 7.
1147 2598 1204 2630 lib.
1223 2608 1302 2631 v111.
