1893 3225
532 247 931 276 κνιοῑιΛΜΜΛτυΜ
972 247 1062 275 ms,
1098 246 1187 275 xit.
1492 235 1576 275 909

237 344 364 385 Illinc
386 342 560 396 paludis
582 343 807 383 malleator
831 341 1048 394 Hispanae

235 411 404 453 Tritum
426 411 580 452 nitenti
602 410 716 450 fuste
740 410 936 449 verberat
956 422 1126 450 saxum.

241 478 337 519 Nec
360 479 486 519 turba
505 481 653 518 cessat
671 476 880 517 entheata
901 475 1117 526 Bellonae,

243 546 342 587 Nec
366 545 554 586 fasciato
573 543 810 596 naufragus
831 543 998 596 loquax
1022 547 1190 591 trunco,

243 611 286 654 A
306 618 445 653 matre
468 612 628 653 doctus
649 624 733 652 nec
754 623 907 665 rogare
930 610 958 651 J
964 610 1133 661 udaeus,

245 680 344 722 Nec
365 680 589 721 sulfuratae
610 680 762 734 lippus
784 680 961 720 institor
981 679 1152 720 mercis.

242 748 488 789 Numerare
509 748 618 801 pigri
641 747 800 788 damna
819 747 895 800 qui
915 751 1061 800 potest
1083 748 1242 797 somni,

245 816 382 857 Dicet
403 819 511 869 quot
531 828 618 856 aera
635 816 865 856 verberent
886 828 1041 856 manus
1061 815 1200 864 urbis,

245 884 357 925 Cum
376 888 498 924 secta
521 882 684 925 Colcho
706 883 833 924 Luna
854 883 1037 936 vapulat
1056 883 1252 924 rhombo.

244 951 329 1000 Tu,
352 952 530 1004 sparse,
554 952 700 992 nescis
722 952 819 1001 ista,
841 963 919 991 nec
940 954 1064 1004 potes
1087 951 1211 1000 scire,

245 1018 475 1060 Petilianis
496 1019 713 1061 delicatus
735 1020 780 1060 in
802 1019 964 1072 regnis,

1521 408 1575 448 10

1529 745 1581 784 15

127 1129 206 1160 cuti&
224 1129 335 1159 tritum
348 1139 458 1160 saxum
482 1130 604 1169 paludis
621 1130 795 1170 Hispanoe:
816 1139 870 1161 nec
895 1129 986 1160 turha
1007 1129 1142 1160 Bellona>
1158 1130 1299 1167 correpta
1316 1126 1428 1165 furore
1443 1125 1585 1165 quiescit,

127 1182 182 1203 nec
190 1173 337 1211 garrulas
349 1171 520 1212 naufragus
535 1173 639 1204 tabula
651 1183 798 1213 suspensa
813 1174 850 1203 de
864 1172 982 1211 fascia,
996 1182 1049 1202 nec
1061 1173 1193 1202 Judoeus
1207 1171 1348 1201 eruditus
1358 1180 1376 1200 α
1388 1172 1488 1200 matre
1501 1179 1583 1199 men-

128 1215 245 1251 dicare,
263 1225 318 1245 nec
333 1215 434 1255 lippus
449 1217 627 1254 negotiator
642 1217 751 1246 mercis
765 1215 943 1253 sulfuratoe.
993 1216 1055 1250 Qui
1069 1215 1149 1245 valet
1173 1223 1350 1245 enumerare
1363 1212 1580 1252 impedimenta

128 1257 227 1288 somni
242 1257 364 1296 inertis,
377 1258 458 1288 dicet
475 1261 546 1297 quot
563 1268 625 1288 aera
636 1259 798 1298 pulsentur
809 1258 950 1288 manibus
963 1257 1114 1294 civitatis,
1130 1267 1198 1288 cum
1215 1257 1303 1287 Luna
1315 1265 1394 1286 coesa
1406 1254 1583 1285 verberatur

130 1300 254 1330 rhombo
275 1300 399 1331 Colcho.
445 1300 475 1331 Ο
490 1301 619 1341 Sparse,
635 1305 668 1331 tu
684 1301 834 1332 delicatus
844 1301 877 1331 in
893 1301 1000 1340 regnis
1014 1300 1184 1331 Petilianis
1196 1300 1322 1339 ignoras
1344 1298 1420 1337 ista,
1435 1307 1488 1328 nec
1499 1300 1586 1337 potes

744 1373 981 1385 eeeeeeeeeeee

130 1417 219 1448 citat
232 1416 350 1457 balteis,
363 1421 397 1447 et
411 1427 450 1447 ex
465 1417 608 1447 Salmas.
622 1417 908 1448 balneis.—10Non
918 1420 1000 1448 vecte
1009 1414 1379 1447 BeverlandiMs.-—l5
1396 1414 1474 1449 Quis
1486 1414 1586 1445 idem.

133 1462 216 1490 —17
242 1460 322 1490 Iolco
338 1459 471 1500 legend.
488 1460 670 1490 arbitratur
687 1460 806 1490 Heius.
829 1459 931 1490 Ovid.
953 1468 992 1490 11.
1017 1469 1048 1499 p.
1065 1461 1138 1490 163.
1180 1458 1269 1489 Lana
1285 1457 1491 1488 Beverlandi
1522 1457 1587 1488 Ms-

134 1502 251 1533 Bombo
265 1502 298 1533 in
321 1512 425 1543 marg.
443 1502 496 1533 ed.
513 1503 593 1534 Par.
612 1505 792 1534 low—19
808 1502 995 1533 Pecunianis
1019 1501 1227 1533 Beverlandi
1243 1500 1396 1531 Ms.—23
1415 1499 1483 1531 Alii
1507 1501 1587 1530 latus

794 1582 933 1616 NOTAE

176 1644 197 1673 9
221 1642 314 1673 Illinc
326 1642 464 1683 paludis]
486 1642 666 1673 Turnebus
679 1643 737 1674 lib.
748 1651 835 1674 xxx.
892 1647 958 1673 tur.
984 1642 1154 1681 Lucanus,
1182 1641 1291 1674 ‘Quos
1316 1640 1420 1672 sectis
1447 1640 1591 1670 Bellona

135 1703 209 1734 cap.
226 1695 280 1724 26.
299 1693 380 1733 legit
402 1693 527 1724 balucis.
572 1694 629 1724 Sic
656 1694 757 1732 enim,
787 1694 835 1724 in·
890 1693 1029 1723 lacertis
1057 1693 1155 1723 Saeva
1181 1691 1320 1732 movet‚'
1355 1694 1419 1722 Sco.
1448 1690 1591 1721 Bellona

136 1743 224 1784 quit,
243 1753 366 1774 massas
380 1743 541 1783 quasdam
559 1744 631 1774 auri
658 1744 773 1774 vocari
804 1744 837 1774 in

136 1793 305 1834 Hispania
319 1793 441 1823 solere.
475 1793 607 1823 Plinius
623 1793 683 1823 lib.
698 1802 837 1824 xxxin.

136 1853 211 1884 cap.
228 1847 260 1875 4.
306 1843 374 1874 Alii
392 1844 509 1883 legunt
523 1844 659 1883 paludis,
676 1843 764 1883 quod
782 1852 838 1874 vo-

134 1893 306 1933 cabulum,
321 1893 431 1934 inquit
453 1893 592 1932 ibidem,
617 1903 636 1923 a
653 1893 744 1924 vocis
761 1902 838 1933 pro-

135 1944 326 1985 pinquitate
339 1942 439 1974 facile
453 1942 590 1973 deflecti
604 1943 725 1983 potuit.
752 1943 839 1973 Mihi

134 1993 272 2035 quidem
288 2003 355 2024 non
371 1994 453 2024 satis
477 1993 766 2024 accommodatum
784 1994 837 2024 hic

136 2053 211 2074 esse
241 2043 378 2075 videtur
419 2044 544 2084 paludis
582 2053 718 2083 nomen,
756 2044 837 2075 licet

135 2093 222 2133 Tagi
246 2099 400 2125 ramenta
422 2103 523 2124 aurea
551 2094 836 2134 interpretentur.

135 2143 193 2175 Sic
205 2144 391 2175 Turnebus.
419 2143 510 2174 Illud
530 2153 611 2185 ergo
624 2153 741 2174 aurum
753 2144 836 2175 rude

137 2203 180 2225 ex
197 2194 364 2234 Hispania
380 2195 521 2225 Romam
540 2193 759 2234 afferebatur,
782 2195 838 2226 ubi

136 2245 171 2275 in
181 2244 338 2275 bracteas
350 2244 564 2275 tenuissimas
573 2245 836 2276 extendebatur.

136 2296 262 2328 Saxum
281 2306 360 2328 vero
377 2297 493 2328 tritum
507 2296 604 2335 dicit,
619 2302 760 2338 propter
771 2297 837 2329 fre-

139 2351 298 2388 quentem
328 2348 537 2378 malleatoris
574 2349 840 2388 percussionem.

140 2397 328 2428 Farnabius
355 2398 482 2428 retinet
507 2398 641 2438 paludis,
669 2400 767 2430 etsie
784 2409 840 2430 ex-

141 2446 259 2486 plicat,
276 2447 338 2477 hoc
355 2451 421 2485 est,
436 2447 495 2478 lini
508 2453 543 2479 et
559 2448 683 2489 setabi,
704 2449 793 2490 quod
809 2450 842 2480 in

141 2495 315 2536 paludosis
363 2496 540 2536 Hispaniae
578 2499 662 2529 locis
705 2499 842 2531 seritur.

141 2545 243 2578 Quod
271 2545 372 2584 enim,
408 2546 529 2588 inquit,
557 2548 737 2580 Turnebus
762 2549 845 2590 legit

141 2595 270 2635 balucis,
301 2596 494 2628 nullatenus
539 2599 699 2630 convenit
732 2609 842 2632 aureae

141 2655 255 2686 operae
268 2656 344 2677 cum
360 2645 460 2677 fuste.
504 2647 630 2679 Videat
646 2649 765 2680 lector.

187 2699 225 2727 ll
252 2697 318 2727 Nec
333 2696 438 2738 turba]
460 2696 659 2729 Sacerdotes
674 2700 842 2740 intellige,

143 2747 199 2787 qui
239 2747 402 2787 sanguine
433 2756 491 2777 suo
530 2748 680 2779 Bellonae
718 2759 838 2781 numen

144 2797 339 2837 placabant,
364 2802 400 2827 et
427 2796 579 2828 furentes
611 2799 839 2831 vaticinaban-

890 1747 1003 1774 autem
1021 1748 1072 1773 est
1088 1743 1168 1773 belli
1184 1743 1268 1783 Dea,
1290 1747 1327 1774 et
1350 1751 1446 1780 soror
1464 1739 1590 1772 Martis

891 1799 1123 1833 nuncupatur.

935 1847 975 1875 12
994 1844 1057 1874 Nec
1065 1843 1219 1884 fasciato]
1236 1841 1412 1875 Juvenalis
1423 1842 1494 1874 Sat.
1513 1850 1593 1872 xiv.

889 1895 898 1911 ‘
910 1894 1104 1936 Naufragus
1115 1905 1221 1926 assem
1233 1895 1326 1925 Dum
1336 1897 1487 1934 rogat,et
1499 1893 1594 1933 picta

891 1955 927 1977 se
951 1950 1157 1986 tempestate
1180 1946 1317 1977 tuetur.'

934 1999 973 2028 14
988 1997 1053 2028 Nec
1064 1995 1242 2036 sulfuratae]
1264 1996 1342 2027 Hoc
1360 1999 1424 2030 est,
1441 2003 1506 2025 non
1523 2003 1593 2025 ces-

890 2051 944 2078 sat
956 2048 1177 2088 proclamare.
1194 2046 1319 2077 videl.
1336 2055 1359 2077 1.
1375 2045 1474 2085 Epig.
1491 2047 1543 2076 42.
1561 2049 1595 2075 et

887 2097 948 2128 lib.
964 2106 1000 2129 x.
1017 2097 1159 2138 Epig.3.
1205 2097 1334 2137 Lippus
1351 2105 1433 2126 vero
1457 2095 1594 2133 dicitur,

893 2157 1015 2189 nempe
1029 2158 1047 2178 a
1060 2146 1203 2186 sulfure,
1224 2146 1314 2188 quod
1331 2155 1467 2186 semper
1487 2146 1592 2176 mani-

893 2198 955 2229 bus
968 2198 1060 2229 terit.

936 2251 976 2279 16
1002 2249 1084 2284 Quot
1095 2248 1174 2288 oera]
1191 2248 1275 2278 Cum
1293 2248 1386 2278 Luna
1399 2257 1418 2278 a
1433 2247 1518 2278 coelo
1536 2247 1592 2277 de-

895 2298 1033 2329 ducitur
1048 2298 1187 2337 magicis
1203 2298 1504 2337 incantationibus,
1527 2297 1587 2328 lib.

895 2357 946 2380 ix.
966 2349 1064 2389 Epig.
1082 2352 1134 2381 30.
1164 2350 1172 2366 ‘
1188 2349 1274 2381 Quae
1292 2358 1381 2379 nunc
1397 2348 1594 2379 Thessalico

895 2399 1025 2429 Lunam
1066 2399 1238 2430 deducere
1269 2398 1429 2430 rhombo!
1483 2398 1594 2429 Colcho

897 2447 1037 2489 dicitur,
1069 2448 1103 2479 id
1127 2454 1179 2480 est
1203 2449 1348 2488 magico,
1365 2453 1506 2489 propter
1522 2448 1594 2478 Me-

897 2500 993 2532 deam
1012 2511 1085 2543 quae
1103 2505 1177 2532 erat
1198 2501 1337 2532 Colcha.
1383 2500 1506 2531 Sensus
1523 2504 1573 2531 est
1589 2512 1596 2530 :

896 2552 963 2582 Tot
988 2557 1066 2583 sunt
1098 2562 1215 2583 manus
1247 2561 1323 2592 quae
1354 2551 1489 2592 pulsant
1527 2560 1595 2580 aera

897 2603 1018 2644 quibus
1036 2603 1216 2634 deducitur
1238 2603 1347 2641 Luna,
1369 2607 1408 2633 ut
1428 2601 1595 2632 numerari

895 2658 1079 2694 nequeant:
1098 2653 1147 2684 ita
1157 2662 1220 2684 nec
1231 2652 1338 2683 somni
1350 2649 1595 2691 impedimenta

895 2704 1063 2734 numerari
1082 2707 1237 2743 possunt.

938 2755 978 2783 19
1002 2752 1183 2791 Petilianis]
1200 2751 1370 2782 Petiliana
1380 2759 1484 2790 regna
1497 2754 1596 2781 vocat

896 2802 1030 2834 domum
1065 2808 1099 2834 et
1126 2812 1241 2842 agrum
1266 2802 1303 2832 L.
1331 2800 1448 2831 Petilii
1474 2799 1594 2831 scribae
