1893 3225
597 238 1002 269 EPlGRAMMA'rUM
1041 239 1132 268 [ΑΒ.
1167 237 1262 268 Xll.
1572 226 1656 267 875

207 338 339 378 Plura
360 337 507 389 legant
529 336 672 383 vacui,
695 335 855 388 quibus
876 335 966 374 otia
988 338 1081 374 tuta
1102 333 1267 374 dedisti
1287 348 1295 374 :

262 404 380 445 Haec
403 404 498 456 lege
519 408 580 453 tu,
600 402 777 443 Caesar:
808 402 959 441 forsan
980 406 1025 441 et
1044 401 1120 442 illa
1141 402 1272 454 leges.

207 504 311 535 Otiosi
335 505 441 543 legant
456 505 544 544 plura
569 503 679 544 quibus
702 502 878 533 concessisti
902 512 1038 532 securam
1055 502 1197 542 quietem.
1243 501 1274 531 O
1293 501 1410 539 C‘oesar,
1436 503 1467 530 tu
1487 501 1552 540 lege
1579 500 1656 539 hoec,

194 548 307 585 forsan
324 552 353 578 et
370 549 452 586 [fg-es
468 549 532 578 illa.

854 598 995 630 NOTAE

244 668 264 696 4
289 666 370 696 IIoec
393 666 475 707 lege]
511 664 589 696 Hoc
617 668 683 703 est,
707 663 767 694 hos
793 662 898 694 libros
955 672 1023 700 sar,
1040 662 1145 694 otium
1162 666 1272 693 tutum
1296 660 1507 701 concessisti,
1521 669 1587 702 quo
1603 669 1655 691 ca-

201 720 415 748 contractos:
441 716 523 747 alios
551 725 631 747 vero
659 715 828 755 longiores
851 715 898 745 le-
956 715 1077 747 rebant
1092 719 1256 756 regnante
1274 714 1479 746 Domitiano.

203 767 329 807 gendos
347 767 387 799 iis
410 767 575 808 relinque,
591 766 710 808 quibus
728 770 776 805 tu,
789 775 807 796 ο
825 764 898 797 Cae-

884 900 927 942 V
933 901 971 942 Ι.

529 991 580 1021 IN
616 990 1096 1020 COMMENDATIONEM
1130 990 1325 1021 NERVAE.

202 1045 448 1088 CONT1G1T
471 1046 687 1089 Ausoniae
709 1061 938 1102 procerum
960 1048 1221 1089 mitissimus
1242 1049 1354 1089 aulae

258 1114 410 1157 Nerva
427 1129 437 1157 :
468 1116 575 1158 licet
593 1121 690 1157 toto
710 1129 825 1157 nunc
849 1116 1068 1157 Helicone
1088 1116 1186 1156 frui.

200 1181 346 1224 Recta
367 1183 517 1234 Fides,
538 1184 692 1225 hilaris
715 1184 977 1234 Clementia,
1001 1190 1136 1225 cauta
1158 1184 1371 1226 Potestas

254 1249 284 1291 J
288 1264 358 1292 am
380 1252 588 1293 redeunt:
620 1252 737 1305 longi
757 1256 880 1304 terga
899 1251 1058 1293 dedere
1081 1251 1248 1293 Metus

199 1317 306 1360 Hoc
327 1320 496 1374 populi,
519 1325 758 1374 gentesque
782 1325 886 1370 tuae,
910 1321 987 1373 pia
1008 1319 1172 1370 Roma,
1193 1325 1451 1374 precantur:
1626 1329 1654 1357 ῡ

256 1387 365 1427 Dux
386 1388 466 1428 tibi
489 1388 549 1428 sit
571 1401 748 1442 semper
770 1388 886 1439 talis,
909 1394 952 1429 et
974 1389 1058 1429 iste
1079 1388 1167 1429 diu.

200 1452 350 1495 Macte
372 1456 522 1505 animi,
545 1470 676 1509 quem
697 1469 823 1497 rarus
845 1457 998 1507 habet,
1017 1468 1275 1510 morumque
1296 1459 1483 1504 tuorum,

258 1520 386 1572 Quos
408 1524 574 1573 Numa,
596 1537 707 1577 quos
728 1524 880 1565 hilaris
904 1528 1057 1578 posset
1076 1525 1237 1565 habere
1259 1522 1386 1564 Cato.

200 1589 386 1643 Largiri‚
408 1596 637 1644 praestare,
659 1593 819 1633 breves
841 1592 1072 1632 extendere
1097 1603 1277 1640 census,

256 1657 314 1699 Et
333 1659 453 1709 dare,
475 1673 576 1712 quae
598 1660 756 1701 faciles
777 1660 856 1701 vix
878 1660 1066 1702 tribuere
1087 1660 1194 1710 Dei,
1602 1656 1658 1698 10

199 1725 334 1767 Nunc
354 1727 469 1777 licet,
489 1732 531 1769 et
551 1727 620 1769 fas
645 1733 741 1769 est:
773 1729 852 1769 sed
875 1733 924 1769 tu
945 1729 1027 1769 sub
1050 1728 1251 1782 principe
1273 1726 1398 1776 duro,

253 1793 640 1848 Temporibusque
662 1795 808 1845 malis,
830 1808 968 1836 ausus
990 1808 1038 1836 es
1064 1808 1164 1836 esse
1185 1796 1342 1836 bonus.

241 1905 347 1936 Nerva
362 1905 536 1937 lenissimus
557 1915 717 1945 proceram
738 1908 831 1938 datus
856 1910 902 1938 est
930 1906 1064 1947 Imperio
1081 1906 1244 1937 Romano.-
1267 1915 1348 1936 nunc
1361 1905 1418 1943 fas
1441 1906 1486 1934 est
1494 1901 1566 1940 frui
1591 1904 1655 1932 loto

197 1947 358 1980 Helicone.
404 1948 501 1979 Recta
508 1948 603 1990 fideS,
626 1950 735 1980 hilaris
750 1951 925 1988 clementia,
942 1950 1071 1989 provida
1088 1952 1228 1990 potestas
1241 1948 1310 1987 jam
1332 1949 1547 1978 revertuntur.-
1572 1945 1657 1983 longi

195 1995 329 2022 terrores
344 1994 544 2022 evanuerunt.
588 1991 619 2022 Ο
637 1993 689 2032 pia
714 1993 827 2032 Roma,
849 1993 966 2033 populi,
989 1995 1021 2023 et
1035 1995 1146 2031 gentes
1172 1995 1236 2023 tuoe
1250 1994 1364 2030 rogant
1390 1990 1456 2029 hoc,
1476 1992 1512 2019 ut
1537 1997 1656 2027 semper

195 2034 306 2065 habeas
334 2035 426 2065 talem
450 2034 685 2074 Imperatorem,
708 2039 738 2066 et
763 2036 858 2066 istum
880 2036 944 2066 diu.
992 2036 1023 2067 Ο
1052 2036 1167 2066 Nerva
1189 2037 1288 2065 macte
1312 2033 1422 2071 animi,
1445 2032 1498 2072 qui
1522 2030 1655 2068 contigit

193 2077 315 2117 paucis,
337 2079 367 2107 et
395 2083 508 2108 macte
532 2080 656 2108 tuorum
685 2087 816 2117 morum,
838 2089 913 2119 quos
936 2077 1046 2109 habere
1067 2081 1170 2118 posset
1197 2078 1317 2116 Numa,
1339 2079 1369 2107 et
1398 2076 1476 2106 Cato
1500 2073 1655 2104 hilariter.

197 2118 356 2157 Nuncfas
370 2123 417 2151 est
439 2121 565 2158 donare,
587 2125 748 2159 praestare,
772 2131 886 2160 augere
900 2121 1002 2152 breves
1017 2131 1136 2161 census,
1159 2124 1188 2152 et
1213 2122 1299 2159 dare,
1319 2129 1387 2160 quae
1403 2118 1458 2149 vix
1480 2125 1654 2164 concessere

195 2162 256 2193 Dii
272 2163 397 2200 faciles.
441 2163 486 2194 At
502 2166 537 2194 tu
552 2163 608 2193 sub
623 2163 814 2204 Imperatore
842 2164 1022 2204 inhummw,
1047 2167 1077 2195 et
1093 2173 1185 2195 ausus
1208 2173 1238 2195 es
1259 2172 1322 2194 esse
1349 2163 1446 2194 bonus
1468 2159 1654 2199 temporibus

195 2205 297 2237 malis.

806 2259 1048 2271 ‘NWN‘

238 2304 258 2332 7
282 2300 514 2334 Dividendum
530 2302 592 2334 hoc
615 2302 835 2344 Epigramma
851 2303 885 2334 in
899 2303 964 2334 duo
977 2303 1019 2334 ad
1035 2303 1125 2334 hunc
1143 2311 1192 2334 vs.
1208 2301 1282 2332 vult
1296 2300 1374 2334 Jan.
1392 2300 1552 2340 Rutgers.

853 2389 885 2421 N
891 2388 997 2422 OTAE

239 2453 259 2482 2
278 2451 399 2492 Nerva]
415 2454 470 2484 De
480 2454 629 2495 Trajano
641 2455 705 2486 hoc
718 2454 893 2496 Epigram-
991 2457 1011 2486 7
1034 2454 1142 2485 Macte
1151 2451 1263 2491 animi]
1285 2451 1412 2482 Sensus
1425 2453 1477 2480 est
1491 2459 1498 2479 :
1525 2448 1653 2479 Beatus

197 2510 254 2533 ma
281 2506 316 2533 et
345 2504 546 2543 praecedens
582 2506 727 2547 intelligi
765 2511 894 2547 potest3
948 2509 985 2537 et
1000 2504 1083 2536 felix
1099 2505 1142 2536 sis
1159 2504 1216 2534 illo
1233 2503 1356 2541 animo,
1378 2506 1481 2542 atque
1497 2500 1563 2530 illis
1582 2509 1650 2530 mo-

198 2551 368 2592 Trajanus
398 2553 486 2584 enim
515 2564 535 2585 a
563 2556 678 2587 Nerva
710 2556 894 2598 adoptatus
949 2556 1041 2587 ribus
1052 2555 1174 2597 quibus
1187 2554 1301 2585 ornari
1311 2563 1344 2584 se
1357 2551 1516 2583 crederet
1528 2550 1653 2588 Numa,

197 2601 310 2633 dictus
327 2607 380 2634 est
396 2603 697 2646 NervaTrajanus.
952 2612 987 2638 et
1003 2607 1179 2637 laetaretur
1194 2606 1294 2644 Cato,
1314 2601 1528 2644 quantumvis
1544 2609 1652 2631 moro-

241 2652 392 2683 Helicone
409 2652 496 2696 frui]
522 2654 597 2686 Hoc
614 2661 679 2697 est,
694 2657 802 2689 libere
819 2658 896 2689 Mu·
951 2667 1019 2697 sus,
1037 2662 1071 2688 et
1086 2656 1212 2688 Stoicae
1229 2655 1359 2686 frontis.

196 2703 240 2734 Sis
256 2713 393 2735 vacare·
993 2711 1014 2738 9
1035 2706 1182 2746 Largiri]
1200 2706 1239 2736 Id
1254 2710 1326 2736 est:
1353 2703 1453 2735 Nunc
1467 2701 1650 2732 liberalita-

239 2757 259 2785 4
283 2754 385 2795 L⁰⁷¹gi
415 2755 537 2796 flletus]
568 2756 700 2790 Quibus
730 2759 896 2798 percelle-
950 2762 1018 2789 tem
1036 2766 1199 2789 exercere
1215 2760 1325 2797 potes,
1348 2759 1386 2785 tu
1401 2754 1457 2794 qui
1471 2752 1573 2782 etiam
1588 2751 1649 2782 sub

196 2803 322 2835 bantur
334 2806 475 2837 Romani
491 2812 657 2848 regnante
673 2809 883 2841 Domitiano.
951 2808 1103 2849 principe
1121 2807 1250 2839 crudeli
1268 2806 1374 2838 bouus
1389 2813 1463 2836 esse
1477 2812 1575 2834 ausus
1587 2811 1635 2834 es.

239 2859 259 2886 6
285 2856 384 2897 Talis]
406 2857 521 2890 Qualis
536 2862 589 2889 est
606 2859 735 2890 Nerva.
