1893 3225
493 190 896 221 ssP1GRAMMA'1'UM
934 191 1027 220 mn.
1064 193 1169 222 vm.
1482 184 1563 225 591

733 349 937 394 XXXI.

649 438 699 468 IN
740 439 1034 470 DENTONEM.

110 504 299 546 Nescio
321 506 427 561 quid
449 506 504 547 de
524 509 565 547 te
585 519 675 546 non
694 507 823 557 belle,
846 507 1005 556 Demo,
1026 508 1191 558 fateris,

167 572 360 627 Conjuge
382 573 458 627 qui
479 573 612 615 ducta
623 573 728 628 jura
749 578 938 628 paterna
957 576 1088 629 petis.

109 639 196 681 Sed
211 641 306 694 jam
330 641 609 696 supplicibus
632 641 862 683 dominum
880 643 1050 684 lassare
1071 643 1232 685 libellis

174 709 349 759 Desine,
369 714 415 750 et
433 710 477 751 in
492 710 681 764 patriam
703 723 825 751 serus
843 712 899 752 ab
919 713 1024 753 urbe
1047 711 1155 752 redi.

111 776 230 817 Nam
251 777 353 818 dum
376 782 422 819 tu
444 778 573 831 longe
592 777 767 819 deserta
787 791 926 819 uxore
945 778 1113 832 diuque

165 845 277 886 Tres
296 844 460 899 quaeris
476 849 620 895 natos,
643 849 832 900 quatuor
848 846 1058 887 invenies.

1539 782 1567 821 Οἱ

149 955 180 986 Ο
194 954 312 993 Dento,
327 965 384 986 non
396 956 502 987 decore
509 954 628 993 fateris
642 956 679 987 de
691 959 722 987 te
737 956 838 987 nescio
855 956 942 996 quid,
953 956 1007 997 qui
1015 958 1108 988 ducta
1120 965 1216 987 uxore
1230 956 1311 995 petis
1317 955 1396 994 jura
1418 960 1562 997 paterna.

107 997 228 1036 Atjum
242 1007 326 1028 cessa
336 997 513 1038 defatigare
531 999 754 1040 Imperatorem
768 999 958 1039 supplicibus
972 1000 1097 1038 libellis,
1110 1003 1141 1030 et
1168 1000 1258 1030 tarde
1272 1003 1426 1030 revertere
1441 1000 1478 1031 ab
1489 1001 1565 1031 urbe

105 1040 297 1123 ngpgxam.
343 1042 428 1072 Dum
440 1042 522 1073 enim
534 1045 569 1072 tu
581 1043 695 1083 quoerz's
706 1045 769 1073 tres
781 1042 892 1073 liberos
901 1044 991 1082 longe
1006 1046 1037 1074 et
1051 1043 1107 1073 din
1118 1042 1246 1081 conjuge
1257 1043 1416 1082 derelicta,
1430 1044 1564 1083 reperies

717 1137 953 1149 eooeeaemno

149 1181 167 1208 3
191 1178 422 1209 Beverlandus
439 1188 479 1210 ex
506 1180 650 1220 quodam
675 1180 793 1212 codice
819 1181 925 1212 citat:
948 1181 1105 1212 dominum
1127 1182 1242 1212 lassare
1263 1179 1457 1211 tabellis.—5
1481 1180 1565 1213 Jun-

106 1221 177 1252 tina
193 1226 307 1252 nostra
322 1222 464 1261 margini
481 1223 668 1262 ascriptum
683 1223 806 1256 habet:
832 1226 954 1255 deserta
967 1233 1063 1255 uxore
1079 1226 1245 1264 domoque,·
1269 1223 1364 1254 etsie
1380 1228 1433 1254 est
1448 1224 1480 1254 in
1494 1224 1565 1265 qui-

106 1263 245 1295 busdam
262 1264 341 1295 edd.
359 1269 441 1296 vett.
460 1270 549 1297 teste
564 1266 678 1298 Junio.

764 1319 905 1351 NOTAE

150 1386 166 1414 1
192 1382 305 1414 Nescio
319 1383 443 1423 quiade
458 1383 505 1424 te]
537 1384 588 1416 Te
609 1394 732 1426 nempe
748 1395 806 1425 pa-
862 1386 993 1423 Dento,
1009 1393 1109 1425 quem
1134 1388 1251 1415 monet
1266 1384 1389 1422 Po'e'ta,
1405 1387 1443 1414 ut
1457 1384 1490 1414 in
1507 1394 1567 1425 pa-

105 1443 177 1464 rum
192 1442 266 1465 esse
282 1434 402 1475 virum,
414 1435 468 1465 vel
482 1434 646 1466 delectari
663 1440 698 1467 te
715 1436 807 1476 turpi
862 1435 960 1466 triam
991 1434 1139 1465 reditum
1163 1433 1313 1474 differat,
1337 1440 1438 1476 atque
1465 1435 1514 1466 ita
1530 1437 1567 1466 li-

103 1484 253 1516 libidinis
269 1494 406 1525 genere.
449 1485 704 1526 Dejuretrium
719 1486 802 1518 libe·
862 1486 961 1517 beros
987 1495 1029 1516 ex
1054 1485 1224 1516 adulterio
1248 1485 1361 1516 uxoris
1387 1491 1566 1527 susceptos

106 1545 218 1566 rorum
234 1536 362 1576 egimus
374 1535 433 1567 lib.
450 1544 490 1567 11.
507 1536 607 1577 Epig.
624 1540 677 1568 92.
860 1536 955 1568 illum
971 1535 1062 1567 domi
1079 1539 1296 1576 reperturum
1313 1534 1469 1567 affirmat.

148 1589 168 1617 4
206 1585 318 1627 Serus]
369 1586 539 1617 Externus
576 1596 700 1627 nempe
731 1591 807 1618 erat
903 1592 922 1619 5
948 1586 1088 1627 Diuque]
1113 1586 1200 1627 Alii,
1213 1588 1372 1627 domoque.

717 1741 946 1784 XXXII.

502 1831 567 1860 DE
598 1831 835 1862 COLUMBA
868 1830 1169 1861 ARETULLAE.

104 1900 250 1942 AERA
268 1914 347 1954 per
367 1900 555 1941 tacitum
575 1899 761 1953 delapsa
780 1899 973 1939 sedentis
995 1898 1041 1938 in
1056 1898 1179 1952 ipsos

165 1968 321 2010 Fluxit
339 1966 550 2009 Aretullae
573 1966 740 2007 blanda
762 1966 971 2007 columba
991 1965 1132 2006 sinus.

107 2036 298 2078 Luserat
317 2036 403 2077 hoc
416 2048 565 2084 casus,
588 2034 676 2074 nisi
696 2034 977 2074 inobservata
999 2035 1210 2082 maneret,

161 2105 472 2156 Permissaque
491 2102 566 2143 diu
582 2101 723 2142 nollet
742 2100 864 2141 abire
883 2099 1003 2152 fuga.

148 2213 262 2245 Suavis
275 2211 413 2244 columba
427 2211 553 2251 delapsa
579 2219 634 2250 per
647 2209 751 2240 aerem
774 2209 929 2250 placidum
953 2207 1071 2238 decidit
1094 2206 1129 2237 in
1153 2205 1253 2247 ipsum
1265 2205 1419 2244 gremium
1430 2205 1565 2236 sedentis

106 2257 269 2290 Aretullae.
313 2254 484 2292 Idfactum
499 2256 568 2284 erat
583 2262 667 2294 casu,
691 2252 755 2284 nisi
777 2253 950 2284 remaneret
964 2250 1166 2291 incustodita,
1186 2252 1216 2280 et
1232 2249 1324 2280 nollet
1340 2248 1458 2280 evolare
1478 2248 1564 2288 suga

718 2335 956 2348 eeeeeeeeeee

148 2389 166 2417 l
190 2386 278 2417 Ae'ra
295 2395 352 2426 per
366 2395 498 2416 vacuum
512 2383 596 2424 legit
612 2382 733 2415 Heins.
749 2381 791 2413 ad
809 2380 912 2413 Ovid.
935 2380 1029 2412 Fast.
1047 2387 1105 2410 111.
1130 2380 1267 2409 lll.—3
1291 2377 1424 2408 Luserat
1440 2386 1562 2407 occasus

104 2428 313 2460 Beverlandi
335 2429 402 2459 Ms.
429 2428 527 2459 Casus
553 2427 604 2457 hic
624 2426 715 2457 luxus
739 2428 807 2456 erat
828 2424 938 2455 codex
959 2421 1193 2454 Florentinus.
1238 2421 1391 2452 Fluxerat
1411 2420 1469 2450 huc
1490 2429 1563 2449 casu

106 2471 321 2503 scribendum
337 2475 437 2511 putat
451 2470 570 2501 Heius.
587 2469 610 2499 l.
621 2479 650 2501 c.
675 2468 842 2499 Crederes
857 2476 936 2498 casu
952 2466 1016 2498 huc
1031 2464 1181 2496 fluxisse.
1221 2463 1326 2504 Lapsa
1339 2465 1406 2494 erat
1422 2463 1478 2493 huc
1491 2472 1563 2492 casu

106 2515 193 2554 conj.
214 2514 305 2545 idem
330 2514 503 2545 Heinsius.
547 2511 782 2543 Beverlandus
807 2510 874 2550 legi
894 2509 1016 2551 jubet:
1043 2510 1126 2539 Casu
1146 2507 1195 2538 hic
1219 2508 1302 2538 lasus
1317 2508 1461 2537 emh—4
1484 2505 1563 2535 Per-

106 2557 258 2597 missaque
272 2557 333 2588 sibi
345 2556 422 2589 Ald.
434 2557 533 2589 Junt.
548 2556 658 2587 Colin.
673 2554 805 2595 Gryph.
818 2553 934 2584 Plaut.
945 2551 1083 2584 Junian.
1093 2551 1249 2582 Pulman.
1265 2550 1372 2590 Lang.
1385 2553 1421 2579 et
1433 2547 1562 2588 Delph.

107 2605 143 2631 et
157 2600 205 2630 sic
220 2599 322 2630 etiam
336 2600 420 2641 legit
433 2598 609 2631 Heinsius.

764 2637 903 2671 NOTAE

151 2709 168 2737 3
193 2705 340 2745 Luserat]
365 2705 406 2736 Id
423 2715 504 2737 casu
522 2705 651 2737 factum
667 2703 805 2735 videba-
860 2701 1037 2734 Aretullae.

109 2760 176 2795 tur,
206 2755 269 2786 nisi
297 2754 385 2785 ultro
413 2755 592 2786 mansisset
618 2755 650 2785 in
679 2753 805 2795 gremio
