1893 3225
235 243 321 284 564
686 249 732 277 M.
767 247 876 277 vAL.
910 242 1186 274 MARTmms

868 405 1054 447 XCIX.

763 487 830 517 AD
863 483 1154 515 cmsplNUM.

240 552 323 594 SIC
345 548 569 604 placidum
589 546 741 588 videas
762 557 946 597 semper,
971 542 1186 595 Crispine,
1207 541 1481 592 Tonantem3

299 619 397 660 Nec
418 623 461 659 te
483 616 630 658 Roma
646 614 803 662 minus,
824 624 956 666 quam
977 616 1056 651 tua
1074 609 1298 663 Memphis
1320 613 1463 650 amet:

241 686 449 729 Carmina
469 681 702 725 Parrhasia
724 680 760 721 si
777 684 929 720 nostra
943 679 1138 730 legentur
1158 678 1203 717 in
1224 678 1322 718 aula
1340 690 1350 728 3

298 754 528 809 (Namque
549 751 694 792 solent
716 761 842 789 sacra
863 745 1056 787 Caesaris
1078 757 1182 785 aure
1203 744 1320 795 frui.)

242 824 403 865 Dicere
425 821 479 862 de
501 819 642 868 nobis,
664 822 713 859 ut
732 817 869 857 lector
891 812 1122 862 candidus,
1144 811 1279 852 aude:
1667 824 1695 852 ς)

298 889 593 943 Temporibus
612 890 794 941 praestat
815 896 901 923 non
921 881 1029 921 nihil
1048 881 1131 920 iste
1151 880 1268 930 tuis3

242 958 340 1000 Nec
363 958 516 998 Marso
537 955 714 995 nimium
735 952 874 991 minor
894 954 974 997 est,
995 948 1214 1000 doctoque
1236 946 1420 987 Catullo.

303 1025 408 1066 Hoc
431 1024 541 1065 satis
562 1026 653 1062 est:
684 1019 771 1073 ipsi
794 1021 939 1058 cetera
959 1014 1117 1055 mando
1142 1014 1255 1055 Deo.

287 1114 319 1145 O
337 1112 492 1153 Crispine‚
503 1111 547 1142 sic
557 1119 674 1150 semper
688 1111 806 1149 spectes
829 1107 937 1136 Jovem
953 1113 1092 1134 serenum
1108 1113 1119 1139 ;
1140 1113 1194 1133 nec
1212 1103 1311 1134 Roma
1327 1103 1440 1142 diligat
1453 1106 1484 1134 te
1493 1103 1594 1134 minus
1607 1113 1698 1144 quam

244 1160 299 1188 tua
316 1156 472 1196 Memphis
483 1166 493 1186 .·
513 1155 541 1185 sz'
556 1163 660 1184 versus
674 1151 773 1182 ⁴nostri
795 1151 935 1188 legentur
950 1148 981 1177 in
996 1148 1067 1178 αιιΙα
1084 1147 1232 1177 Palatina
1246 1158 1259 1183 ;
1280 1156 1407 1186 namque
1421 1147 1518 1177 solent
1540 1149 1700 1187 pervenire

243 1201 283 1230 ad
294 1208 498 1230 sacrasaures
516 1196 669 1227 Coesarz's:
691 1195 782 1232 aude,
795 1197 829 1223 ut
845 1194 940 1222 lector
953 1191 1097 1226 sincerus,
1113 1190 1269 1231 affirmare
1284 1191 1321 1220 de
1336 1189 1433 1226 nobis,
1450 1189 1509 1220 iste
1529 1189 1623 1230 nff'ert
1639 1190 1697 1220 ali-

245 1244 324 1282 quod
339 1244 575 1272 ornamentum
592 1242 644 1269 tuo
660 1248 723 1268 cero
738 1247 747 1272 ,·
775 1245 830 1266 nec
840 1235 932 1264 nimis
960 1232 1093 1271 inferior
1105 1236 1150 1263 est
1176 1233 1298 1272 Marso,
1318 1235 1410 1273 atque
1422 1233 1543 1263 erudito
1562 1233 1697 1264 Catullo.

245 1285 317 1316 Hoc
328 1285 441 1326 sufficit
455 1294 465 1314 .·
486 1283 659 1314 commendo
673 1281 791 1320 reliqna
807 1277 867 1319 ipsi
884 1277 962 1308 Deo.

854 1346 1090 1361 eeeeeeeeeeee

288 1394 304 1422 1
330 1390 384 1421 Sic
397 1390 547 1431 placitum
564 1388 673 1419 codex
693 1385 948 1418 Pulmanni.—‹3
975 1383 1090 1414 Codex
1107 1381 1241 1412 Tlman.
1267 1382 1413 1421 leguntur
1437 1383 1470 1413 in
1496 1384 1587 1414 aula:
1622 1383 1699 1414 Flo-

243 1435 396 1464 rentinns
412 1444 419 1464 :
443 1434 589 1471 leguntur
604 1432 636 1461 in
651 1433 832 1460 auram—5
858 1427 925 1458 Alii
943 1436 1005 1466 pro
1029 1426 1118 1461 aude,
1136 1425 1255 1464 legunt
1270 1427 1374 1456 audet.
1420 1425 1498 1456 Hoc
1516 1427 1696 1466 Epigram-

245 1483 337 1507 mate
370 1476 492 1506 librum
519 1474 700 1514 septimum
726 1471 892 1503 claudunt
918 1469 997 1500 edd.
1023 1473 1110 1499 vett.
1137 1477 1264 1498 omnes.
1309 1468 1386 1498 Tria
1411 1478 1486 1508 quae
1513 1474 1703 1509 sequuntur

245 1529 264 1549 e
289 1519 400 1550 veteri
426 1516 613 1557 exemplari
637 1515 829 1555 Anglicano
855 1513 983 1554 primus
1014 1511 1148 1542 addidit
1164 1509 1384 1542 Pulmannus.
1429 1513 1438 1528 ‘
1459 1512 1525 1542 Pro
1542 1512 1709 1551 legitimis⁴

244 1571 336 1602 aegre
352 1564 601 1602 agnoscuntur:
638 1558 783 1599 primum
801 1566 882 1588 saue
899 1554 1070 1586 Martialis
1087 1562 1227 1584 acumen
1244 1563 1362 1593 parum
1380 1554 1492 1593 sapit!
1517 1555 1701 1586 Farnubz'us.

903 1618 1044 1651 NOTAE

289 1682 306 1709 1
333 1678 491 1718 Crispine]
508 1677 561 1707 De
573 1685 638 1717 quo
650 1674 827 1708 Juvenalis
839 1674 946 1705 Sat.1.
1045 1674 1064 1701 5
1088 1670 1192 1710 Ande]
1216 1670 1291 1702 Hoc
1305 1672 1436 1703 scilicet
1461 1672 1603 1712 elogium
1621 1672 1704 1703 mihi

245 1728 281 1759 Is
298 1733 413 1759 autem
429 1727 612 1767 AEgyptius
639 1725 718 1763 fnit,
745 1730 779 1755 et
805 1724 947 1755 multum
1002 1721 1190 1762 impertire.
1237 1723 1372 1763 Legunt
1388 1723 1573 1760 animatia.

246 1779 358 1819 gratia
372 1778 479 1808 valuit
496 1777 585 1817 apud
601 1776 840 1806 Domitianum.
1044 1774 1062 1802 7
1088 1772 1156 1802 Nec
1171 1772 1294 1812 Marso]
1309 1773 1422 1804 Dehis
1433 1772 1564 1803 dnobus
1574 1772 1703 1811 Ροὲῑίε,

289 1832 308 1860 2
333 1830 398 1860 Tua
423 1827 594 1868 Memphis]
619 1827 710 1858 Urbs
723 1825 864 1866 AEgypti
888 1833 946 1854 no·
1003 1822 1056 1862 qui
1088 1822 1341 1861 Epigrammata
1371 1823 1596 1863 scripserunt,
1624 1822 1702 1853 vide

246 1879 421 1919 bilissima,
431 1879 473 1910 de
491 1878 629 1919 qualib.
644 1878 759 1917 Spect.
775 1876 875 1916 Epig‚
895 1879 924 1906 1.
1001 1872 1058 1903 lib.
1075 1881 1114 1902 11.
1134 1873 1230 1912 Epig.
1249 1876 1302 1904 71.
1317 1879 1351 1904 et
1364 1877 1416 1904 72.

290 1932 309 1960 3
334 1928 523 1968 Parrhasia]
546 1928 587 1958 In
600 1927 735 1958 Pa!atio
749 1925 946 1958 Domitiani.
1044 1926 1063 1953 S
1088 1923 1205 1953 Mando
1219 1924 1297 1964 Deo]
1319 1924 1529 1962 Domitiano,
1542 1924 1595 1955 cui
1610 1933 1702 1954 curae

247 1980 335 2011 Vide
350 1980 450 2021 Epig.
466 1982 517 2010 56.
534 1988 648 2019 supra.
1001 1974 1067 2005 erit
1081 1974 1206 2005 laboris
1221 1975 1397 2016 praemium
1406 1977 1485 2007 mihi
1498 1978 1705 2017 persolvere.

950 2074 1001 2115 C.

791 2154 856 2183 AD
892 2154 1160 2184 PONTICUM.

250 2210 489 2260 Powmcn,
509 2223 585 2264 per
604 2223 729 2263 reges
752 2210 976 2260 discurris,
1001 2215 1043 2251 et
1063 2211 1212 2252 omnia
1235 2213 1417 2253 lustras:

309 2277 472 2331 Magna
493 2278 669 2332 quidem
699 2279 909 2331 sequeris,
932 2279 1141 2330 Pontice3
1172 2292 1350 2332 magnus
1377 2280 1504 2321 homo
1526 2293 1588 2321 es.

294 2378 325 2409 Ο
355 2378 496 2417 Pontice,
526 2377 676 2409 discurris
699 2387 754 2417 per
781 2378 861 2408 cedes
882 2380 1093 2418 patronorum,
1116 2381 1145 2408 et
1169 2387 1320 2418 peragras
1335 2382 1462 2410 cuncta:
1487 2388 1558 2410 saue
1571 2381 1705 2420 sequeris

875 2438 1096 2448 ‘'mmet‘-

293 2474 383 2506 Vide
399 2475 477 2506 VV.
494 2474 564 2505 LL.
582 2475 624 2506 ad
643 2475 859 2515 Epigramma
876 2474 1040 2514 superius.

905 2538 1044 2569 NOTAE

294 2596 311 2623 1
337 2591 484 2632 Pontice]
509 2592 584 2624 Hoc
600 2592 817 2633 Epigramma
830 2592 948 2632 prole·
1005 2602 1122 2632 parum
1134 2591 1281 2633 sapiunt,
1293 2598 1329 2624 ut
1342 2594 1389 2625 ait
1404 2593 1493 2625 idem
1507 2594 1705 2628 Farnabius.

251 2644 369 2684 gitimo
406 2653 470 2674 non
502 2643 656 2684 agnoscit
686 2643 853 2681 Raderus,
888 2652 949 2673 nec
1004 2642 1144 2674 Judicet
1162 2643 1281 2674 lector.

251 2693 455 2733 Fal-namus,
480 2697 519 2724 ut
535 2698 570 2724 et
593 2693 659 2725 duo
686 2694 876 2734 sequentia.
922 2694 950 2724 E
1050 2694 1113 2724 Per
1128 2693 1231 2733 reges]
1257 2695 1323 2726 Per
1339 2694 1454 2726 domos
1470 2701 1704 2738 patronorum,

250 2743 361 2774 veteri
406 2743 592 2783 exemplari
639 2743 823 2783 Anglicano
861 2748 951 2773 tran·
1008 2755 1090 2786 quos
1105 2745 1241 2777 salutes.

254 2795 385 2835 scripta
411 2798 500 2834 sunt,
523 2804 595 2835 quae
614 2795 782 2825 Martialis
810 2803 951 2824 acumen
