1893 3225
561 218 964 249 EPlGRAMMA'I'UM
1000 219 1091 251 [ΑΒ.
1125 220 1175 250 Xl
1189 220 1230 250 V.

1508 212 1617 253 1021

213 309 354 342 Addunt
371 311 425 342 alii
450 312 591 342 audaces,
616 312 694 342 Vid.
720 312 869 343 Turneb.
885 321 974 344 xxx.
999 316 1114 345 2G.—l
1142 314 1207 343 Nos
1222 312 1299 344 cdd.
1317 312 1488 346 Sclirevel.
1507 315 1619 347 Maitl.

169 353 272 384 Barb.
313 354 379 385 Adi
399 355 482 386 Not.
500 355 583 385 Var.
602 359 636 385 et
653 355 776 395 Delpli.

824 405 966 438 NOTAE

211 472 227 499 l
257 470 326 502 Non
338 471 435 512 [Nos]
452 472 570 513 sumus]
586 472 719 504 Calices
731 480 771 501 ex
785 480 866 511 quo-

169 518 243 550 dam
263 521 338 552 vitri
351 532 476 562 genere
491 524 500 540 ‘
514 521 675 554 audaces'
691 521 865 561 appellan-

168 574 234 607 tur,
250 571 339 611 quod
354 581 389 602 sc
401 582 476 603 cum
492 572 698 613 crystallinis
711 570 867 602 conferre

168 619 316 652 audeant
331 632 339 650 ε
354 622 487 653 Plinius
503 623 562 654 lib.
580 631 713 653 xxxvi.
729 631 803 662 cap.
815 624 867 652 26.

165 672 219 702 vel
252 672 340 713 quod
383 672 482 705 facile
511 684 576 705 non
614 672 865 714 frangerentur.

166 723 286 754 Junius
300 724 395 765 legit,
410 726 481 756 Non
496 736 599 756 sumus
611 726 736 756 audacis
749 724 868 765 plebeia

167 776 338 805 toreumata
353 776 430 808 vini.
476 776 544 807 Alii
568 777 654 807 vitri.
700 775 777 806 Hoc
795 779 857 805 est:

167 822 245 855 Non
262 834 374 856 sumus
388 836 430 857 ex
447 836 487 858 eo
505 827 606 866 vitro,
620 825 709 857 unde
723 825 867 857 audaces

166 874 290 905 calices
319 875 415 909 fiunt.
462 878 553 909 Vide
581 882 696 908 notam
713 876 865 908 Salmasii

920 471 985 502 hie.
1034 471 1186 501 Raderus
1203 471 1375 503 existimat
1402 482 1467 503 non
1492 474 1546 514 agi
1576 474 1617 506 de

922 521 1106 552 audacibus
1126 521 1300 562 calicibus,
1316 522 1374 552 sed
1392 522 1554 554 fictilibus
1576 534 1618 555 ex

923 572 1055 612 argilla,
1068 577 1103 603 et
1116 572 1219 612 ligno,
1236 573 1353 613 quales
1366 579 1463 605 erant
1475 573 1619 606 fraxinei

923 621 1079 653 buxeive.

964 675 983 703 2
999 672 1117 702 Nostra
1131 682 1186 703 nec
1197 673 1335 713 ardenti]
1350 673 1424 705 Lib.
1437 683 1504 706 x11.
1519 676 1618 716 Epig.

920 726 974 754 74.
997 723 1006 739 ‘
1025 723 1162 754 Nullum
1180 724 1351 755 sollcitant
1377 725 1461 765 llaec,
1484 727 1619 767 Flacce,

922 779 1109 805 toreumata
1136 773 1256 815 fui-em,
1283 776 1328 807 Et
1345 775 1482 807 nimium
1500 777 1618 808 calidis

920 835 987 857 non
1007 825 1171 857 vitiantur
1188 825 1306 866 aquis.'

816 1011 969 1054 XCV.

571 1109 752 1138 PHIALA
791 1108 958 1138 AUREA
997 1107 1216 1138 COELATA.

166 1177 317 1228 QUAM
326 1188 402 1218 v1s
426 1177 626 1218 Callaico
646 1176 824 1216 rubeam
845 1187 1062 1227 generosa
1082 1176 1276 1225 metallo,

219 1245 396 1286 Glorior
418 1248 508 1286 arte
529 1244 668 1296 magis
686 1257 695 1284 :
727 1256 828 1284 nam
850 1242 984 1296 Myos
1004 1243 1089 1283 iste
1114 1244 1252 1284 labor.

209 1344 296 1376 Licet
310 1343 420 1375 nobilis
434 1343 557 1374 rubeam
572 1343 695 1374 metallo
714 1343 863 1381 Callaico,
883 1343 956 1383 plus
980 1346 1096 1374 ostento
1120 1353 1166 1374 me
1188 1343 1229 1373 ab
1244 1347 1332 1374 arte:
1356 1343 1441 1374 istud
1467 1345 1545 1375 enim
1563 1349 1614 1376 est

164 1397 239 1428 opus
254 1387 357 1428 Myos.

772 1437 910 1448 ”vtem

204 1486 224 1514 2
247 1484 256 1501 ‘
273 1483 388 1516 Antea
403 1484 518 1524 inepte
534 1482 713 1523 legebatur
729 1491 812 1513 meus
822 1481 844 1513 i.
858 1481 892 1513 l.'

912 1437 1010 1448 eeeee

914 1482 1087 1513 Schrevel.
1131 1481 1188 1513 Sic
1206 1481 1284 1512 edd.
1303 1485 1387 1513 vett.
1405 1486 1440 1512 et
1456 1482 1572 1512 Maitt.

821 1556 959 1587 NOTAE

207 1628 221 1655 l
251 1624 415 1664 Quamvis]
440 1624 536 1655 Licet
553 1622 776 1664 eni1n‚inquit
793 1622 864 1663 phi-

164 1676 226 1713 ala,
261 1674 321 1706 sim
347 1674 506 1706 confecta
532 1684 573 1705 ex
599 1682 679 1704 auro
703 1673 866 1710 Callaico,

166 1727 207 1757 de
225 1736 291 1767 quo
318 1726 374 1758 lib.
392 1735 426 1757 x.
456 1725 619 1766 Epig.16.
651 1729 765 1756 tamen
782 1733 864 1764 prae-

918 1622 1063 1653 stantior
1075 1631 1146 1653 sum
1158 1626 1297 1663 propter
1311 1620 1490 1652 artificium
1505 1620 1616 1660 Myos,

918 1672 1119 1704 nobilissimi
1136 1673 1295 1711 artificis3
1319 1673 1360 1704 de
1380 1683 1444 1714 quo
1460 1672 1517 1703 lib.
1534 1680 1613 1702 vui.

920 1724 1020 1764 Epig,
1037 1727 1090 1755 51.

800 1847 976 1888 XCVI.

669 1938 874 1967 CALIGES
909 1936 1118 1966 VATINII.

164 2007 319 2048 V1L1A
343 2008 507 2048 sutoris
525 2005 710 2046 calicem
730 2008 1009 2045 monumenta
1030 2003 1191 2044 Vatini

222 2074 415 2128 Accipe:
448 2073 525 2116 sed
545 2085 684 2113 nasus
705 2071 870 2125 longior
892 2071 966 2111 ille
988 2071 1085 2111 fuit.

207 2174 321 2214 Accipe
335 2173 470 2212 calicem,
491 2182 581 2212 opera
588 2171 701 2209 futilia
722 2170 841 2202 Vatinii
854 2170 987 2203 sutoris:
1009 2174 1063 2203 sed
1083 2172 1134 2202 ille
1149 2182 1239 2202 nasus
1255 2172 1375 2211 longior
1384 2171 1462 2209 fuit.

774 2245 890 2256 ““““

895 2245 1010 2256 ‘oeteo

213 2291 319 2323 Vatini
335 2290 413 2323 edd.
430 2293 575 2321 vett.—l
603 2289 742 2320 Calices.-
768 2288 836 2320 vid.
853 2290 933 2320 Var.
951 2290 1096 2321 Not.—-2
1121 2289 1191 2330 Ipse
1207 2289 1279 2320 vult
1292 2288 1333 2320 de
1353 2289 1461 2330 Rooy.

820 2363 958 2396 NOTAE

210 2423 222 2450 1
254 2419 405 2458 Calicem]
431 2418 497 2449 Alii
523 2418 644 2457 calices,
676 2418 734 2458 qui
758 2417 858 2448 habe-

165 2471 249 2501 bant
263 2474 409 2510 quatuor
422 2477 516 2499 ansas
529 2477 586 2498 seu
598 2476 703 2498 nasos.
737 2466 859 2499 Juven.

166 2521 238 2551 Sat.
255 2529 289 2550 v.
311 2520 320 2535 ‘
335 2518 385 2549 Tu
404 2517 638 2549 Beneventani
661 2517 784 2548 sutoris
800 2527 858 2548 no-

166 2579 244 2601 men
259 2568 438 2600 habentem
448 2566 597 2598 Siccabis
613 2567 751 2597 calicem
764 2576 858 2597 naso-

168 2630 242 2651 rum
259 2618 428 2661 quatnor,’
442 2620 506 2648 &c.
534 2617 586 2647 De
604 2617 653 2647 his
663 2616 792 2647 dictum
806 2617 862 2648 lib.

169 2679 205 2701 x.
233 2670 329 2710 Epig.
345 2672 376 2700 3.
414 2669 423 2686 ‘
440 2667 651 2699 Vatiniorum
686 2667 864 2707 proxineta

168 2719 373 2751 fractorum.'
388 2718 524 2750 Tacitus
539 2717 598 2748 lib.
611 2726 668 2748 xv.
685 2717 694 2733 ‘
710 2716 865 2748 Vatinius

170 2772 256 2801 inter
291 2769 478 2800 foedissima
511 2768 582 2808 ejus
614 2768 698 2798 aulae
730 2766 865 2807 [supple

917 2417 1079 2458 Neronis]
1096 2417 1162 2449 fnit
1175 2418 1315 2449 sutrinae
1338 2417 1489 2448 tabernae
1507 2417 1609 2448 alum-

915 2479 988 2506 nus,
1002 2479 1144 2509 corpore
1160 2469 1310 2507 detorto,
1322 2467 1453 2499 facetiis
1468 2468 1614 2498 scurrili-

915 2519 998 2560 bus,'
1014 2523 1078 2552 διο.
1124 2520 1255 2551 Calices
1266 2519 1396 2550 Vatinii
1416 2518 1500 2549 dicti
1524 2523 1612 2558 sunt,

916 2570 1004 2612 quod
1022 2571 1134 2602 nasuti
1157 2575 1280 2609 essent,
1294 2575 1330 2601 ut
1353 2570 1409 2599 ille
1423 2569 1587 2600 Vatinius.

959 2625 978 2653 2
1004 2621 1067 2653 Sed
1082 2621 1186 2660 nasus]
1210 2620 1338 2651 Vatinii
1354 2619 1495 2657 scilicet,
1510 2627 1609 2658 quem

917 2678 955 2704 ut
971 2682 1083 2704 acrem
1100 2677 1135 2703 et
1157 2680 1309 2711 sagacem
1337 2668 1610 2699 calumniatorem

919 2723 1007 2756 forte
1025 2727 1132 2761 notat,
1149 2723 1201 2752 vel
1218 2719 1351 2752 deridet
1368 2723 1511 2752 tantum.
