1893 3225
571 251 973 282 EPIGRAMM.-t'1'UM
1015 253 1108 281 iliu.
1143 253 1214 281 ix.
1520 245 1604 284 <519

161 346 245 387 Hic
267 350 442 388 steterat
464 347 711 387 veneranda
732 347 905 392 domus,
926 360 1025 398 quae
1051 347 1254 399 praestilit
1274 348 1383 396 orbi,
1576 349 1604 387 5

213 414 348 464 Quod
372 415 571 463 Rhodos,
592 414 791 455 astrifero
812 413 926 466 quod
948 413 1023 466 pia
1048 414 1177 454 Creta
1200 415 1316 466 polo.

155 482 336 523 Curetes
358 488 502 523 texere
521 482 680 523 Jovem
702 481 1022 534 crepitantibus
1044 484 1192 530 armis,

213 550 413 590 Semiviri
438 553 638 603 poterant
660 549 810 602 qualia
831 549 938 589 ferre
959 548 1173 603 Phryges.

154 615 216 657 At
236 621 278 658 te
298 618 491 671 protexit
511 617 722 670 Superum
744 620 880 670 pater,
902 622 946 657 et
965 618 1058 667 tibi,
1080 617 1247 668 Caesar,

214 684 300 725 Pro
316 685 468 738 jaculo
489 690 534 725 et
553 697 720 738 parma,
742 683 905 724 fulmen
927 694 973 725 et
996 686 1104 738 aegis
1125 691 1231 727 erat.
1550 686 1605 726 10

153 808 264 836 fantes.
311 806 347 837 H
350 807 376 837 ic
391 806 578 838 venerabiles
590 807 670 838 oedes
680 809 844 844 steterant,
855 816 922 845 quae
940 807 1089 836 dederunt
1100 806 1311 846 mnndo,quod
1328 806 1464 845 Rhodos,
1477 811 1511 837 et
1527 808 1606 847 quod

149 849 204 888 pia
237 850 332 879 Creta
354 851 424 880 coelo
450 849 613 887 stellifero.
660 851 821 880 Cretenses
835 849 911 879 tuiti
931 852 1001 879 sunt
1017 850 1126 879 <Iovem
1141 850 1237 880 armis
1249 849 1484 889 crepitantibus,
1499 850 1604 889 qualia

148 895 276 931 portare
301 893 442 923 valebant
464 893 601 923 semiviri
630 893 785 933 Phryge&
830 892 904 930 Sed,
922 902 940 922 ο
959 893 1078 932 Caesar,
1101 893 1228 932 genitor
1243 893 1381 924 Deorum
1402 891 1542 931 defendit
1559 896 1604 931 te,

151 937 241 974 utque
264 934 396 966 habebas
412 935 535 974 fulmen
557 939 587 966 et
610 936 728 975 [Egida
747 936 879 976 protelo
902 938 932 966 et
945 938 1041 967 scuto.

763 1021 778 1032 o
785 1019 996 1032 ee‘ae‘eeeeee

153 1073 255 1104 ritate
271 1073 369 1114 hujus
386 1074 579 1115 scripturae,
604 1086 680 1107 cum
697 1076 728 1107 ei
747 1077 1016 1117 patrocinentur,
1041 1080 1076 1106 et
1094 1075 1187 1116 quasi
1203 1075 1392 1106 columnam
1409 1080 1607 1115 supponant

150 1116 304 1147 omnibus
321 1117 430 1147 literis
447 1119 653 1149 membranae
669 1120 758 1155 aliae,
774 1125 807 1150 et
820 1119 927 1150 editio
943 1119 1089 1150 omnium
1107 1118 1419 1158 antiquissiuia.—7
1446 1119 1607 1149 Cretenses

150 1161 255 1189 texere
269 1160 379 1190 Jorem
396 1161 475 1191 Ald.
493 1161 590 1192 Junt.
607 1162 716 1192 Coun.
735 1163 868 1202 Gryph.
887 1163 1039 1193 Pulman.
1056 1162 1169 1192 Plaut.
1188 1162 1327 1194 Juniau.
1353 1162 1460 1202 Lang.
1478 1161 1604 1202 Delph.

151 1205 282 1232 ‹xm—9
305 1203 514 1234 Beverlaudi
530 1205 750 1245 Ms.porreaeit
764 1215 920 1246 superum.

808 1289 952 1321 NOTAE

194 1355 211 1382 5
247 1352 326 1388 Quae
340 1353 508 1394 proestitit]
532 1354 764 1386 Domitianum
781 1355 850 1385 De-

153 1412 220 1443 um,
237 1408 275 1434 ut
300 1403 437 1435 Rhodus
464 1405 677 1445 Neptunum,
691 1410 726 1436 et
748 1406 852 1437 Creta

150 1453 286 1493 Jovem,
301 1464 401 1495 quem
428 1455 524 1494 aluit,
548 1455 767 1497 quamobrem
796 1456 854 1496 pia

152 1503 278 1534 dicitur
294 1504 352 1535 lib.
371 1514 419 1535 1v.
432 1505 574 1545 Epignl.

194 1556 213 1584 7
241 1555 369 1586 Curetes
385 1555 578 1597 [Cretenses]
614 1556 683 1587 Alii
717 1557 856 1588 Curetes.

151 1606 272 1638 Jovem
286 1607 371 1637 clam
385 1607 590 1638 subductum
605 1608 751 1638 Saturno
765 1608 856 1638 alue-

152 1662 231 1688 runt
258 1658 289 1687 in
310 1658 414 1688 Creta
430 1657 548 1689 insula.
591 1658 691 1689 Hauc
706 1657 854 1689 fabulam

151 1707 228 1747 lege
251 1709 341 1749 apud
363 1708 522 1740 Natalem
540 1708 708 1739 Comitem
729 1709 785 1739 lib.
802 1718 854 1739 ix.

153 1762 326 1798 cap.7.et
352 1759 549 1789 Lucretium
577 1759 635 1789 lib.
662 1768 701 1789 11.
729 1760 785 1789 ubi
811 1758 853 1789 (le

153 1808 336 1840 Curetibus
359 1809 406 1839 sic
419 1809 588 1849 loquitur:
609 1809 686 1849 ‘qui
701 1809 799 1840 Jovis
816 1810 853 1840 il·

152 1860 219 1890 luni
237 1860 395 1900 Vagitum
423 1860 457 1890 in
487 1859 589 1890 Creta
615 1860 782 1901 quondam
799 1871 853 1891 oc·

907 1355 1058 1386 cultasse
1079 1353 1249 1393 feruntur,
1266 1354 1351 1386 Cum
1366 1354 1463 1396 pueri
1479 1354 1608 1386 circum

908 1415 1048 1445 puerum
1064 1405 1205 1445 pernice
1221 1405 1346 1436 chorea
1356 1405 1490 1438 Armati
1505 1406 1539 1437 in
1550 1416 1610 1437 nu-

908 1465 1036 1486 merum
1053 1457 1230 1496 pulsarunt
1245 1456 1370 1487 aeribus
1388 1456 1481 1489 aera.'

952 1509 971 1536 8
995 1506 1158 1546 Semiviri]
1191 1506 1406 1547 Corybantes
1429 1517 1490 1538 seu
1507 1507 1611 1538 Cure-

909 1562 961 1587 tes
973 1557 1119 1596 Cybeles
1136 1557 1280 1587 comites
1292 1557 1434 1588 castrati
1446 1567 1489 1589 ex
1503 1558 1612 1599 Phry-

910 1608 966 1647 gia
982 1607 1062 1645 orti,
1080 1607 1139 1637 lib.
1164 1616 1188 1637 ι.
1215 1607 1314 1647 Epig.
1329 1610 1382 1639 71.
1415 1614 1451 1639 et
1473 1608 1530 1639 lib.
1552 1617 1612 1639 111.

909 1658 1008 1698 Epig.
1022 1661 1075 1689 90.
1438 1691 1442 1694 .

952 1712 972 1739 9
994 1709 1039 1739 At
1070 1712 1100 1739 te
1118 1707 1276 1748 protexit]
1312 1708 1496 1739 Vitelliano
1520 1708 1612 1740 bello

909 1759 1168 1790 delitescentem
1182 1759 1213 1789 in
1225 1758 1410 1799 Capitolio.
1427 1758 1610 1789 Suetonius

909 1810 942 1840 in
969 1810 1176 1840 Domitiano.
1236 1809 1291 1840 De
1326 1809 1447 1849 AEgide
1480 1810 1610 1840 dictum

909 1861 966 1892 lib.
986 1870 1050 1891 vu.
1065 1859 1163 1900 Epig.
1181 1862 1209 1890 l.

796 1995 971 2036 XXII.

724 2086 789 2116 AD
820 2086 1044 2116 AUCTUM.

153 2151 526 2194 ARTEMIDORUS
547 2153 679 2195 habet
699 2167 907 2208 puerum3
950 2154 1028 2194 sed
1050 2152 1246 2194 vetiuidit
1267 2165 1439 2205 agrum:

210 2219 376 2272 Agrum
397 2234 478 2274 pro
499 2235 636 2274 puero
659 2221 940 2262 Calliodorus
960 2222 1104 2261 habet.

158 2289 261 2338 Dic,
283 2293 376 2329 uter
398 2302 455 2329 ex
476 2289 575 2330 istis
596 2290 753 2330 melius
773 2303 863 2330 rem
885 2290 1086 2342 gesserit,
1110 2288 1291 2330 Aucte‘?

213 2355 519 2398 Artemidorus
539 2362 671 2407 amat,
693 2357 974 2399 Calliodorus
997 2360 1104 2398 arat.

198 2454 398 2486 Artemidoro
411 2464 489 2496 puer
502 2459 567 2492 est,·
591 2459 626 2487 at
646 2456 783 2486 vendidit
799 2466 909 2493 agrum
925 2467 934 2486 .·
961 2455 1139 2486 Calliodoro
1161 2464 1239 2493 ager
1261 2457 1305 2485 est
1320 2463 1377 2492 pro
1392 2463 1496 2494 puero.
1542 2453 1617 2490 Dic,

157 2498 270 2536 Aucte,
289 2500 359 2527 uter
373 2508 412 2528 ex
433 2498 504 2528 istis
515 2499 623 2529 melius
637 2499 822 2530 consuluerit
838 2500 907 2530 suis
920 2497 1032 2529 rebus?
1077 2498 1295 2529 Artemidorus
1308 2501 1405 2536 amat,
1423 2496 1617 2527 Calliodorus

158 2542 239 2569 arat.

769 2595 903 2606 «tenu

905 2594 1000 2606 mee

202 2645 341 2677 Nullam
365 2646 519 2677 lectionis
549 2647 750 2679 varietatem
778 2647 810 2678 in
839 2647 904 2678 hoc
933 2647 1190 2688 Epigrammate
1217 2646 1380 2678 exhibent
1403 2644 1617 2686 exemplaria

161 2689 290 2729 scripta
305 2693 363 2719 aut
379 2698 514 2720 excusa.
