1893 3225
508 225 871 256 EviGRAMMATU
884 228 912 255 Μ
954 227 1046 256 [AB.
1071 227 1141 257 Xl.

1478 218 1563 261 8:33

735 337 921 378 XLIX.

682 426 758 456 DE
803 425 990 457 simo.

111 495 138 535 J
145 506 171 534 Α
182 506 212 534 M
237 506 378 548 prope
401 493 600 534 desertos
623 493 805 543 cineres,
828 499 873 534 et
886 499 1045 535 sancta
1068 493 1267 535 Maronis

168 561 361 602 Nomina
381 561 456 615 qui
478 561 641 603 coleret
661 574 845 616 pauper,
867 566 910 603 et
931 575 1044 602 unus
1063 568 1171 603 erat.

110 629 245 669 Silius
269 633 434 683 optatae
457 641 711 669 succurrere
733 629 906 669 censuit
927 629 1109 679 umbrae,

169 696 307 736 Silius
329 701 374 736 et
394 700 552 746 vatem,
575 709 660 736 non
682 695 823 736 minor
843 696 955 750 ipse,
972 697 1085 738 tulit.

153 795 227 825 ,Iam
241 804 370 835 pauper,
385 798 414 825 et
427 796 506 826 solus
522 799 601 835 erat,
616 796 669 836 qui
681 800 879 828 veneraretur
893 797 1009 828 cineres
1014 798 1086 836 fere
1099 798 1272 835 derelictos,
1285 801 1314 828 et
1324 801 1431 830 sancta
1441 799 1564 830 nomina

111 837 263 868 Maronis.
310 838 446 868 Tandem
470 837 568 869 Silius
582 839 722 870 subvenit
737 840 837 879 agello
851 841 986 880 Arpina,
1002 845 1094 880 atque
1115 850 1196 880 ager
1212 840 1263 871 ille
1278 851 1336 872 non
1353 841 1454 873 minus
1468 843 1562 873 servit

107 880 217 919 po'e'toe.

718 934 855 945 omen

858 933 952 945 00000

157 976 202 1006 De
217 977 320 1006 eodem
345 976 397 1007 ed.
414 975 518 1008 Barb.
544 976 621 1008 Hoc
647 981 682 1008 et
698 987 840 1018 sequens
864 978 964 1019 Epig.
990 977 1080 1009 iuter
1104 987 1140 1009 se
1156 984 1367 1010 commutant
1383 978 1462 1010 edd.
1479 984 1564 1009 vett.

108 1023 142 1049 et
159 1018 304 1049 Farnab.
321 1024 355 1050 et
371 1019 562 1059 Delph.—l
580 1019 672 1051 Sicca
687 1021 754 1052 Ms.
771 1021 970 1052 Beverl.——3
986 1020 1052 1052 Sci.
1074 1020 1120 1051 id.
1142 1021 1208 1052 Ms.
1252 1021 1287 1052 S.
1304 1021 1425 1061 Arpina
1441 1023 1565 1052 tandem

107 1071 283 1092 succurrere
302 1062 402 1100 agello
425 1061 502 1093 edd.
519 1066 604 1094 vett.
617 1063 708 1094 Vide
725 1064 807 1094 Not.
828 1064 973 1095 Van—2
991 1064 1100 1095 Minus
1113 1064 1191 1094 edd.
1211 1069 1296 1095 vett.
1333 1065 1421 1095 Sunt
1444 1075 1566 1095 consu-

108 1103 218 1134 lendae
239 1104 320 1135 Not.
344 1105 423 1135 Var.
448 1104 524 1136 ‘Ita
550 1115 615 1136 vss.
638 1106 982 1137 contaminatissimos
1006 1116 1129 1138 censeo
1161 1106 1369 1145 scribendos,
1399 1116 1441 1137 ex
1465 1108 1564 1138 codd.

109 1151 316 1177 vetustorum
343 1147 519 1186 vestigiis:
544 1147 580 1179 S.
606 1148 742 1179 Andinae
763 1158 943 1180 succurrere
967 1149 1085 1180 censuit
1110 1149 1248 1180 umbrae:
1271 1149 1304 1180 S.
1321 1160 1357 1181 en
1372 1154 1483 1189 vatem,
1505 1160 1566 1180 nou

107 1189 207 1220 minor
220 1189 297 1229 ipse,
312 1189 406 1221 colit!
421 1190 541 1221 Heins.
558 1190 599 1221 ad
616 1191 682 1232 Ep.
699 1200 740 1223 11.
753 1191 880 1222 Sabini.

769 1261 800 1292 N
806 1261 909 1293 OTAE

154 1328 169 1356 l
193 1325 268 1355 Jam
294 1334 390 1365 prope
412 1324 565 1365 desertos]
600 1324 695 1356 Idem
712 1334 809 1366 argu-

108 1380 259 1406 mentum
276 1384 315 1406 ae
329 1375 427 1415 Epig.
442 1377 495 1406 49.
511 1384 625 1415 supra.
661 1376 718 1407 De
732 1376 809 1407 Vir-

108 1426 233 1466 giliano
255 1425 385 1466 praedio
407 1425 498 1465 apud
516 1425 701 1466 Arpinates
718 1436 737 1456 a
759 1426 810 1457 Si-

108 1476 153 1506 lio
185 1482 276 1507 emto
295 1487 301 1506 :
327 1485 394 1506 non
417 1475 481 1506 fuit
504 1476 654 1507 tumulus
675 1475 809 1517 Virgilii

108 1524 242 1565 Arpini,
258 1525 315 1556 sed
333 1525 465 1556 duobus
488 1525 635 1556 millibus
652 1535 809 1565 passuum

110 1575 153 1606 ab
171 1575 253 1606 urbe
279 1576 438 1615 Neapoli,
461 1578 499 1606 ut
523 1575 673 1613 Servius,
704 1580 739 1606 et
767 1585 809 1605 ex

108 1626 228 1656 Servio
252 1625 408 1656 Leander
424 1624 536 1663 docet,
552 1625 586 1655 in
612 1625 811 1665 Campania,

109 1676 166 1707 nbi
197 1676 328 1707 fatetur
350 1675 475 1706 nesciri
490 1675 589 1706 hodie
613 1680 743 1706 certum
758 1680 810 1707 tu-

110 1726 192 1757 muli
208 1725 387 1765 Virgiliani
398 1726 523 1755 locum.
567 1725 708 1756 Cineres
725 1735 808 1766 ergo

107 1777 163 1807 liic
192 1776 389 1806 memoriam
415 1774 551 1814 Virgilii
570 1774 810 1814 interpretare,

107 1831 146 1857 ut
163 1835 256 1856 mens
269 1829 321 1855 est
336 1823 516 1862 Martialis,
533 1833 610 1854 cum
634 1823 810 1865 subjungit

105 1877 114 1893 ‘
128 1877 262 1908 nomina
276 1874 449 1907 Maronis.'
493 1874 546 1906 Ita
558 1874 725 1906 Raderus.

153 1930 170 1958 3
195 1927 295 1957 Silius
309 1929 424 1966 optata:
440 1924 592 1966 [Ar-pino]
617 1924 731 1965 Prope
747 1923 810 1955 Ar-

111 1979 223 2020 pinum
245 1976 446 2017 possederat
461 1975 549 2006 hunc
574 1975 719 2016 agellum
737 1975 810 2005 Vir-

863 1325 976 1366 gilius,
999 1335 1098 1367 quem
1129 1330 1261 1357 emerat
1287 1325 1402 1365 Silius,
1423 1330 1461 1356 ut
1491 1321 1566 1366 ejus

862 1376 1057 1407 memoriam
1082 1375 1155 1407 illic
1183 1376 1388 1407 celebraret.
1433 1375 1566 1414 Legunt

864 1427 934 1464 alii,
962 1426 1063 1457 Silius
1089 1429 1205 1466 optatae
1234 1435 1411 1457 succurrere
1446 1426 1566 1456 censuit

862 1477 989 1508 umbrae.
1048 1476 1130 1515 Alii,
1159 1476 1258 1507 Silius
1286 1476 1415 1506 Andino
1442 1477 1566 1507 tandem

861 1527 1013 1557 succurrit
1029 1527 1139 1566 agello.
1185 1526 1300 1557 Andes
1319 1535 1397 1556 vero
1413 1526 1566 1557 Maronis

864 1577 985 1616 patria,
1007 1576 1222 1607 Lombardiae
1260 1576 1498 1616 transpadanae
1523 1577 1568 1606 vi-

864 1636 936 1666 cus,
973 1626 1151 1657 Mantuani
1190 1626 1366 1656 territorii.

863 1677 986 1707 lector.

906 1729 925 1756 4
944 1727 1016 1757 Non
1031 1726 1131 1756 minor
1144 1724 1275 1766 [minus]
1298 1725 1362 1756 Ille
1380 1734 1445 1756 non
1458 1727 1567 1759 minus

863 1776 985 1806 serviit
996 1776 1131 1806 domino
1141 1777 1224 1813 vati,
1232 1785 1354 1816 nempe
1365 1775 1565 1816 Silio,quam

865 1830 965 1856 antea
980 1825 1137 1864 Virgilio.
1182 1825 1317 1865 Lipsius
1332 1825 1390 1857 lib.
1406 1835 1431 1856 1.
1456 1826 1567 1866 Epist.

866 1880 896 1906 5.
910 1876 1008 1916 legit,
1031 1876 1075 1906 Et
1097 1878 1198 1906 vatem
1212 1886 1272 1906 non
1287 1876 1390 1906 minor
1403 1876 1467 1916 ipse
1483 1877 1566 1907 colit.

867 1926 952 1958 Quae
970 1925 1074 1956 lectio
1092 1925 1229 1956 videtur
1243 1926 1374 1957 melior.

1426 1626 1567 1658 Judicet

663 2176 712 2204 ΙΝ
749 2175 1022 2205 PHYLLIDA.

111 2247 293 2289 NULLA
316 2248 380 2286 est
400 2245 508 2285 hora
527 2243 607 2284 tibi
629 2256 716 2296 qua
735 2255 820 2283 non
842 2256 924 2291 me,
947 2242 1111 2297 Phylli,
1132 2244 1348 2285 furentem

172 2312 440 2366 Despolies:
469 2315 591 2351 tanta
614 2309 862 2350 calliditate
885 2310 1021 2363 rapis.

115 2379 246 2421 Nunc
265 2380 412 2433 plorat
433 2376 619 2432 speculo
639 2376 777 2416 fallax
800 2376 958 2417 ancilla
977 2377 1129 2419 relicto
1146 2391 1154 2418 :

171 2445 359 2488 Gemma
378 2446 451 2487 vel
469 2458 496 2486 a
517 2444 667 2497 digito,
690 2444 762 2484 vel
785 2444 904 2486 cadit
925 2458 1027 2485 aure
1048 2445 1178 2499 lapis.

154 2539 186 2571 Ο
202 2538 322 2580 Phylli,
335 2539 452 2570 nullam
463 2538 608 2578 proeteris
623 2538 740 2573 horam,
756 2546 816 2576 qua
837 2547 897 2568 mm
912 2539 1024 2578 spolies
1038 2549 1086 2570 me
1097 2538 1257 2580 perditum
1272 2545 1387 2568 amore
1405 2536 1453 2567 tui
1466 2548 1474 2574 ;
1500 2540 1563 2567 tam

111 2582 221 2614 callide
233 2582 329 2622 rapis.
374 2581 466 2612 Nunc
484 2580 689 2618 fraudulenta
715 2579 831 2610 ancilla
847 2580 910 2620 flet
933 2583 1052 2622 speculo
1077 2582 1202 2620 attrito,
1218 2581 1266 2611 vel
1277 2589 1401 2619 gemma
1413 2578 1525 2609 decidit
1547 2589 1565 2608 a

766 2651 908 2684 NOTAE

155 2730 173 2758 ³
198 2726 326 2766 Speculo
352 2722 476 2763 relicto]
507 2722 583 2754 Hoc
600 2727 662 2761 est,
678 2723 813 2759 amisso,

113 2778 165 2809 vel
183 2776 325 2812 attrito;
351 2783 402 2805 res
432 2773 520 2804 enim
549 2773 691 2812 relictae,
714 2777 749 2803 ut
767 2773 815 2802 ait

761 2823 908 2855 Martini.

201 2829 311 2868 Delph.
325 2831 356 2860 et
371 2827 445 2858 γαν.
458 2826 541 2857 Clas.

869 2717 1057 2757 Domitius,
1080 2724 1266 2749 consumtae
1282 2715 1453 2746 dicuntur·

910 2772 929 2800 4
961 2769 1014 2800 Vel
1030 2768 1124 2808 lapis]
1145 2768 1322 2799 Pretiosus
1347 2774 1480 2804 nempe.

1405 2820 1422 2846 3
1446 2816 1477 2847 G
