1924 3225
562 243 968 276 EPmRAMMA'rUM
1008 244 1101 273 1213.
1136 244 1223 273 vn.
1540 231 1624 273 527

162 340 395 392 Redderis,
416 341 502 382 heu
523 343 689 395 quanto
708 340 899 381 fatorum
919 351 1098 380 munere
1115 339 1124 380 !
1154 339 1300 390 nobis,

218 409 413 451 Gustata
434 409 598 450 Lethes
619 396 749 462 paene
769 408 982 448 remissus
1005 419 1134 466 aqua.

160 477 448 519 Perdiderant
462 477 558 530 jam
579 480 685 517 vota
705 480 884 525 metum,
900 487 1146 527 securaque
1164 474 1334 514 flebant
1598 474 1626 514 5

215 546 382 589 Tristia
399 558 499 586 cum
518 544 727 598 lacrymis
744 558 755 596 3
779 544 962 598 jamque
979 545 1184 596 peractus
1205 553 1318 582 eras.

157 665 278 687 severos
293 665 363 686 avos
378 666 388 686 .·
410 655 468 685 heu
491 657 604 694 quanto
625 655 702 684 dano
711 653 855 692 fatorum
880 653 1058 684 restitueris
1086 651 1173 683 nohis
1185 651 1256 690 sere
1272 649 1420 681 remissus
1432 650 1529 682 libata
1542 653 1625 683 unda

159 700 271 731 Lethes
281 698 296 730 Ι
339 699 416 730 Jam
431 702 503 729 vata
512 698 683 728 amiserant
699 698 856 736 timorem,
873 700 903 727 et
919 706 1029 727 moeror
1044 699 1130 727 tutus
1144 693 1390 735 lacrymabatur,
1405 694 1512 733 etjam
1523 697 1626 736 deplo-

773 777 909 788 -e-exeo-eee
913 777 1010 787 ’ΝΜ

160 830 281 871 optimi
311 829 537 861 codices.—5.
562 832 582 860 6
604 828 753 859 ‘Priora
776 828 875 869 hujus
904 827 1040 859 distichi
1054 825 1135 868 quid
1163 825 1228 857 sibi
1260 825 1380 861 velint,
1404 833 1470 855 non
1491 824 1626 856 extrico

162 875 276 914 plane.
321 873 545 912 Conjeceram
562 871 662 903 olim:
687 872 898 903 Perdiderant
919 871 990 909 ¹y'am
1021 874 1092 901 vota
1115 873 1227 905 metu,·
1250 867 1324 899 fere
1352 873 1390 898 ut
1407 867 1511 899 Ovid.
1531 869 1622 899 Fast.

161 926 210 947 vr.
224 918 297 946 245.
341 916 350 932 ‘
364 916 466 955 Spem
490 920 600 946 metus
618 915 811 955 expulerat,
833 925 909 946 cum
928 915 1042 945 Menti
1061 917 1139 944 vota
1154 913 1301 944 Senatus
1317 910 1492 950 Suscipit:
1527 910 1625 942 Adeo

160 964 199 990 ut
211 959 368 989 Verbum
382 958 545 989 Activum
562 958 773 989 Perdiderant
790 958 933 989 Passive
950 957 1121 997 capiatur,
1137 956 1189 986 vel
1204 955 1378 992 absolute3
1403 964 1470 994 qua
1486 953 1528 984 de
1545 964 1627 985 con-

159 1002 314 1033 struendi
331 1002 465 1033 ratione
481 1001 559 1032 vide
574 1001 663 1032 Gell.
680 1001 739 1032 lib.
754 1010 859 1032 xvm.
877 1011 950 1041 cap.
963 1003 1014 1031 12.
1038 999 1208 1029 Vechner.
1227 998 1399 1028 Hellenol.
1422 997 1480 1028 lib.
1496 1005 1520 1028 1.
1547 1007 1579 1037 p.
1596 1000 1625 1029 1.

159 1055 235 1084 cap.
251 1048 281 1076 6.
298 1044 466 1085 Pompon.
484 1045 526 1075 de
548 1045 617 1075 Usu
637 1043 751 1085 Antiq.
769 1045 890 1076 Locut.
906 1045 967 1075 lib.
985 1053 1026 1074 11.
1044 1053 1120 1083 cap.
1137 1045 1166 1073 l.
1204 1041 1301 1072 Cort.
1332 1041 1479 1071 Excurs.
1505 1048 1556 1070 vl.
1582 1040 1626 1071 ad

157 1088 296 1119 Sallust.
312 1088 451 1127 Jugurt.
469 1097 540 1128 cap.
559 1091 611 1119 85.
630 1088 727 1118 Voss.
757 1087 856 1118 Anal.
885 1088 943 1119 lib.
957 1096 1013 1118 111.
1035 1096 1111 1125 cap.
1128 1088 1161 1116 3.
1191 1085 1286 1116 JenS.
1317 1083 1449 1128 Singuli.
1482 1082 1627 1115 observ.

158 1131 218 1162 lib.
232 1141 256 1162 1.
271 1134 324 1162 36.
371 1132 437 1162 Sed
467 1140 532 1161 uon
559 1130 740 1162 satisfacit.
788 1131 983 1171 Receptam
1009 1130 1192 1160 lectionem
1223 1127 1413 1158 Far-nablas
1445 1126 1624 1166 explicat:

158 1176 168 1191 ⁴
183 1175 355 1216 Tanquam
373 1174 407 1204 in
418 1179 513 1205 certa
530 1179 639 1204 morte
654 1174 920 1214 deposueramus
936 1183 1044 1214 spem,
1058 1176 1177 1203 etcum
1194 1172 1283 1201 votis
1297 1174 1426 1200 metum
1441 1178 1626 1210 curamque

158 1227 221 1258 pro
238 1217 298 1249 te.'
345 1217 421 1249 Hoc
438 1217 584 1248 voluisse
602 1216 714 1248 forsan
732 1217 892 1255 Poetam‚
909 1226 975 1247 non
993 1216 1094 1256 plane
1124 1214 1243 1245 iverim
1267 1213 1413 1245 inficias.
1460 1212 1625 1243 Attamen

159 1270 201 1291 an
217 1261 289 1292 haec
301 1261 474 1292 sententia
488 1270 506 1291 e
525 1261 671 1301 vulgatae
685 1260 842 1290 lectionis
859 1260 971 1290 verbis
988 1258 1142 1298 exsculpi
1157 1256 1334 1288 commode
1348 1260 1462 1297 queat,
1478 1255 1628 1286 viderint

158 1313 213 1334 me
224 1304 430 1335 oculatiores
447 1314 454 1334 :
479 1313 544 1343 ego
566 1309 661 1334 certe
679 1313 720 1333 ex
737 1303 803 1333 illis
821 1303 983 1343 colligere
1000 1301 1148 1332 noudum
1171 1310 1321 1340 possum,
1343 1303 1426 1337 vota,
1444 1299 1464 1330 i.
1482 1308 1513 1329 e.
1530 1308 1626 1339 spem

159 1356 235 1378 cum
266 1351 359 1378 metu
377 1356 525 1378 cessare.
571 1347 625 1378 An
653 1351 769 1377 autem
801 1345 1087 1387 quemadmodum
1113 1342 1294 1374 ‘servitia’
1320 1352 1382 1383 pro
1411 1342 1567 1381 ‘servis,'
1591 1346 1627 1373 et

156 1390 166 1406 ‘
179 1389 321 1430 operas’
343 1400 404 1430 pro
429 1392 437 1408 ‘
457 1389 635 1429 operariis'
660 1391 782 1430 passim
801 1390 943 1429 legimus
962 1388 1058 1428 (vide
1075 1391 1109 1418 et
1127 1386 1261 1418 Erudit.
1279 1385 1426 1417 Gruner.
1442 1384 1485 1416 ad
1508 1384 1626 1416 Sedul.

158 1432 217 1464 lib.
232 1442 255 1464 1.
278 1436 374 1464 v.20.
392 1438 427 1464 et
443 1434 563 1464 Erant.
581 1433 623 1463 ad
641 1434 727 1464 Caes.
745 1433 786 1463 B.
803 1432 847 1464 G.
862 1432 920 1463 lib.
938 1441 1003 1462 vu.
1021 1431 1092 1471 32.)
1110 1430 1156 1460 ita
1183 1434 1220 1461 et
1245 1432 1317 1460 vola
1333 1429 1422 1459 dixit
1450 1428 1623 1459 Martialis

158 1485 220 1516 pro
238 1476 367 1513 amicis,
381 1477 437 1517 qui
458 1476 579 1507 Licinii
593 1477 702 1507 salute
719 1481 800 1506 vota
816 1475 1071 1515 conceperant?
1097 1483 1163 1514 qua
1190 1473 1233 1502 de
1265 1471 1515 1503 consuetudine
1546 1470 1626 1502 vide

160 1518 314 1550 Brisson.
333 1520 444 1550 Form.
463 1520 522 1549 lib.
536 1529 560 1550 1.
584 1519 734 1550 Broukb.
750 1518 792 1548 ad
808 1518 932 1550 Tibull.
949 1527 974 1549 1.
991 1522 1025 1548 5.
1042 1520 1092 1548 10.
1137 1515 1327 1546 Thomasin.
1343 1515 1386 1545 de
1398 1515 1482 1545 Tab.
1503 1514 1625 1545 Vocat.

161 1564 304 1602 cap.3:1.
320 1562 397 1592 vide
415 1566 450 1592 et
466 1560 556 1592 infra
572 1561 631 1592 lib.
650 1570 717 1592 ΧΠ.
744 1561 845 1601 Epig.
860 1564 914 1592 92.
959 1559 1069 1591 Amici
1098 1559 1215 1599 itaque
1237 1567 1305 1588 non
1326 1557 1470 1598 amplius
1496 1562 1626 1588 metue-

160 1603 244 1634 bant
259 1617 266 1643 3
293 1604 372 1644 quia
388 1614 449 1645 pro
461 1603 623 1634 defuncto
638 1604 829 1634 habebatur
852 1603 1013 1634 Licinius.
1058 1601 1112 1633 An
1130 1611 1211 1631 vero
1228 1600 1465 1631 scribendum?
1511 1599 1627 1631 Perdi-

160 1647 270 1678 derant
291 1647 360 1685 J'am
376 1651 458 1682 vcta,
483 1650 592 1685 metus,
616 1646 853 1687 conjunctione
867 1645 1004 1683 omissa,
1028 1649 1066 1675 ut
1093 1643 1228 1683 saepius.
1274 1643 1364 1674 Vide
1389 1641 1557 1674 Scheffer.
1582 1643 1626 1673 ad

161 1689 300 1721 Phaedr.
321 1689 380 1720 lib.
400 1700 424 1720 1.
453 1690 532 1720 Fal).
556 1699 586 1730 q.
602 1700 634 1719 v.
654 1692 683 1720 3.
708 1689 812 1719 Ovid.
832 1688 975 1719 Heroid.
1006 1687 1116 1726 Epist.
1145 1695 1186 1718 11.
1210 1689 1262 1717 31.
1309 1686 1429 1723 ‘Jura‚
1452 1685 1537 1716 fides
1568 1686 1626 1716 ubi

158 1741 250 1764 nune
267 1733 513 1773 commissaque
530 1732 676 1762 dextera
693 1732 824 1762 dextrae.
839 1730 862 1761 ,Ρ
887 1736 921 1761 et
943 1730 980 1761 τὸ
996 1730 1208 1760 Perdiderant
1231 1729 1354 1759 iterum
1373 1739 1435 1769 pro
1456 1730 1464 1746 ‘
1480 1728 1627 1759 Perdita

161 1775 283 1814 erant,'
313 1776 366 1806 vel
390 1775 556 1805 absolute.
601 1775 667 1805 Sed
703 1784 744 1805 an
770 1783 892 1804 secura
917 1773 1083 1805 tristitia?
1107 1782 1168 1803 cur
1195 1781 1277 1813 ergo
1301 1770 1461 1803 flebant?
1506 1772 1625 1802 Fletus

160 1819 319 1849 commoti
338 1818 438 1848 animi
466 1818 639 1853 indicium,
670 1827 737 1847 uon
765 1822 879 1847 autem
907 1817 1030 1847 securi.
1076 1816 1224 1846 Securus
1254 1814 1434 1855 significat·
1457 1814 1626 1855 quietum,

159 1861 400 1902 tranquillum:
424 1861 536 1891 malim
554 1861 694 1901 itaque:
733 1860 912 1899 sinceraque
928 1859 1051 1900 flebant
1070 1858 1201 1889 Tristia.
1248 1858 1335 1890 Quae
1358 1868 1423 1888 vox
1449 1858 1626 1898 aptissime

160 1903 320 1935 affectum
345 1913 426 1942 erga
440 1904 606 1934 Licinium
624 1902 797 1943 exprimit.
837 1902 943 1933 Itaet
968 1904 976 1918 ‘
990 1900 1159 1932 sincerus’
1183 1901 1217 1931 in
1241 1903 1250 1917 ‘
1268 1899 1424 1931 securus'
1441 1899 1627 1932 transierat

159 1947 248 1987 apud
270 1947 397 1978 Nason.
418 1948 506 1977 Nuc.
523 1957 554 1977 v.
569 1949 620 1976 35;
640 1946 695 1976 ubi
710 1946 788 1976 vide
803 1945 922 1976 Burm.
967 1945 1032 1976 Sed
1057 1949 1109 1975 est
1141 1949 1321 1984 praeterea,
1336 1943 1426 1984 quod
1445 1944 1626 1984 aliquando

159 1990 238 2020 mihi
257 1990 289 2020 in
313 1995 462 2020 mentem
477 1990 580 2020 venit.
625 1989 732 2019 Extat
759 1988 916 2019 nimirum
945 1988 977 2018 in
1004 1986 1172 2028 aliquibus
1197 1986 1276 2017 edd.
1303 1985 1390 2025 [scil.
1414 1986 1494 2017 Ald.
1526 1986 1624 2018 Juut.

160 2033 269 2064 Colin.
286 2032 610 2073 G-1·ypln.Caldcrin.
636 2032 754 2063 Plaut.
780 2031 920 2063 Junian.
948 2032 1056 2071 Lang.
1084 2030 1209 2070 Delpb.
1233 2029 1314 2069 &c.]
1340 2039 1504 2069 securaque
1522 2029 1625 2070 flebat

163 2076 324 2116 Tristitia,
335 2080 363 2107 et
377 2077 522 2116 lacrytms
539 2075 669 2114 jamque
697 2077 842 2114 peractus
864 2084 944 2105 eras.
991 2073 1138 2113 Respuit
1165 2073 1254 2103 hanc
1279 2072 1466 2103 lectionem
1494 2072 1627 2103 Scrive-

160 2120 253 2150 rius:
281 2124 376 2159 puto,
405 2120 494 2160 quod
513 2120 621 2148 virum
654 2115 845 2148 offenderet
866 2116 902 2147 τὸ
918 2117 1057 2157 jamque,
1081 2115 1300 2156 praecedente
1326 2116 1396 2155 jam
1428 2115 1554 2155 copula
1583 2120 1626 2147 et.

162 2163 284 2202 Neque
302 2162 381 2192 mihi
396 2161 494 2192 valde
506 2161 641 2195 ,arridet
657 2171 666 2198 3
690 2170 896 2201 quanquam,
913 2160 1036 2200 saepius
1053 2159 1256 2200 particulam
1274 2168 1331 2198 que
1348 2157 1536 2198 abundare,
1559 2168 1625 2189 non

160 2205 323 2245 ignorem.
368 2205 478 2238 Quid?
502 2205 528 2235 si
542 2205 637 2244 legas
657 2215 664 2235 :
688 2203 975 2244 sinceraqueflehac
994 2202 1157 2240 Tristitia,
1182 2201 1216 2232 in
1245 2201 1394 2242 lacrymis
1412 2201 1540 2241 jamque
1555 2211 1624 2241 per-

159 2251 248 2279 ‹wtus
262 2258 340 2279 eras.
355 2248 388 2278 h.
401 2258 432 2279 e.
449 2252 608 2288 respectu
627 2247 850 2287 lacrymarum
866 2257 874 2277 ι
892 2247 958 2285 vel,
972 2251 1024 2277 tot
1041 2246 1116 2286 jam
1133 2245 1295 2285 lacrymae
1312 2244 1560 2282 fundebantur,
1584 2254 1624 2275 ac

161 2291 238 2322 sire
255 2301 337 2321 vera
363 2291 451 2322 diem
470 2296 565 2322 tuum
589 2290 743 2321 obiisses.
790 2290 867 2321 Hoc
886 2295 989 2330 pacto
1014 2293 1111 2319 certe
1137 2287 1309 2318 interdum
1327 2287 1401 2318 haec
1428 2287 1627 2328 praepositio

161 2339 214 2365 est
231 2334 457 2375 exponenda:
484 2339 521 2364 ut
538 2333 630 2373 apud
650 2334 737 2363 Flor.
761 2333 822 2364 lib.
839 2342 880 2363 ιι.
898 2343 974 2372 cap.
989 2336 1020 2364 6.
1042 2333 1147 2362 ‘Tota
1167 2331 1274 2361 insula
1296 2331 1328 2360 in
1360 2340 1428 2360 una
1451 2330 1537 2360 urbe
1569 2340 1621 2361 su·

160 2382 285 2417 perata
302 2377 379 2408 est.’
423 2377 551 2409 Justin.
568 2377 626 2406 lib.
643 2385 717 2407 Χιν.
732 2386 808 2417 cap.
827 2377 888 2407 ult.
933 2379 941 2391 ‘
959 2376 1004 2406 Ut
1026 2374 1257 2405 Alexandrum
1276 2383 1392 2413 posses
1404 2373 1438 2403 in
1455 2373 1622 2404 moriente

161 2425 271 2452 matre
288 2420 518 2461 cognoscere.'
544 2421 639 2451 Curt.
656 2428 702 2450 vx.
726 2422 758 2450 9.
801 2419 810 2435 ‘
828 2419 868 2449 In
893 2419 989 2449 vobis
1007 2418 1144 2457 liberos,
1164 2422 1338 2457 parenteS,
1352 2417 1623 2457 consanguineos

820 2505 965 2536 NOTAE

203 2573 224 2601 4
251 2570 389 2601 Gustata
405 2569 535 2610 Lethes]
550 2569 658 2601 Lethe
673 2568 868 2600 querorum
919 2573 1005 2609 gunt
1044 2567 1120 2599 alii:
1159 2576 1326 2607 securaque
1349 2565 1471 2607 flebant
1503 2564 1624 2596 Tristia

161 2618 297 2659 fluvius,
326 2620 389 2651 boc
420 2626 485 2661 est,
512 2620 586 2651 fere
609 2625 762 2652 mortuus
788 2620 867 2651 vitae
915 2631 983 2651 cam
1014 2619 1172 2660 lacrymis,
1200 2620 1252 2658 &a
1284 2617 1378 2658 prior
1408 2616 1512 2647 lectio
1543 2616 1622 2646 milri

162 2671 366 2702 restitueris.
916 2671 1052 2702 videtur
1094 2669 1227 2707 melior,
1266 2667 1331 2698 nisi
1369 2666 1461 2698 forte
1503 2666 1623 2697 melius

206 2726 224 2752 5
255 2722 336 2753 Vota
351 2723 478 2763 melum]
505 2723 573 2764 Spe
590 2723 678 2755 enim
696 2727 766 2754 tuae
785 2722 865 2753 vitae
916 2723 1008 2762 legas
1023 2733 1030 2752 1
1047 2718 1357 2760 secaraqueflebant:
1372 2717 1512 2759 (nempe
1531 2716 1624 2753 vota)

164 2772 406 2814 depositajam
432 2773 641 2805 desieramns
670 2775 806 2813 timere,
833 2778 868 2804 et
917 2772 1075 2813 Tristitia,
1104 2775 1133 2802 et
1159 2769 1305 2810 lacrymis
1326 2768 1455 2807 jamque
1481 2769 1624 2806 peractas

164 2828 295 2855 certam
308 2828 399 2855 tuam
411 2827 556 2857 mortem
571 2825 781 2865 lugebamus.
806 2825 868 2856 Le·
916 2833 995 2855 eras.
