1893 3225
269 235 355 276 (582
743 243 793 273 M.
828 243 940 273 VAL.
974 243 1252 272 MAnriAms

274 339 329 379 Et
352 337 646 380 testudineum
668 351 843 379 mensus
866 345 1022 392 quater
1037 338 1323 387 hexaclinon,

331 406 548 459 Ingemuit
570 406 682 447 citro
704 419 790 447 non
811 407 918 447 satis
940 419 1040 447 esse
1062 419 1158 445 suo.

273 474 512 515 Consuluit
532 487 680 525 nareS,
702 488 757 516 an
780 475 946 516 olerent
968 488 1056 516 aera
1078 472 1343 514 Corinthon:

330 542 542 595 Culpavit
564 548 739 583 statuas
761 547 816 593 et,
840 541 1084 595 Polyclete‚
1108 545 1223 582 tuas.

275 610 331 650 Et
352 611 528 652 turbata
547 611 668 651 brevi
691 617 878 665 questus
897 609 1157 663 crystallina
1179 610 1311 658 vitro,

332 678 556 733 Myrrhina
577 680 780 732 signavit,
807 679 1098 732 seposuitque
1119 678 1289 719 decem.

271 747 498 801 Expendit
518 752 689 787 veteres
711 747 929 794 calathos,
952 751 996 787 et
1017 746 1054 787 si
1078 759 1167 800 qua
1184 746 1359 787 fuerunt

329 815 502 856 Pocula
524 814 764 856 Mentorea
785 815 1019 856 nobilitata
1039 827 1198 855 manu:

272 883 328 925 Et
348 883 510 924 virides
531 885 652 937 picto
674 897 869 938 gemmas
890 884 1137 924 numeravit
1158 884 1198 923 in
1217 895 1341 932 auro,

329 951 555 1006 Quicquid
576 956 618 993 et
638 965 664 992 a
684 952 813 992 nivea
834 951 1042 1004 grandius
1066 965 1169 993 aure
1190 955 1331 992 sonat.

271 1019 587 1074 Sardonychas
609 1033 735 1061 veros
756 1033 910 1061 mensa
931 1020 1141 1074 quaesivit
1162 1020 1204 1060 in
1225 1020 1360 1069 omni,

330 1088 387 1128 Et
409 1090 597 1142 pretium
619 1088 789 1142 magnis
812 1088 916 1129 fecit
936 1087 1203 1141 iaspidibus.

277 1155 528 1197 Undecima
547 1156 698 1197 lassus
719 1169 819 1197 cum
836 1155 932 1209 jam
955 1156 1204 1197 discederet
1225 1156 1346 1205 hora,

329 1222 446 1264 Asse
468 1223 580 1265 duos
603 1223 765 1265 calices
787 1224 906 1273 emit,
931 1227 974 1264 et
991 1224 1092 1277 ipse
1114 1224 1225 1264 tulit.

1674 407 1727 446 lO

270 1316 396 1346 densum
423 1313 496 1345 ebur
527 1314 653 1344 sublime
683 1313 868 1353 expositum,
891 1316 920 1344 et
944 1316 1055 1354 quater
1078 1322 1214 1344 emensus
1238 1312 1445 1344 testudineum
1467 1312 1664 1349 hexaclinon,
1686 1313 1735 1341 in-

267 1359 390 1397 gemuit
408 1368 468 1388 non
482 1358 619 1399 sufficere
634 1365 761 1387 mensae
777 1366 841 1387 suoe
865 1357 984 1387 citreae.
1033 1356 1197 1386 Consuluit
1212 1366 1314 1394 nares,
1336 1366 1376 1386 an
1395 1365 1459 1385 zera
1485 1355 1598 1386 olerent
1624 1354 1735 1385 Corin-

271 1402 378 1432 thum:
401 1404 493 1440 atque
520 1399 704 1440 improbavit
722 1403 792 1430 luas
813 1402 947 1437 statuas,
974 1409 993 1429 0
1021 1399 1197 1440 Polyclete:
1221 1402 1402 1439 conquestus
1424 1398 1607 1438 crystallina
1621 1398 1735 1428 vitiata

270 1445 388 1474 modico
410 1445 504 1482 citro,
525 1443 663 1482 signarit
677 1444 781 1473 decem
796 1442 970 1483 myrrhina,
993 1445 1021 1472 et
1039 1443 1177 1473 semovit.
1229 1442 1429 1472 Exanzinavit
1449 1441 1592 1480 antiquos
1611 1440 1732 1475 calices,

270 1491 300 1518 et
315 1488 343 1517 si
358 1497 417 1527 qua
431 1487 540 1526 pocula
554 1485 689 1524 fuerunt
705 1489 815 1515 ornata
830 1495 924 1516 manu
948 1485 1116 1515 Mentoris.
1161 1485 1206 1515 Et
1223 1484 1395 1514 numeravit
1418 1484 1534 1514 virides
1547 1493 1687 1523 gemmas
1702 1483 1732 1513 in

269 1530 352 1571 picto
367 1540 455 1569 auro,
471 1532 500 1560 et
516 1529 660 1569 quicquid
675 1532 763 1559 sonat
778 1529 809 1558 in
824 1537 898 1558 aure
912 1527 1058 1559 candida.
1106 1527 1257 1563 Quoesivit
1274 1527 1307 1557 in
1321 1528 1405 1557 omni
1416 1537 1520 1558 mensa
1530 1536 1617 1557 veros
1631 1527 1737 1557 sardo-

270 1573 397 1613 nychas,
421 1576 451 1603 et
467 1572 579 1603 detulit
591 1572 728 1612 pretium
744 1571 865 1609 magnis
880 1570 1060 1610 iaspidibus.
1108 1572 1186 1601 Cum
1202 1570 1399 1610 defatigatus
1423 1570 1523 1601 abiret
1543 1570 1617 1600 hora
1643 1570 1740 1600 unde-

271 1619 362 1651 cima,
379 1626 444 1647 asse
459 1618 612 1646 mercatus
624 1618 669 1645 est
680 1616 756 1645 duos
767 1614 886 1653 calices,
903 1617 993 1654 utque
1009 1614 1073 1653 ipse
1092 1614 1242 1652 portavit.

879 1677 1038 1688 ΝΝφφοφ
1042 1677 1096 1688 ceo
1103 1677 1122 1687 e

316 1716 355 1743 10
380 1712 478 1743 Satur
495 1713 738 1744 Pulman.—l3
756 1712 825 1742 Pro
852 1711 935 1742 brevi
956 1711 1000 1742 id.
1024 1711 1089 1742 siti.
1122 1711 1219 1741 Nicro
1236 1711 1317 1742 Vat.
1339 1711 1388 1741 ita
1404 1710 1506 1741 Saltu.
1528 1719 1560 1750 p.
1576 1712 1738 1740 204.—19

273 1757 451 1831 {Jgssnvergz
467 1755 676 1787 Beverlandi
701 1755 768 1786 Ms.
786 1764 841 1795 que
856 1755 937 1786 viro.
959 1754 1028 1786 Alii
1044 1764 1166 1786 mensas
1180 1753 1323 1794 quaesivz't
1342 1755 1374 1784 in
1389 1763 1511 1784 omnes:
1538 1759 1575 1784 ut
1591 1753 1623 1783 in
1643 1752 1740 1785 Junt.

935 1862 1076 1894 NOTAE

320 1922 338 1949 8
364 1918 529 1959 Poposcit]
568 1919 704 1949 Dentes
733 1927 857 1959 nempe
880 1917 979 1949 ebur-

274 1979 368 2009 neos,
385 1969 508 2010 quibus
524 1978 650 1999 mensae
677 1967 896 2008 fulcirentur,
917 1968 977 2000 lib.

275 2029 312 2051 ιι.
331 2020 429 2061 Epig.
445 2021 501 2050 43.

316 2074 336 2101 9
365 2071 405 2101 Et
433 2070 641 2101 testudineum
669 2069 866 2109 hexaclinon]
900 2069 976 2101 Hoc

273 2127 338 2159 est,
364 2121 490 2152 lectum
518 2119 778 2152 discubitorium
796 2130 857 2151 sex
873 2120 975 2151 homi-

272 2172 372 2203 nibus
388 2171 564 2212 capiendis
591 2176 722 2212 aptum,
743 2176 779 2203 et
795 2171 977 2202 testudinis

274 2223 505 2263 putaminibus
521 2228 689 2254 ornatum.
712 2222 890 2255 Juvenalis
903 2222 975 2253 Sat.

275 2284 316 2306 11.
334 2277 387 2305 95.
432 2274 565 2304 ‘Nemo
591 2273 683 2304 inter
710 2283 807 2304 curas
833 2277 868 2304 et
891 2273 980 2304 seria

274 2325 375 2355 duxit
401 2323 607 2363 habendum,
636 2324 754 2357 Qualis
786 2325 820 2355 in
846 2324 979 2356 Oceani

275 2375 383 2406 fluctu
399 2373 536 2405 testudo
556 2379 705 2413 nataret,
729 2375 865 2405 Clarum
892 2374 978 2405 Tro·

269 2425 406 2466 jugenis
435 2423 571 2456 factura
597 2435 635 2456 ac
663 2426 776 2456 nobile
809 2425 979 2456 fulcrum.’

322 2479 359 2507 10
386 2476 457 2506 Non
469 2475 549 2506 satis
559 2475 636 2515 esse]
669 2475 744 2507 Hoc
761 2481 827 2514 est,
843 2485 909 2507 non
926 2485 978 2506 sa-

276 2528 318 2558 tis
335 2527 483 2567 amplum
500 2535 587 2567 esse,
599 2532 637 2558 ut
665 2536 726 2568 par
742 2532 835 2559 esset
860 2527 979 2558 citreae

276 2588 346 2610 suae
358 2587 496 2609 mensae.

320 2633 358 2662 11
382 2629 436 2661 An
464 2629 595 2670 olerent]
633 2629 688 2661 An
717 2634 841 2661 statuae
866 2633 981 2662 essent

276 2691 318 2712 ex
337 2691 405 2713 aere
419 2681 617 2713 Corinthio:
642 2681 814 2722 Polycleti
828 2681 982 2712 meminit

278 2733 337 2764 lib.
356 2741 438 2763 vni.
455 2732 556 2773 Epig.
573 2735 626 2762 51.

322 2786 362 2815 14
387 2783 571 2825 Myrrhina]
594 2783 685 2814 Vasa
701 2782 832 2815 scilicet
848 2782 908 2815 lib.
924 2792 980 2815 11¹.

1036 1916 1139 1959 Epig.
1157 1919 1211 1948 26.

1077 1970 1115 1999 15
1146 1966 1307 2007 Calathos]
1330 1967 1421 1997 Vasa
1441 1965 1572 1997 vinaria
1587 1966 1648 1997 hoc
1665 1967 1738 1997 loco

1033 2019 1228 2060 intelligere
1256 2017 1394 2048 videtur
1425 2017 1548 2057 Poeta,
1580 2017 1635 2048 lib.
1664 2026 1737 2048 xn'.

1033 2070 1134 2111 Epig,
1151 2073 1225 2102 107.
1247 2069 1411 2110 Virgilius
1426 2069 1541 2109 Eclog.
1557 2078 1589 2099 v.
1627 2069 1636 2086 ‘
1650 2068 1739 2099 Vina

1030 2131 1155 2153 novum
1176 2120 1317 2153 fundam
1335 2120 1478 2152 calathis
1507 2120 1639 2151 Arvisia
1660 2129 1741 2151 nec-

1033 2172 1113 2204 tar.'

1077 2227 1117 2255 17
1143 2225 1186 2255 Et
1202 2224 1320 2254 virides
1339 2222 1494 2262 gemmas]
1534 2222 1739 2263 Smaragdos

1035 2276 1279 2315 interpretare,
1297 2274 1353 2304 lib.
1371 2282 1446 2304 ΧΠ.
1462 2272 1563 2313 Epig.
1578 2275 1651 2304 109.

1078 2328 1116 2357 18
1129 2325 1217 2356 Aure
1229 2325 1330 2365 sonat]
1343 2324 1542 2364 Margaritae
1556 2333 1678 2365 nempe
1692 2330 1741 2355 at-

1035 2387 1100 2418 que
1129 2377 1272 2407 uniones
1300 2375 1499 2416 pendebant
1530 2385 1572 2406 ex
1608 2376 1741 2407 auribus

1033 2427 1224 2459 mulierum.

1078 2482 1119 2511 19
1141 2478 1360 2520 Sardonychas
1377 2478 1478 2518 uteros]
1503 2479 1587 2510 Sunt
1599 2479 1688 2510 enim
1706 2484 1741 2509 et

1036 2529 1232 2568 adulterini,
1249 2529 1308 2561 lib.
1332 2529 1496 2570 1v.Epig.
1512 2533 1565 2561 61.

1076 2583 1112 2612 21
1147 2579 1328 2620 Undecima]
1368 2580 1444 2611 Hoc
1477 2585 1542 2620 est,
1570 2589 1636 2612 una
1659 2581 1740 2612 hora

1035 2636 1115 2663 ante
1131 2636 1280 2669 noctem,
1294 2630 1352 2661 lib.
1367 2640 1412 2662 iv.
1426 2631 1526 2671 Epig.
1538 2633 1569 2662 8.

1076 2684 1118 2713 22
1144 2682 1187 2713 Et
1201 2681 1266 2722 ipse
1280 2681 1368 2722 tulit]
1401 2680 1491 2714 Quia
1513 2685 1583 2712 tam
1610 2690 1741 2723 pauper

1035 2737 1122 2773 erat,
1138 2736 1176 2764 ut
1188 2741 1251 2764 nec
1266 2741 1400 2763 servum
1415 2731 1569 2764 liaberet.
