1893 3225
307 216 390 255 &44

787 225 832 254 M.
867 225 925 253 VA
936 225 974 253 L.
1010 224 1282 254 MAR'HALIS

960 397 1110 438 LXV.

857 487 906 516 IN
943 487 1217 518 Jusrmum.

308 552 563 593 SExcENTi
588 559 764 595 coenant
783 567 810 594 a
831 558 889 604 te,
911 554 1102 605 Justine,
1124 556 1272 597 vocati

366 620 500 661 Lucis
523 621 578 662 ad
599 620 808 671 officium,
831 635 931 676 quae
954 623 1032 663 tibi
1055 623 1197 676 prima
1218 623 1329 664 fuit:

309 687 426 728 Inter
449 702 576 742 quos,
598 690 791 739 memini,
814 702 900 731 non
919 690 1096 730 ultimus
1118 703 1216 731 esse
1238 691 1438 732 solebam
1459 704 1470 742 3

366 755 460 797 Nee
480 756 604 798 locus
625 758 696 798 hic
716 758 844 798 nobis
864 758 1115 799 invidiosus
1137 762 1243 800 erat.

307 824 495 866 Postera
516 825 591 866 sed
612 826 737 866 festae
759 826 914 866 reddes
937 826 1140 868 solennia
1162 840 1322 868 mensae
1341 841 1350 868 ;
1724 828 1752 868 5

363 892 596 934 Sexcentis
616 893 760 943 hodie,
783 907 882 935 cras
902 894 1008 934 mihi
1026 898 1159 935 natus
1179 896 1277 935 eris.

349 1009 379 1040 O
396 1011 533 1049 Justine,
547 1011 684 1041 sexcenti
698 1014 817 1044 coenant
832 1021 851 1041 a
867 1014 898 1042 te
913 1010 1040 1042 invitati
1055 1012 1095 1042 ad
1110 1012 1324 1043 solennitatem
1340 1012 1415 1051 diei,
1428 1023 1485 1052 quo
1502 1016 1595 1044 natus
1606 1022 1658 1044 es:
1674 1013 1758 1043 inter

305 1062 377 1091 qnos
390 1054 526 1092 memini,
539 1054 670 1084 solebam
687 1064 747 1084 non
772 1064 834 1084 esse
848 1054 977 1085 ultimus
990 1065 999 1084 :
1021 1065 1074 1085 nec
1093 1055 1176 1085 locus
1191 1055 1241 1085 hic
1256 1055 1340 1086 nobis
1355 1056 1495 1095 pariebat
1507 1056 1669 1087 invidiam.
1698 1056 1759 1087 Sed

306 1095 409 1126 reddis
424 1097 561 1127 solennes
574 1097 721 1137 reliquias
737 1106 849 1127 mensae
857 1097 974 1135 fesloe:
996 1097 1085 1128 hodie
1099 1102 1192 1128 natus
1207 1099 1267 1129 eris
1280 1099 1443 1137 sexcentis,
1460 1108 1529 1129 cras
1545 1108 1625 1130 vero
1639 1099 1728 1130 mihi.

911 1182 1153 1193 tenuemve

348 1240 364 1265 5
394 1238 493 1267 Coenoe
512 1236 587 1267 cod.
606 1236 638 1266 in
654 1246 757 1277 marg.
774 1236 827 1267 ed.
845 1236 923 1267 Par.
945 1239 1038 1268 1617.

960 1312 1103 1344 NOTAE

347 1379 366 1407 2
390 1376 531 1407 Lucisad
546 1376 692 1418 officium]
716 1377 792 1407 Hoc
806 1382 869 1417 est,
883 1378 925 1408 ad
949 1387 1005 1408 na-

305 1427 449 1458 talitium
467 1431 560 1457 tuum
574 1427 779 1458 convivium.
806 1429 815 1445 ‘
834 1427 1006 1459 Officium’

303 1477 446 1508 verbum
484 1480 537 1507 est
567 1477 619 1507 hic
652 1478 788 1508 omnino
819 1479 1007 1519 proprium,

303 1527 393 1568 quod
411 1532 524 1558 tamen
549 1527 796 1567 interpretatus
821 1538 891 1560 sum
909 1529 1006 1560 iutel-

302 1577 452 1617 ligentiae
469 1586 580 1608 causa.
604 1577 780 1609 Juvenalis
792 1578 861 1610 Sat.
876 1588 915 1611 n.
933 1582 1004 1611 134.

301 1628 310 1644 ‘
326 1627 411 1660 Quae
427 1636 527 1657 causa
541 1624 642 1656 officii
661 1628 681 1657 ?’
706 1629 769 1659 Sec.

345 1680 364 1708 4
390 1678 458 1708 Nec
478 1678 560 1707 locus
586 1677 652 1717 hic]
675 1678 766 1710 Quia
790 1688 854 1710 non
882 1680 1005 1720 prima-

303 1730 372 1760 rius
391 1728 540 1770 quidem,
558 1728 617 1759 sed
636 1739 698 1759 nec
721 1736 795 1760 erat
813 1731 963 1762 ultimus.

344 1785 362 1811 5
381 1781 511 1812 Postera
520 1780 674 1820 solennia]
692 1781 767 1812 Hoc.
779 1787 844 1819 est,
857 1783 1005 1814 convivii

301 1830 473 1874 reliquias,
502 1830 543 1861 ad
559 1839 639 1871 quas
655 1831 787 1862 scilicet
801 1842 853 1862 me
870 1832 1005 1863 invitas.

1103 1382 1123 1409 6
1146 1378 1310 1409 Sexcentis
1322 1377 1426 1417 hodie]
1451 1378 1507 1409 Sic
1523 1378 1761 1418 explicantin-

1063 1434 1246 1470 terpretes,
1274 1429 1303 1460 A
1331 1434 1364 1460 te
1379 1430 1514 1461 invitati
1542 1430 1643 1461 hodie
1668 1430 1709 1462 ad
1728 1436 1761 1462 te

1061 1479 1200 1511 mittant
1225 1489 1364 1510 munera
1388 1480 1558 1520 natalitia,
1584 1490 1648 1521 ego
1678 1491 1761 1513 vero

1061 1539 1138 1560 cras
1162 1530 1292 1561 mittam
1308 1541 1315 1561 z
1340 1530 1402 1561 hoc
1415 1535 1480 1570 est,
1498 1540 1667 1572 nunqnam
1684 1533 1762 1563 mit-

1062 1585 1144 1612 tam.
1187 1581 1254 1611 Sed
1271 1581 1444 1612 lubentius
1460 1591 1524 1622 ego
1542 1591 1617 1614 curn
1635 1583 1762 1615 Grute-

1061 1640 1099 1662 ro
1114 1630 1317 1671 simpliciter
1334 1631 1552 1672 interpreter,
1569 1632 1658 1673 quod
1674 1632 1761 1663 Ροὲ·

1062 1687 1098 1714 ta
1113 1682 1209 1713 malit
1234 1691 1270 1713 se
1298 1687 1433 1721 postero
1461 1681 1517 1713 die
1540 1683 1581 1713 ad
1599 1682 1759 1724 reliquias

1061 1732 1207 1764 convivii
1238 1732 1388 1772 invitari,
1417 1742 1515 1773 quam
1552 1734 1627 1774 ipso
1654 1735 1759 1765 natali

1061 1784 1129 1821 die,
1144 1787 1286 1824 propter
1302 1783 1435 1814 nimiam
1458 1783 1675 1815 convivarum
1691 1789 1759 1816 tur-

1062 1834 1147 1865 bam.

941 1985 1117 2027 LXVI.

845 2073 892 2102 IN
935 2074 1221 2106 VAGERRAM.

418 2139 485 2180 ΕΤ
508 2140 677 2180 delator
698 2153 761 2190 es,
783 2145 829 2181 et
849 2141 1170 2184 calumniator:

419 2207 475 2247 Ἐῐ
495 2206 721 2248 fraudator
741 2220 805 2258 eS,
827 2214 871 2249 et
891 2211 1160 2263 negotiator:

417 2274 474 2315 Et
493 2274 667 2316 fellator
689 2288 752 2324 es,
774 2281 816 2316 et
835 2277 999 2318 lanista
1017 2292 1026 2318 :

1058 2279 1190 2319 miror

417 2341 568 2391 Quare
590 2355 674 2382 non
694 2342 876 2392 habeas,
899 2343 1114 2395 Vacerra,
1136 2359 1354 2387 nummos.

350 2451 393 2481 Et
409 2451 529 2481 delator
545 2460 588 2490 es,
604 2455 634 2482 et
649 2452 854 2483 calumniator
866 2463 876 2482 :
900 2457 929 2484 et
943 2453 1127 2495 fraudator,
1139 2459 1168 2486 et
1184 2459 1338 2487 mercator
1350 2467 1360 2487 :
1385 2456 1403 2474 ’¹
1415 2456 1433 2475 ‘⁶
1445 2461 1476 2489 et
1491 2458 1626 2490 lanista.-
1649 2461 1756 2502 miror,

305 2504 323 2525 o
346 2494 492 2532 Vacerra,
508 2503 604 2534 quare
619 2504 677 2525 non
691 2494 801 2525 habeas
813 2505 958 2527 nummos.

958 2570 1100 2602 NOTAE

347 2635 365 2663 2
390 2632 536 2674 Lanista]
573 2633 624 2665 De
651 2644 718 2676 quo
746 2635 848 2677 Epig.
871 2639 923 2668 82.
949 2636 1006 2668 lib.
1031 2645 1079 2668 Vl.
