1893 3225
516 250 922 282 EPIGRAMMATUM
962 252 1053 283 [ΑΒ.
1088 253 1158 283 IX.
1493 248 1580 290 673

116 340 234 380 Inter
256 352 354 393 quae
376 341 462 382 rari
482 341 744 383 Laurentem
764 340 968 395 ponderis
989 355 1144 395 aprum

175 408 413 461 Misimus3
435 409 588 450 [Etola
610 409 664 449 (16
685 408 910 463 Calydone
933 414 1079 463 putes.

117 475 177 517 At
199 480 243 517 tu
267 477 476 518 continuo
495 477 812 531 populumque,
833 482 1073 532 patresque
1094 481 1293 521 vocasti:

178 545 348 586 Ructat
369 545 513 586 adhuc
530 558 684 598 aprum
705 545 868 586 callida
888 545 1037 587 Roma
1056 560 1216 588 meum.

120 613 226 666 lpse
247 627 329 666 ego
347 613 471 669 (quis
492 611 695 667 credat'e)
714 615 902 656 conviva
922 628 1001 656 nec
1021 616 1201 657 ultimus
1221 616 1357 660 haesi:

178 681 265 721 Sed
286 695 366 722 nec
388 685 513 723 costa
533 681 637 723 data
656 688 738 732 est,
761 682 958 724 caudave
979 684 1121 725 missa
1139 684 1260 726 mihi.
1533 691 1586 731 10

122 749 191 789 1)6
213 749 452 802 quadrante
474 753 550 790 tuo
570 749 676 803 quid
697 762 881 803 sperem,
905 750 1079 792 Gallice
1091 753 1113 793 ‘l-
1142 753 1265 794 nulla

180 817 250 857 De
271 820 418 858 nostro
436 817 565 857 nobis
585 817 716 858 uncia
735 818 855 859 venit
874 831 994 872 apro.

1558 354 1585 392 <Ji

122 920 267 949 hacteuus
284 917 416 948 aluimus
428 927 510 957 spem
525 918 613 948 donis
628 917 766 948 collatis.-
788 918 873 948 inter
884 928 951 958 quoe
964 919 1106 950 misimus
1120 920 1309 953 Laurentem
1324 932 1434 962 aprum
1444 926 1591 964 ponderis

123 962 274 1001 ingentis,
298 962 406 991 credas
426 961 464 991 de
493 961 650 1000 Calydone
666 961 782 991 AEtola.
826 961 871 991 At
897 964 931 991 tu
949 961 1053 993 subito
1080 963 1223 994 invitasti
1246 968 1391 1005 populum
1416 970 1445 997 et
1472 972 1590 1007 patres,

124 1008 248 1035 versuta
265 1004 364 1034 Roma
382 1004 509 1034 exhalat
525 1003 623 1034 adhuc
641 1013 741 1034 meum
756 1013 877 1043 aprum.
924 1005 994 1044 Ego
1015 1006 1082 1046 ipse
1107 1008 1197 1046 (quis
1213 1010 1319 1039 credat
1330 1008 1369 1047 ?)
1390 1020 1446 1040 uec
1468 1011 1593 1049 infimus

123 1049 251 1078 conviva
267 1046 416 1077 accubui:
438 1048 490 1077 sed
511 1056 564 1076 nec
587 1050 674 1077 costa
692 1047 770 1077 mihi
793 1047 868 1077 (lata
884 1050 943 1087 est,
964 1051 1020 1079 aut
1043 1050 1143 1079 cauda
1159 1050 1264 1081 missa.
1309 1051 1340 1082 Ο
1362 1046 1498 1088 Gallice,¹
1519 1055 1592 1093 quid

124 1094 282 1130 expectem
297 1100 337 1121 ex
349 1093 402 1120 tuo
417 1088 615 1130 quadrante?
640 1090 740 1120 Nulla
755 1091 846 1121 uncia
861 1090 951 1121 nobis
967 1092 1064 1122 allata
1078 1095 1124 1123 est
1139 1094 1176 1123 de
1190 1098 1295 1125 nostro
1310 1104 1397 1135 apro.

736 1159 774 1170 ee
778 1159 873 1170 coeco
877 1159 952 1170 ecee
956 1160 973 1170 e

118 1204 436 1243 fringuillarum.—8
461 1203 582 1244 Ruptat
610 1203 817 1234 Beverlandi
841 1204 907 1235 ΜΞ.
956 1204 1098 1235 Candida
1123 1205 1279 1236 Pulman.
1309 1205 1364 1236 alii
1381 1208 1593 1247 pallida—11

129 1247 197 1278 Alii
214 1248 265 1288 qul
277 1244 422 1287 sperem?

796 1289 936 1321 NOTAE

172 1359 189 1385 5
215 1356 402 1386 Laurentem
439 1353 565 1395 aprum]
613 1353 762 1394 Captum
800 1353 834 1384 in
934 1356 954 1385 9
981 1355 1048 1385 Nec
1072 1355 1202 1387 ultimus
1223 1356 1317 1397 hoesi]
1344 1357 1420 1389 Hoc
1445 1363 1510 1396 est,
1535 1369 1596 1390 nec

131 1408 304 1438 Laurente
321 1407 424 1437 saltu.
894 1402 942 1434 fui
959 1410 1112 1445 vocatus,
1129 1411 1167 1437 ut
1178 1407 1299 1439 saltem
1312 1409 1465 1439 sederem
1480 1410 1599 1440 ultimo

174 1463 195 1490 6
218 1459 326 1489 AEtola
347 1458 384 1488 de
402 1455 572 1496 Calydone]
591 1455 743 1496 Calydon
759 1455 838 1486 urbs
895 1455 981 1486 loco.

135 1509 282 1546 AEtoliae,
313 1507 371 1538 ubi
396 1512 470 1537 erat
496 1507 614 1547 ingens
632 1516 714 1547 aper
738 1515 837 1547 quein
939 1508 977 1536 ll
1005 1506 1089 1541 Quid
1114 1508 1248 1548 sperem]
1287 1510 1422 1550 Legunt
1452 1512 1520 1549 alii,
1550 1513 1602 1551 qui

135 1557 312 1589 interfecit
323 1558 502 1596 Meleager
518 1557 575 1587 lib.
589 1565 655 1588 vn.
673 1557 772 1597 Epig.
785 1559 839 1587 27.
894 1565 1012 1595 sperem
1027 1554 1043 1586 s!
1088 1556 1151 1588 hoc
1167 1563 1232 1596 est,
1247 1560 1427 1599 quomodo.

136 1616 171 1640 et
188 1609 245 1639 lib.
262 1609 379 1648 spect.
394 1608 492 1647 Epig.
518 1610 570 1638 17.
940 1608 980 1636 12
1007 1607 1060 1636 De
1083 1608 1203 1647 nostro]
1226 1609 1351 1640 Sensus
1365 1616 1437 1642 est:
1463 1612 1498 1642 Si
1523 1612 1603 1642 milii

180 1665 199 1690 ὃ
226 1658 347 1690 Callida
376 1658 490 1697 Roma]
527 1657 603 1687 Hoc
628 1662 693 1696 est,
724 1657 840 1688 callidi
897 1656 1276 1699 nihildedistidmneo,
1301 1661 1381 1692 nibil
1410 1663 1550 1694 daturus
1569 1673 1603 1693 05

141 1709 298 1748 Romani,
327 1709 384 1750 qui
411 1708 573 1739 lautiores
591 1716 703 1738 coenas
728 1714 841 1739 secta·
897 1707 940 1737 de
959 1714 1030 1739 tuo.
1091 1730 1100 1734 -

142 1763 275 1792 bantur.

848 1834 898 1874 L.

381 1927 444 1956 DE
477 1927 604 1955 TOGA
638 1926 668 1954 A
704 1923 994 1954 PARTHENIO
1028 1923 1125 1953 8131
1161 1925 1380 1956 noNA‘rA.

143 1985 264 2026 HAEG
289 1987 355 2025 est
375 1984 453 2024 illa
473 1984 583 2023 meis
604 1982 787 2023 multum
809 1984 986 2022 cantata
1005 1980 1182 2029 libellis,

201 2052 350 2103 Quam
371 2064 501 2093 meus
518 2051 699 2092 edidicit
717 2051 858 2091 lector
880 2053 1086 2102 amatque
1108 2053 1271 2102 togam.

146 2120 444 2162 Partheniana
463 2121 560 2168 fuit,
584 2118 809 2172 quondam
828 2117 1114 2157 memorabile
1134 2118 1250 2157 vatis

203 2189 393 2230 Munus:
423 2189 468 2229 in
488 2188 571 2228 hac
594 2188 712 2228 ibam
733 2184 1081 2238 conspiciendus
1101 2197 1238 2237 eques
1257 2198 1266 2235 ;

191 2290 271 2320 Hoec
285 2293 331 2320 est
345 2290 400 2319 illa
424 2293 498 2328 toga
513 2289 643 2318 multum
658 2286 812 2318 celebrata
826 2285 903 2316 meis
917 2284 1056 2323 scriptis,
1080 2294 1170 2324 quam
1187 2285 1270 2315 novit
1285 2294 1369 2316 meus
1385 2287 1480 2316 lector
1496 2290 1525 2315 et
1543 2287 1613 2316 ‹lili-

144 2334 205 2372 git.
253 2333 464 2364 Partheniana
479 2331 563 2370 fuit,
585 2330 658 2361 olim
672 2330 771 2360 nobile
787 2330 900 2359 donum
921 2327 1020 2367 politae
1036 2328 1225 2358 Parthenii:
1250 2328 1306 2358 hac
1323 2328 1460 2359 indutus
1478 2330 1613 2359 ambian-

771 2402 1007 2414 eeeeeeeeeeee

195 2451 244 2480 De
268 2450 484 2481 Partheniana
499 2452 574 2488 toga
596 2447 794 2480 inscribitur
818 2447 850 2477 in
879 2445 957 2477 Ald.
974 2446 1072 2477 Junt.
1091 2445 1202 2476 Colin.
1229 2450 1264 2475 et
1289 2446 1438 2476 aliis.—2
1458 2449 1616 2486 Quamque

812 2510 952 2543 NOTAE

200 2571 213 2598 l
242 2568 382 2599 Multum
408 2569 550 2608 cantata]
577 2568 666 2599 Vide
690 2568 746 2598 lib.
772 2575 854 2597 VIII·
911 2571 1076 2609 salutem3
1097 2571 1182 2601 Nam
1201 2571 1275 2612 quis
1302 2571 1343 2601 ab
1362 2571 1470 2602 Aonio
1495 2572 1617 2611 largius

156 2618 255 2658 Eplg-
268 2620 321 2648 28·
909 2632 1008 2654 amne
1024 2622 1111 2653 bibit
1126 2621 1149 2651 ξ’

199 2670 217 2697 3
248 2666 352 2707 Vatis]
378 2667 568 2707 Parthenii,
594 2668 635 2699 de
660 2678 726 2709 (3¹10
742 2667 801 2698 llb·
820 2677 854 2697 V·
953 2678 974 2705 4
1000 2674 1243 2714 Conspiciendus
1259 2673 1361 2714 eques]
1385 2674 1465 2704 Non
1483 2674 1618 2713 quidem

156 2717 258 2757 Eplg·
274 2720 306 2747 6·
330 2717 339 2733 ‘
353 2717 462 2748 Musae
487 2718 709 2749 Pal'tllessium
737 2723 856 2759 rogate
912 2735 1029 2763 censu,
1046 2725 1104 2755 sed
1121 2734 1261 2755 munere
1276 2724 1453 2764 principis.
1492 2725 1565 2755 Lib.
1587 2734 1618 2754 x.

158 2768 332 2807 vestrum,'
366 2769 431 2799 &c.
459 2774 497 2799 et
521 2768 580 2800 lib.
594 2778 658 2800 xu.
686 2770 786 2810 Epig.
804 2772 856 2799 ll.
918 2776 1018 2816 Epjg,
1038 2775 1162 2807 13‚11}„
1180 2783 1249 2806 xu.
1267 2775 1367 2816 Epig‚
1384 2777 1436 2805 26,

157 2819 167 2837 ‘
182 2819 370 2850 Parthenio
396 2818 452 2849 die
477 2819 578 2851 Musa
604 2826 662 2852 tuo
680 2825 862 2860 nostroque

246 2872 362 2913 Delph.
381 2876 410 2904 et
425 2873 500 2906 Var.
517 2874 600 2905 Clas.
810 2878 955 2910 Martial.
1462 2881 1481 2906 2
1508 2878 1536 2907 U
