1893 3225
316 230 402 271 840
791 242 835 270 ιιι.
874 241 985 271 vm„
1023 241 1300 271 MAR'mAms

959 432 1133 474 LVIII.

806 523 855 551 lN
892 522 1277 554 TELESPHoRu-n.

319 586 429 628 CUM
453 600 521 627 me
541 587 655 628 velle
677 587 815 638 vides,
837 594 1110 643 tentumque,
1129 591 1417 644 Telesphoro,
1443 592 1603 641 sentis;

378 653 543 707 Magna
564 668 720 707 rogas:
753 662 862 710 puta
882 670 951 697 me
972 658 1084 698 velle
1105 671 1260 709 negare
1283 658 1402 698 nihil.

321 721 376 762 Et
397 722 479 762 nisi
495 721 674 774 juratus
693 722 805 772 dixi,
833 735 978 774 DABo,
1000 725 1219 765 subtrahis
1242 726 1356 774 illas,

378 788 642 830 Permittunt
662 790 706 830 in
727 804 795 831 me
818 804 920 844 quae
941 791 1022 832 tibi
1045 792 1196 841 multa,
1220 798 1361 833 nates.

322 855 446 907 Quid
467 857 505 897 si
526 870 595 898 me
618 862 777 907 tonsor,
801 871 900 898 cum
918 859 1069 899 stricta
1088 859 1303 900 novacula
1326 872 1461 913 supra
1481 864 1562 909 est,
1749 860 1777 900 5

377 924 503 966 Tunc
525 925 782 976 libertatem,
806 925 1074 979 divitiasque
1104 928 1263 980 roget?

322 991 580 1033 Promittam
599 1006 607 1034 :
639 1006 718 1034 nec
742 994 856 1034 enim
879 998 1002 1046 rogat
1021 994 1098 1035 illo
1119 999 1316 1048 tempore
1333 1001 1502 1043 tonsor,

378 1059 512 1100 Latro
532 1065 684 1113 rogat:
716 1073 782 1101 res
804 1064 870 1102 est
890 1062 1127 1116 imperiosa
1150 1063 1290 1104 timor.

322 1125 408 1166 Sed
432 1126 563 1169 fuerit
580 1140 715 1169 curva
735 1142 832 1169 cum
855 1133 944 1170 tuta
964 1131 1182 1171 novacula
1202 1131 1346 1180 theca,

379 1192 596 1245 Frangam
613 1196 778 1236 tonsori
799 1209 925 1237 crura
944 1210 1186 1250 manusque
1210 1199 1356 1238 simul.
1715 1197 1770 1236 10

322 1260 384 1300 At
404 1260 485 1300 tibi
505 1261 567 1301 nil
588 1261 774 1303 faciam:
807 1264 882 1303 sed
900 1264 994 1304 lota
1010 1264 1206 1305 mentula
1221 1267 1334 1306 laeva

382 1326 582 1381 Λειχάζειν
603 1329 778 1382 cupidae
803 1330 921 1371 dicet
944 1331 1159 1372 avaritiae.

935 1439 1167 1450 eeeeeeeeeeee

367 1493 379 1520 1
403 1490 571 1529 Tecumque
584 1490 663 1521 edd.
689 1497 773 1523 vett.
821 1493 955 1524 Tentum
969 1494 1120 1533 reposuit
1133 1493 1312 1525 Turnebus
1333 1503 1414 1524 vni.
1430 1498 1461 1524 4.
1510 1494 1638 1525 Certum
1653 1493 1721 1524 ΜΞ.
1746 1495 1780 1524 in

323 1542 428 1572 marg.
446 1532 498 1563 ed.
527 1533 607 1563 Par.
636 1536 729 1565 1617.
756 1539 792 1565 et
818 1535 868 1566 sic
895 1537 978 1567 alios
1006 1538 1120 1577 legere
1143 1542 1238 1568 notat
1253 1537 1462 1568 Parma-2
1486 1537 1571 1567 Puto
1595 1536 1648 1567 ed.
1665 1537 1780 1568 Maitt.

321 1575 406 1605 Puta
422 1599 429 1606 .
448 1598 454 1606 .
471 1597 478 1605 .
495 1573 593 1606 licet?
618 1576 695 1607 edd.
713 1583 797 1608 vett.
813 1582 849 1608 et
864 1578 989 1618 Delph.
1034 1580 1125 1610 Nihil
1137 1580 1241 1611 habet
1255 1580 1319 1610 Ms.
1346 1580 1378 1610 in
1395 1589 1496 1620 marg.
1514 1579 1568 1610 ed.
1584 1579 1666 1609 Par.
1685 1581 1778 1610 1617.

322 1619 423 1657 Legit
440 1618 596 1656 Rutgers.
625 1619 746 1657 Magna
760 1630 871 1659 rogas.-
886 1625 960 1661 puto
976 1632 1023 1653 me
1038 1623 1113 1653 velle
1123 1633 1256 1662 negare:
1269 1622 1342 1653 licet
1351 1620 1430 1654 ?—4
1446 1621 1516 1653 Sibi
1532 1621 1608 1653 cod.
1623 1621 1656 1651 in
1674 1631 1779 1662 marg.

321 1660 375 1691 ed.
392 1660 474 1691 Par.
494 1663 651 1691 1617.—-9
669 1662 752 1693 Vult
770 1663 887 1695 Heius.
899 1668 1000 1696 curta.
1024 1666 1110 1696 Vide
1133 1675 1209 1696 eum
1224 1665 1267 1696 ad
1282 1671 1430 1696 nostram
1447 1665 1561 1696 Ovidii
1576 1664 1782 1705 Editionem,

321 1713 355 1743 p.
373 1705 550 1734 3787.—11
570 1703 660 1735 Lana
676 1714 738 1744 pro
765 1707 842 1737 Ioera
866 1706 942 1738 edd.
972 1712 1056 1739 vett.
1082 1708 1161 1739 Vid.
1181 1708 1262 1739 Var.
1280 1709 1448 1740 Not—12
1474 1707 1694 1738 Intervallum
1720 1716 1781 1748 pro

320 1750 407 1783 Λειχ.
435 1746 531 1786 ponit
555 1746 611 1777 ed.
639 1747 749 1779 Colin.
772 1758 849 1789 quae
876 1750 980 1782 habet
1004 1752 1090 1781 decet
1119 1761 1180 1791 pro
1197 1752 1290 1782 dicet.
1315 1751 1442 1782 Graeca
1459 1761 1521 1781 vox
1539 1750 1780 1781 miserabiliter

320 1788 466 1819 distorta
479 1794 532 1819 est
548 1794 583 1820 et
600 1790 714 1822 luxata
728 1791 762 1821 in
779 1791 831 1822 ed.
842 1792 941 1824 Junt.
989 1794 1152 1825 Ceterum
1169 1794 1325 1825 consulas
1341 1803 1480 1824 necesse
1493 1794 1573 1825 Var.
1588 1793 1671 1825 Not.

985 1880 1125 1911 NOTAE

367 1953 381 1980 l
421 1950 607 1990 Tentumque
633 1950 834 1992 [Tecumque]
866 1953 934 1984 Alii
962 1958 1027 1986 ten-
1081 1956 1153 1986 tula
1170 1955 1255 1986 laeva
1271 1953 1394 1994 Αἰάζειν
1406 1953 1540 1994 cupidae
1557 1953 1650 1985 dicet
1674 1955 1780 1985 avari-

321 2005 455 2041 tumque.
501 2001 603 2041 Epig.
619 2003 671 2033 74.
689 2000 790 2033 iufra.
1080 2005 1162 2036 tiaeff
1198 2005 1273 2036 Hoc
1287 2010 1352 2044 est,
1375 2004 1433 2035 sed
1460 2005 1533 2035 lota
1549 2004 1685 2035 sinistra
1700 2014 1783 2035 mas-

363 2054 383 2082 4
407 2049 622 2091 Permittunt]
648 2051 736 2083 Nam
761 2054 890 2084 suntin
909 2064 1024 2093 cansa,
1079 2056 1256 2095 turbabor,
1279 2055 1456 2096 etjubebo
1478 2060 1512 2086 te
1545 2064 1680 2086 avarum
1710 2056 1782 2096 plo·

322 2112 382 2134 cur
395 2111 415 2132 a
428 2109 480 2131 me
494 2099 599 2129 multa
615 2098 818 2138 imperiosus
836 2106 944 2141 petas.
1081 2117 1168 2138 rare.
1204 2107 1259 2138 Sic
1273 2107 1532 2137 Douzasecutns
1547 2106 1781 2147 conjecturam

366 2155 400 2184 11
431 2150 494 2182 Sed
514 2149 577 2179 lota
593 2150 729 2180 mentula
747 2149 824 2180 Iaevu
851 2151 954 2192 [lana]
981 2154 1020 2186 Id
1078 2157 1257 2197 Scaligeri.
1290 2156 1378 2188 Vide
1404 2157 1504 2198 Epig.
1519 2159 1570 2188 42.
1593 2156 1651 2188 lib.
1678 2165 1729 2187 lx.
1746 2161 1781 2186 et

321 2206 468 2241 est,enm
482 2203 622 2240 peracto
636 2208 741 2239 opere
755 2200 909 2232 abstersa
919 2201 1023 2236 fuerit
1079 2209 1131 2239 71.
1151 2206 1252 2238 infra.

321 2252 485 2284 mentula.
528 2248 720 2281 Domitius:
748 2250 837 2282 ‘Sed
852 2251 923 2284 lot'a
934 2264 1023 2286 men-

997 2403 1128 2444 LIX.

892 2494 953 2522 DE
987 2492 1225 2522 anffiNo.

441 2556 600 2596 Simos
624 2557 843 2599 Charinus
867 2558 1067 2599 omnibus
1090 2559 1240 2612 digitis
1262 2560 1389 2611 gerit,

498 2623 592 2664 Nec
616 2631 748 2666 nocte
770 2627 905 2679 ponit,
927 2627 1113 2668 annulos
1131 2641 1139 2677 ;

324 2776 342 2804 d
371 2732 520 2805 Onlmtill'ms
531 2733 642 2772 digitis
660 2734 814 2765 Charinus
823 2738 928 2774 gestat
949 2746 1038 2766 senos
1053 2738 1187 2768 annulos.
1212 2737 1264 2768 An
1281 2738 1400 2776 rogatis
1416 2739 1560 2767 causam?
1586 2735 1656 2765 Non
1674 2735 1764 2765 habet

345 2778 413 2815 acty
428 2785 443 2806 o
481 2786 576 2806 ecam.
