1924 3225
565 262 971 293 Ei‘icRAMMA'rUM
1009 262 1103 291 mn.
1141 264 1220 292 vii.
1538 252 1622 295 539

160 358 330 399 Pierios
352 362 523 399 tantum
544 358 633 398 vati
654 357 880 410 placuisse
906 370 1109 398 recessus

218 425 386 476 Credis,
409 431 452 467 ct
474 424 631 466 Aoniae
656 424 883 465 Bacchica
903 429 1018 465 serta
1040 427 1218 466 comae?

160 493 299 534 Sacra
320 493 563 534 cothurnati
584 506 673 533 non
695 493 840 545 attigit
862 497 961 534 ante
986 493 1199 542 Maronis,
1596 510 1624 536 o

217 561 424 614 Implevit
443 561 589 613 magni
611 573 746 614 (piam
768 559 1001 602 Ciceronis
1024 573 1159 614 opus.

159 627 295 669 Hunc
317 630 494 671 miratur
514 629 657 670 adhuc
680 632 854 670 centum
877 630 1024 681 gravis
1047 629 1179 671 hasta
1202 630 1421 683 virm-um3

214 696 348 737 Hunc
369 697 558 750 loquitur
576 701 697 749 grato
720 697 938 750 plurimus
967 710 1041 738 ore
1061 697 1216 739 cliens.

156 764 403 818 Postquam
427 766 493 806 bis
512 766 629 805 senis
650 765 866 817 ingentem
888 765 1086 806 fascibus
1108 778 1271 807 annum

213 832 424 883 Rexerat,
445 837 613 874 asserto
634 833 711 886 qui
731 846 857 874 sacer
877 835 981 875 orbe
1003 834 1107 875 fuit:
1565 834 1620 875 10

159 900 378 942 Emeritos
402 901 550 942 Musis
569 905 613 942 et
634 901 810 942 Phoebo
831 901 1013 943 tradidit
1034 915 1170 942 annos
1189 915 1200 953 3

214 968 391 1024 Proque
411 983 495 1011 suo
517 971 712 1012 celebrat
730 983 844 1011 nunc
868 970 1093 1012 Helicona
1112 970 1219 1012 foro.

156 1102 263 1143 Latia,
292 1113 333 1134 an
360 1106 456 1145 putas
488 1104 617 1136 Po'e'tam
642 1104 792 1135 amavisse
820 1108 942 1135 tantum
968 1114 1105 1135 recessus
1136 1104 1313 1142 Musarum,
1336 1107 1365 1134 et
1391 1113 1519 1135 coronas
1535 1103 1624 1134 Βασ-

155 1146 257 1176 chicas
272 1156 364 1177 comae
379 1145 515 1178 Aoniae?
539 1158 598 1178 non
624 1148 711 1187 prius
730 1158 763 1178 se
783 1149 915 1178 tradidit
944 1148 1042 1178 sacris
1065 1148 1242 1178 cothurnati
1273 1147 1430 1186 Maronis,
1454 1157 1544 1186 quum
1569 1146 1623 1177 ab·

157 1189 248 1220 solrit
264 1199 340 1230 opus
353 1191 459 1229 magni
478 1191 649 1222 Ciceronis.
697 1190 816 1221 Gravis
831 1191 921 1221 hasta
936 1195 1057 1221 centum
1083 1191 1224 1221 virorum
1251 1190 1331 1220 hunc
1346 1190 1483 1221 miratur
1505 1189 1626 1226 adhuc;

156 1232 247 1262 multi
273 1233 400 1264 clientes
427 1234 507 1264 hunc
528 1234 702 1275 proedicunt
726 1244 779 1264 ore
803 1234 940 1265 memori.
996 1234 1166 1274 Postquam
1190 1233 1347 1264 duodecim
1362 1232 1505 1271 fascibus
1526 1233 1623 1263 admi-

160 1275 353 1307 nistraverat
369 1276 527 1316 ingentem
554 1287 681 1315 annum,
702 1276 832 1317 quisuit
847 1286 934 1307 sacer
949 1278 1060 1307 mundo
1072 1277 1229 1308 vindicato
1246 1277 1278 1307 in
1296 1276 1492 1307 libertatem
1507 1286 1515 1307 ι
1540 1275 1627 1307 dedit

155 1319 300 1350 emeritos
311 1329 406 1351 aranos
421 1320 527 1351 Musis
538 1324 568 1352 et
580 1319 712 1351 Phoebo:
739 1324 769 1352 et
781 1330 861 1351 nunc
876 1321 1065 1351 commendat
1082 1320 1234 1351 Helicona
1243 1330 1300 1360 pro
1310 1329 1364 1350 suo
1373 1319 1460 1358 foro.

766 1404 1007 1417 omnemne

157 1469 301 1508 lmen—5
327 1467 423 1499 Sacra
447 1468 584 1499 coronati
614 1468 646 1499 in
673 1467 791 1500 codice
816 1467 993 1498 Vaticano.
1018 1466 1187 1498 Martialis
1205 1466 1307 1498 alibi:
1330 1466 1443 1498 ‘Rara
1460 1469 1622 1497 coronato

159 1511 317 1552 plausere
333 1511 468 1542 theatra
495 1511 800 1542 Menandro.’—l2
826 1512 948 1551 Proque
970 1520 1043 1541 suus
1066 1510 1199 1540 celebrat
1226 1510 1315 1550 conj.
1343 1509 1426 1541 Ant.
1454 1509 1497 1540 de
1514 1509 1622 1549 Rooy.

157 1563 240 1592 suus,
258 1553 289 1585 h.
306 1564 335 1584 e.
354 1554 443 1584 liber
460 1554 550 1584 curis
565 1554 721 1594 publicis,
734 1559 770 1584 et
786 1554 882 1594 quasi
896 1554 1050 1594 suijuris
1063 1559 1101 1584 ut
1121 1557 1220 1584 vocat
1238 1553 1307 1583 otia
1322 1556 1484 1583 senectae.
1508 1552 1621 1592 Supra

156 1596 216 1627 lib.
235 1605 289 1627 lv.
308 1597 408 1636 Epig.
433 1600 486 1628 25.
533 1598 541 1613 ‘
557 1597 590 1627 Si
613 1597 701 1636 juris
725 1595 853 1627 fuerint
877 1597 944 1626 otia
960 1601 1078 1627 nostra
1102 1595 1176 1626 sui)
1215 1596 1291 1628 Quo
1309 1605 1408 1625 sensu
1432 1600 1468 1626 et
1482 1596 1492 1611 ‘
1506 1605 1600 1625 meus
1615 1594 1624 1607 ’

157 1639 306 1670 occurrit
323 1639 355 1669 in
374 1640 470 1671 Pers.
498 1641 569 1671 Sat.
596 1648 632 1670 v.
649 1642 701 1670 88.
747 1642 756 1656 ‘
771 1639 930 1670 Vindicta
948 1643 1127 1679 postquam
1145 1648 1238 1669 meus
1257 1649 1275 1669 a
1291 1638 1448 1669 Praetore
1472 1636 1623 1668 recessi.’

157 1683 234 1713 Nec
250 1691 439 1722 quenquam
457 1681 610 1713 offendat
623 1682 784 1713 remotior
797 1692 816 1712 a
829 1692 888 1712 suo
903 1682 992 1712 Casu
1005 1682 1222 1722 Praepositio.
1248 1681 1302 1712 Cf.
1317 1681 1403 1713 Hor.
1417 1689 1471 1712 111.
1486 1680 1554 1711 od.
1568 1683 1622 1712 27.

156 1728 209 1755 51.
235 1725 330 1764 Ele-g.
347 1726 380 1755 in
399 1725 494 1757 Obit.
517 1726 703 1756 Maecenat.
722 1735 770 1756 vs.
796 1728 847 1755 12.
872 1725 974 1756 Ovid.
993 1725 1104 1764 Epist.
1119 1734 1172 1755 lx.
1188 1728 1240 1756 96.
1259 1733 1342 1756 xm.
1361 1727 1432 1755 161.
1458 1724 1554 1762 Eieg.
1578 1723 1621 1754 ad

156 1768 232 1799 Liv.
250 1767 340 1808 Aug.
359 1777 406 1799 vs,
423 1770 497 1798 254.
511 1768 598 1798 Vide
616 1769 721 1798 etiam
737 1768 833 1800 Jens.
852 1767 1000 1799 Observ.
1017 1768 1112 1807 Sing.
1131 1768 1167 1798 L.
1187 1769 1223 1798 L.
1240 1768 1269 1808 ξ.
1288 1770 1340 1798 16.
1387 1767 1549 1799 Quamvis
1563 1776 1621 1806 pro

154 1809 291 1848 suoforo
307 1811 395 1841 hand
418 1810 631 1841 incommode
657 1811 784 1851 exponi
801 1811 923 1850 possit,
949 1814 1109 1851 tanquam
1134 1820 1228 1841 suum
1248 1809 1372 1840 forum.
1396 1809 1485 1840 Vide
1502 1809 1620 1840 Heius.

155 1853 197 1884 ad
216 1853 318 1885 Ovid.
342 1854 453 1894 Epist.
472 1863 529 1885 111.
546 1857 600 1885 98.
617 1858 653 1885 et
667 1853 842 1885 Snakenb.
859 1853 901 1884 ad
918 1853 1016 1885 Curt.
1032 1862 1083 1885 ιν.
1101 1856 1192 1885 10.4.
1238 1853 1308 1884 Pro
1319 1853 1392 1893 foro
1409 1852 1619 1884 Beverlandi

154 1897 220 1928 Ms.
237 1897 352 1937 habet,
365 1897 466 1928 thoro.

813 1949 960 1981 NOTAE

197 2030 216 2059 3
241 2027 380 2068 Pierios]
416 2026 508 2059 Vide
533 2026 590 2059 lib.
622 2036 646 2058 ι.
676 2025 779 2068 Epig.
806 2028 862 2057 77.
960 2028 979 2056 7
1004 2025 1135 2056 Centum
1145 2025 1256 2065 gravis
1269 2025 1374 2066 hasta]
1408 2026 1465 2057 De
1478 2028 1617 2057 centum

151 2078 277 2110 Sensus
300 2083 374 2110 est:
414 2077 578 2109 Credisne
613 2077 734 2109 Silium
764 2076 860 2118 po'esi
916 2076 1064 2107 virorum
1075 2076 1208 2117 judicio
1220 2076 1296 2108 vide
1313 2076 1434 2108 lib.v1.
1453 2076 1550 2117 Epig.
1563 2079 1621 2109 38.

155 2133 289 2160 tantum
304 2129 502 2160 vacavisse?
959 2130 978 2158 8
1002 2127 1097 2158 Hunc
1132 2127 1282 2168 loquitur]
1335 2128 1429 2160 Quos
1464 2125 1621 2158 defendit

195 2182 216 2211 4
241 2179 349 2220 Serta]
366 2178 602 2212 Quibusniore
618 2178 790 2210 Bacchico
803 2188 860 2209 ca·
914 2178 1071 2218 clientes,
1087 2178 1180 2209 illum
1197 2177 1401 2218 praedicant.

153 2235 216 2272 put
232 2235 397 2262 coronant
413 2231 523 2261 Musae
542 2229 675 2260 Aoniae.
955 2231 976 2258 9
1000 2229 1184 2270 Postquam]
1218 2229 1297 2260 Fuit
1321 2229 1436 2260 consui
1458 2238 1499 2260 eo
1515 2239 1618 2269 anno,

195 2284 213 2312 5
240 2280 442 2321 cothurnati]
488 2280 637 2320 Propter
671 2278 858 2310 carminum
915 2290 981 2322 quo
1002 2280 1186 2312 interfecto
1213 2281 1351 2312 Nerone
1371 2280 1550 2321 imperium
1567 2290 1619 2311 as-

153 2333 368 2373 gravitatem.
385 2333 441 2363 De
458 2331 624 2362 cothurno
634 2330 693 2362 lib.
705 2340 738 2361 v.
757 2330 857 2371 Epig.
913 2335 1042 2362 sertum
1055 2330 1118 2362 fuit
1131 2331 1164 2362 in
1181 2331 1396 2363 libertatem:
1420 2330 1549 2363 idcirco
1560 2341 1619 2362 an-

153 2386 208 2416 30.
325 2376 327 2379 ¹
912 2391 992 2414 num
1005 2383 1097 2413 iilum
1110 2388 1214 2414 vocat
1230 2383 1416 2423 ingentem.

197 2438 218 2465 6
241 2434 388 2475 Implevit
413 2433 535 2474 magni]
586 2433 665 2464 Hoc
692 2435 759 2472 est,
789 2442 857 2463 nou
956 2436 994 2465 11
1020 2433 1194 2474 Emeritos]
1230 2433 1271 2465 Id
1287 2438 1354 2473 est,
1369 2436 1516 2474 accepta
1531 2432 1617 2464 rude

156 2485 248 2526 prius
273 2495 307 2515 se
334 2486 443 2516 Musis
463 2485 615 2524 tradidit,
641 2494 742 2526 quam
760 2484 857 2515 Cice·
912 2493 955 2516 ex
972 2484 1081 2515 causis
1091 2484 1618 2526 forensibus,inquitDomitius.

154 2536 245 2567 ronis
272 2546 377 2577 opera
403 2535 612 2578 implevisset
634 2535 794 2577 legendo,
821 2540 857 2567 et
956 2537 996 2566 12
1020 2535 1158 2576 Proque]
1203 2535 1274 2567 Pro
1310 2535 1420 2567 causis
1458 2534 1615 2576 agendis,

154 2586 328 2618 imitando.
906 2586 978 2628 jam
995 2587 1104 2618 Musis
1119 2591 1230 2618 vacat.
