1893 3225
236 252 321 294 9o8
707 264 757 293 m.
792 263 900 293 VAL.

933 264 1206 295 MARTlALlS

298 359 416 400 Nam
435 358 606 411 quoties
628 358 782 410 surgis,
805 358 967 399 soteria
988 359 1137 411 poscis
1162 360 1343 400 amicos.

353 426 419 467 Sit
440 425 603 479 pudor:
635 428 797 477 aegrota
809 424 919 478 jam,
941 425 1218 478 Polycarme,
1242 427 1395 468 semel.

238 547 336 577 nobis.
380 546 464 575 Nam
477 544 595 584 quoties
605 545 796 584 convalescis,
811 546 893 585 petis
906 546 1018 576 soteria
1034 546 1072 576 ab
1093 546 1222 577 amicis.-
1244 547 1286 577 sit
1308 548 1512 578 verecundia:
1535 547 1567 579 Ο
1585 548 1678 588 Poly-

237 598 349 627 carme.
376 588 446 626 jam
459 591 578 627 aegrota
592 589 692 619 semel.

841 641 978 652 eme·

280 689 298 715 4
317 685 462 723 AEgrotat
478 686 517 715 da
533 683 739 715 Beverlandi
756 684 822 716 Ms.

980 641 1075 652 ‘Nee

891 726 922 757 N
929 725 1031 757 OTAE

280 794 299 822 3
325 792 447 822 Solaria
469 790 585 831 poscis]
618 791 694 823 Hoc
711 797 774 828 est,
791 801 931 822 munera

238 852 313 884 quae
326 842 493 873 dabantur
507 842 621 872 amicis
634 852 653 871 a
668 841 785 873 morbo
798 851 929 872 recrea-

238 893 292 931 tis,
317 892 406 923 unde
435 891 569 922 morbus
600 891 698 923 fictus
729 892 931 932 Polycarmo

236 952 301 973 non
318 942 474 981 nocebat,
488 941 545 972 sed
562 942 633 983 ejus
646 942 759 974 amicis
772 952 791 973 a
812 942 932 984 quibus

238 993 377 1033 petebat
394 992 531 1023 soteria.

280 1046 298 1074 4
324 1042 534 1082 AEgrotajmn
548 1042 654 1083 semel]
681 1042 756 1074 Hoc
771 1049 834 1079 est,
862 1053 929 1074 mo-

985 800 1073 830 rere,
1087 794 1191 832 atque
1213 801 1279 822 uno
1304 792 1421 823 morbo
1436 792 1572 823 absolve
1590 797 1682 823 tuam

987 842 1111 872 vitam:
1137 847 1172 873 et
1198 846 1318 882 argute
1340 843 1475 884 quidem
1499 843 1564 873 hoc
1586 843 1683 873 intel·

986 892 1062 932 ligit
1098 892 1217 932 Poeta,
1250 902 1327 924 cum
1358 893 1514 924 videatur
1544 893 1683 931 sentire,

987 947 1024 973 ut
1055 943 1157 973 semel
1194 948 1326 974 tantum
1361 943 1395 974 in
1426 953 1512 975 anno
1536 946 1685 983 ‘aegrotet

986 993 1207 1033 Polycarmus
1223 1005 1229 1023 ι
1255 994 1347 1025 lib.v.
1366 994 1464 1036 Epig.
1481 997 1534 1026 40.
1549 1003 1637 1024 vers.
1653 998 1682 1024 5.

884 1184 1037 1226 LVII.

787 1275 852 1304 AD
886 1275 1133 1306 SPARSUM.

351 1341 458 1382 CUR
482 1355 603 1397 saepe
625 1344 736 1384 sicci
757 1357 894 1397 parva
916 1358 1013 1385 rura
1035 1345 1256 1396 Nomenti,

352 1409 598 1463 Laremque
621 1410 740 1451 villae
766 1411 991 1453 sordidum
1014 1418 1178 1465 petam,
1202 1413 1394 1466 quaeris‘!

353 1477 448 1518 Nec
471 1478 708 1530 cogitandi,
731 1479 910 1532 Sparse,
931 1492 1012 1519 nec
1031 1480 1290 1532 quiescendi

352 1544 404 1584 In
426 1546 533 1586 urbe
554 1546 679 1586 locus
701 1549 765 1586 est
787 1546 969 1599 pauperi
988 1559 996 1586 :
1019 1551 1176 1598 negant
1196 1547 1329 1588 vitam

351 1612 667 1666 Ludimagistri
689 1627 830 1663 mane,
853 1619 984 1655 nocte
1004 1615 1212 1667 pistores,

1660 1615 1688 1654 <Ji

346 1681 619 1721 AErariorum
643 1682 825 1723 marculi
848 1682 918 1723 die
941 1688 1046 1724 toto.

352 1749 473 1790 Hinc
496 1751 665 1791 otiosus
689 1750 912 1791 sordidam
935 1752 1080 1805 quatit
1100 1764 1292 1792 mensam

354 1817 607 1859 Neroniana
627 1819 944 1859 nummularius
967 1832 1142 1860 massa:

282 1938 398 1978 Rogas,
412 1947 468 1969 cur
480 1947 559 1977 soepe
574 1938 708 1969 invisam
724 1939 1010 1978 exiguumfundum
1025 1940 1107 1971 aridi
1126 1940 1283 1978 Nomenti,
1295 1944 1324 1971 et
1339 1944 1459 1971 tenuem
1472 1940 1567 1970 larem
1582 1939 1663 1969 villoe
1675 1937 1691 1970 ί)

239 1980 270 2011 Ο
288 1980 413 2021 Sparse,
428 1991 482 2011 nec
498 1984 543 2011 est
560 1981 644 2021 inopi
659 1982 740 2011 locus
755 1983 925 2021 cogitandi,
938 1993 991 2014 uec
1006 1984 1178 2023 quiescendi
1192 1983 1223 2014 z'n
1234 1983 1319 2014 urbe.
1342 1983 1571 2022 Ludimagistri
1586 1991 1688 2019 mane,

237 2024 366 2062 pistores
380 2027 478 2061 nocte,
494 2024 596 2055 mallei
611 2025 795 2055 cerariorum
807 2026 856 2055 die
871 2029 935 2056 toto
948 2036 1007 2056 non
1023 2026 1128 2057 sinunt
1151 2026 1265 2056 vivere.
1315 2027 1399 2057 Hinc
1422 2027 1535 2056 otiosus
1550 2035 1690 2056 nummu·

238 2067 334 2097 tarius
350 2067 452 2106 agitat
466 2077 600 2098 mensam
615 2069 771 2098 sordidam
784 2078 882 2099 massa
899 2069 1099 2100 Neroniana.-
1122 2070 1208 2100 illinc
1225 2070 1384 2100 malleator
1391 2069 1479 2107 fuste
1493 2068 1607 2100 nitenti
1617 2077 1689 2108 per-

849 2158 1060 2169 eanum
1066 2159 1084 2168 e

281 2214 299 2242 3
317 2211 460 2252 Spatium
476 2212 509 2242 in
533 2221 620 2243 omn.
643 2211 720 2243 edd.
739 2216 885 2243 vett.-9
900 2212 1048 2243 Turneb.
1074 2213 1130 2244 lib.
1148 2221 1239 2243 xxx.
1255 2221 1332 2252 cap.
1346 2214 1399 2243 26.
1417 2211 1594 2252 legendnm
1610 2221 1689 2242 con-

234 2255 311 2294 jicit
327 2255 459 2285 bazzwis:
477 2255 567 2286 idem
584 2260 704 2286 censet
728 2256 924 2287 Salmasius.
948 2256 1034 2286 Vide
1054 2257 1135 2288 Not.
1154 2257 1234 2287 Var.
1261 2255 1450 2286 Barbouius
1472 2264 1515 2285 ex
1530 2255 1688 2286 Turnebo

892 2349 922 2379 N
928 2349 958 2380 O
963 2349 1034 2379 '1'AE

284 2417 297 2442 1
327 2411 489 2451 Nomenti]
519 2412 573 2442 De
600 2422 666 2453 quo
695 2413 752 2443 lib.
779 2422 804 2443 1.
834 2413 934 2453 Epig.

242 2465 314 2493 106.
351 2462 477 2493 Similis
504 2466 555 2493 est
581 2463 656 2493 huic
689 2463 934 2504 Epigrammati

239 2513 364 2544 Juven.
389 2513 461 2543 Sat.
486 2522 540 2544 111.
584 2513 672 2544 Vide
695 2514 755 2545 lib.
773 2523 808 2545 x.
835 2515 934 2555 Epig.

241 2566 294 2594 74.

284 2619 302 2646 3
340 2615 407 2646 Nec
436 2614 607 2654 cogitandi,
638 2614 767 2656 Sparse]
802 2616 935 2655 Legunt

242 2667 309 2706 alii,
330 2676 384 2697 nec
407 2665 565 2705 cogitandi
588 2666 734 2705 spatium.
779 2665 827 2697 At
845 2666 937 2706 prior

242 2718 344 2748 lectio
362 2717 497 2748 videtur
514 2716 641 2748 melior.

284 2771 302 2798 5
322 2766 562 2807 Lndz'magz'stri]
588 2767 644 2798 De
669 2767 788 2807 quibus
813 2766 937 2798 lib.1x.

243 2820 340 2861 Epig.
356 2821 409 2850 70.

1032 2416 1052 2443 6
1078 2411 1288 2451 AErarz'orum]
1312 2411 1498 2442 Fabrorum
1512 2410 1654 2441 scilicet.

1032 2466 1050 2493 8
1090 2463 1271 2493 Neroniana
1298 2462 1413 2502 massa]
1450 2461 1631 2492 Suetonius
1656 2462 1689 2491 in

992 2513 1127 2545 Nerone
1144 2524 1219 2554 cap.
1234 2516 1288 2544 44.
1311 2515 1319 2530 ‘
1334 2513 1528 2554 Exegitque
1555 2512 1689 2552 ingenti

991 2563 1129 2595 fastidio
1152 2569 1187 2595 et
1201 2564 1387 2595 acerbitate
1409 2573 1580 2595 nummum
1595 2573 1690 2604 aspe-

991 2624 1078 2655 rum,
1115 2620 1292 2656 argentum
1320 2615 1543 2655 pustulatum,
1572 2624 1688 2644 aurum

992 2665 1032 2695 ad
1048 2666 1228 2697 obn-usam]
1254 2666 1329 2697 Hoc
1346 2670 1418 2697 est:
1447 2665 1687 2703 Nummufflrii,

992 2717 1126 2748 Gallice
1156 2717 1199 2748 les
1225 2717 1414 2757 Banquiers,
1433 2726 1550 2747 aurum
1575 2723 1611 2748 et
1639 2727 1689 2748 ar-

993 2773 1130 2808 gentum
1146 2769 1292 2799 Neronis
1309 2773 1444 2799 versant
1460 2768 1493 2799 in
1515 2768 1583 2799 suis
1598 2777 1686 2798 men-

994 2819 1048 2859 sis,
1063 2823 1097 2850 et
1115 2819 1294 2860 strepitum
1308 2819 1424 2850 edunt.
