1893 3225
228 212 340 251 1000
706 221 755 250 M.
788 220 897 250 vm„
933 219 1206 250 MARTIAMS

812 375 1089 418 XXXVII.

788 466 810 495 s
827 466 852 495 c
870 466 1062 496 R1N1L·
1088 466 1134 494 M.

344 536 688 578 CONSTchos
709 534 793 575 nisi
814 534 895 575 das
917 534 1023 574 mihi
1044 533 1242 575 libellos:

344 604 592 646 Admittam
612 603 770 654 tineas,
792 608 1024 656 trucesque
1044 602 1224 643 blattas.

277 714 353 746 Nisi
367 713 505 755 praebeas
520 714 681 753 colligatos
693 711 798 752 libros,
819 714 901 743 locus
915 713 977 743 erit
994 711 1087 742 tineis
1102 714 1194 752 utque
1213 710 1366 741 atrocibus
1379 710 1495 742 blattis.

841 797 920 808 mv
922 797 1082 808 eeeeeeee

276 860 294 888 l
321 856 522 887 Constructas
545 853 623 885 cod.
647 853 680 883 in
704 862 810 893 marg.
837 853 890 885 ed.
906 853 986 884 Par.
1009 855 1102 883 161⁷.
1126 851 1192 882 nisi
1208 851 1345 893 quidem
1360 861 1521 892 erremus,
1542 863 1617 884 cum
1642 854 1690 886 sic

233 904 410 931 notamus:
433 908 511 929 nam
528 897 588 928 tali
602 906 695 927 more
711 895 784 927 fere
800 906 934 936 ¹semper
950 896 1176 936 indigitantur
1192 896 1379 927 varietates
1396 897 1428 927 in
1445 906 1486 928 eo
1505 906 1610 938 marg.
1636 899 1645 914 ‘
1660 908 1692 928 v.

231 941 410 974 construet!
442 941 498 972 Ita
524 942 640 980 legere
663 940 745 970 alios
762 945 879 970 monet
901 939 1076 970 Sclirevel.
1108 939 1243 970 Selectos
1258 939 1334 971 cod.
1359 939 1555 972 Thuan.—2
1577 942 1586 957 ‘
1601 940 1693 974 Quid

235 988 262 1018 si
279 988 430 1026 legamus
446 983 637 1019 Admittat,
655 993 702 1014 sc.
721 982 827 1013 libelli
840 982 861 1013 ἶν’
885 982 1039 1014 Schrevel.

893 1067 1036 1099 NOTAE

277 1137 293 1165 1
315 1134 520 1175 constrictos]
539 1133 605 1165 Alii
615 1135 827 1165 Constructas.
837 1133 938 1164 Prior
992 1137 1255 1173 corrumpantur
1280 1133 1461 1166 vermibus.
1504 1134 1514 1151 ‘
1529 1132 1644 1165 Tinea’
1660 1136 1695 1165 et

234 1186 339 1218 lectio
354 1188 486 1217 videtur
500 1187 639 1218 melior:
664 1187 696 1216 in
713 1186 827 1216 arcula
838 1185 935 1226 quip-
993 1184 1002 1201 ‘
1021 1184 1140 1216 blatta'
1157 1194 1278 1226 parum
1293 1183 1468 1216 differunt.

235 1246 278 1277 pc
307 1237 507 1269 coarctandi
533 1243 613 1269 suut
637 1237 728 1277 libri,
759 1246 803 1268 ne
834 1236 937 1268 soluti

811 1376 1121 1419 XXXVIII.

694 1467 870 1498 FASCES
905 1467 1239 1498 CALAMORUM.

240 1539 350 1579 DAT
373 1538 536 1578 chartis
558 1536 729 1577 habiles
751 1536 951 1577 calamos
974 1533 1265 1589 Memphitica
1283 1535 1440 1576 tellus:

293 1606 522 1647 Texantur
543 1605 713 1659 reliqua
734 1608 854 1646 tecta
874 1603 1038 1659 palude
1060 1604 1158 1644 tibi.

283 1718 379 1748 Terra
404 1716 608 1757 Memphitica
633 1716 774 1756 producit
800 1717 932 1747 calamos
959 1715 1200 1746 accommodatos
1225 1715 1352 1748 chartis.
1401 1715 1447 1748 Τιι
1471 1716 1593 1758 operias
1617 1719 1698 1748 tecta

240 1761 378 1792 calamis
393 1760 526 1791 aliarum
540 1761 700 1800 paludum.

849 1812 864 1822 e
870 1811 1042 1823 “poete“
1049 1812 1084 1822 ee

280 1850 301 1879 2
327 1847 412 1878 Tema
427 1846 495 1878 Ms.
510 1846 646 1877 Beverl.

898 1888 1038 1920 NOTAE

284 1957 300 1985 1
337 1954 405 1985 Dat
439 1952 556 1983 chartis
591 1951 724 1992 habiles]
769 1951 942 1992 Memphis
997 1957 1033 1983 et
1049 1952 1107 1993 qui
1120 1952 1152 1983 in
1171 1952 1254 1984 Asia
1269 1953 1363 1984 circa
1379 1952 1572 1984 Anaiticum
1588 1954 1700 1984 lacum

239 2004 380 2044 AEgypti
396 2004 477 2035 urbs
503 2003 722 2034 nobilissima.
767 2002 854 2033 Vide
882 2002 941 2034 lib.
997 2002 1211 2034 nascuntur.’
1254 2004 1433 2044 AEgyptios
1465 2008 1580 2034 tamen
1612 2004 1702 2035 cala-

239 2055 358 2095 Spect.
376 2055 476 2096 Epig.
495 2058 525 2086 1.
543 2054 675 2085 Plinius
693 2054 752 2085 lib.
770 2063 848 2084 xm.
865 2063 942 2094 cap.
998 2063 1070 2085 mos
1089 2064 1160 2094 prae
1177 2054 1252 2085 aliis
1277 2054 1429 2085 omnibus
1446 2053 1563 2086 laudat
1579 2054 1704 2095 Poeta,

239 2108 292 2136 36.
358 2107 367 2122 ‘
386 2105 592 2146 Chartisque
630 2105 782 2136 serviunt
820 2105 941 2135 calami
998 2110 1033 2135 et
1047 2105 1129 2136 alios
1144 2105 1243 2137 lectis
1256 2105 1449 2137 muniendis
1464 2105 1629 2137 inservire
1644 2105 1704 2137 de-

240 2158 392 2199 AEgyptii
411 2158 557 2188 maxime
573 2158 780 2197 cognatione
797 2156 943 2198 quadam
997 2155 1079 2187 bere
1094 2161 1225 2188 censet.

239 2210 374 2252 papyri.
419 2208 644 2239 Probatiores
669 2212 783 2239 tamen
811 2206 943 2245 Gnidii,

841 2360 1104 2402 XXXIX.

656 2462 891 2492 LUCERNA
926 2461 1173 2492 CUBICULA
1185 2461 1286 2491 RIA.

414 2542 607 2583 DULC1S
632 2541 810 2582 conscia
830 2540 978 2581 lectuli
1001 2540 1200 2591 lucerna,

417 2608 644 2664 Quicquid
662 2609 729 2650 vis
750 2608 895 2649 facias
917 2608 1034 2657 licet,
1056 2609 1227 2649 tacebo.

289 2735 361 2776 Ego
377 2735 499 2765 lucerna
513 2732 602 2763 testis
607 2731 740 2772 Jucundi
752 2731 869 2770 lectuli,
882 2729 939 2768 sas
955 2734 997 2761 est
1014 2740 1090 2770 agas
1105 2729 1249 2772 quicquid
1260 2731 1361 2770 placet
1373 2741 1384 2762 .·
1406 2729 1510 2762 silebo.
