<?xml version="1.0" encoding="UTF-8"?>
<!DOCTYPE html PUBLIC "-//W3C//DTD XHTML 1.0 Transitional//EN"
    "http://www.w3.org/TR/xhtml1/DTD/xhtml1-transitional.dtd">
<html xmlns="http://www.w3.org/1999/xhtml" xml:lang="en" lang="en">
 <head>
  <title>
</title>
<meta http-equiv="Content-Type" content="text/html;charset=utf-8" />
  <meta name='ocr-system' content='tesseract 3.04.00' />
  <meta name='ocr-capabilities' content='ocr_page ocr_carea ocr_par ocr_line ocrx_word'/>
</head>
<body>
  <div class='ocr_page' id='page_1' title='image "./epigrammataexedi02martuoft_0313.png"; bbox 0 0 1893 3225; ppageno 0'>
   <div class='ocr_carea' id='block_1_1' title="bbox 9 1503 13 2500">
    <p class='ocr_par' dir='ltr' id='par_1_1' title="bbox 9 1503 13 2500">
     <span class='ocr_line' id='line_1_1' title="bbox 9 1503 13 2500; baseline 0 0"><span class='ocrx_word' id='word_1_1' title='bbox 9 1503 13 2500; x_wconf 95' lang='lat' dir='ltr'><strong> </strong></span> 
     </span>
    </p>
   </div>
   <div class='ocr_carea' id='block_1_2' title="bbox 0 0 28 2853">
    <p class='ocr_par' dir='ltr' id='par_1_2' title="bbox 0 0 28 2853">
     <span class='ocr_line' id='line_1_2' title="bbox 0 0 28 2853; baseline 0 0"><span class='ocrx_word' id='word_1_2' title='bbox 0 0 28 2853; x_wconf 95' lang='lat' dir='ltr'><strong> </strong></span> 
     </span>
    </p>
   </div>
   <div class='ocr_carea' id='block_1_3' title="bbox 563 256 1600 296">
    <p class='ocr_par' dir='ltr' id='par_1_3' title="bbox 563 256 1600 296">
     <span class='ocr_line' id='line_1_3' title="bbox 563 256 1600 296; baseline 0.004 -4"><span class='ocrx_word' id='word_1_3' title='bbox 563 264 967 294; x_wconf 69' lang='grc' dir='ltr'>ΕυιακΑΜΜΑἰύΜ</span> <span class='ocrx_word' id='word_1_4' title='bbox 1008 265 1102 294; x_wconf 72' lang='lat' dir='ltr'><strong>mn.</strong></span> <span class='ocrx_word' id='word_1_5' title='bbox 1139 265 1209 294; x_wconf 79' lang='lat' dir='ltr'><strong>xi.</strong></span> <span class='ocrx_word' id='word_1_6' title='bbox 1518 256 1600 296; x_wconf 55' lang='lat'><strong>&amp;01</strong></span> 
     </span>
    </p>
   </div>
   <div class='ocr_carea' id='block_1_4' title="bbox 242 359 1602 1091">
    <p class='ocr_par' dir='ltr' id='par_1_4' title="bbox 261 359 1126 407">
     <span class='ocr_line' id='line_1_4' title="bbox 261 359 1126 407; baseline 0 -7"><span class='ocrx_word' id='word_1_7' title='bbox 261 359 358 400; x_wconf 77' lang='lat' dir='ltr'><strong>Nec</strong></span> <span class='ocrx_word' id='word_1_8' title='bbox 385 359 529 400; x_wconf 75' lang='lat' dir='ltr'><strong>Musis</strong></span> <span class='ocrx_word' id='word_1_9' title='bbox 551 364 698 407; x_wconf 69' lang='lat' dir='ltr'><strong>vacat,</strong></span> <span class='ocrx_word' id='word_1_10' title='bbox 720 362 794 400; x_wconf 86' lang='lat' dir='ltr'><strong>aut</strong></span> <span class='ocrx_word' id='word_1_11' title='bbox 817 360 912 399; x_wconf 81' lang='lat' dir='ltr'><strong>suis</strong></span> <span class='ocrx_word' id='word_1_12' title='bbox 935 365 1126 400; x_wconf 80' lang='lat' dir='ltr'><strong>vacaret.</strong></span> 
     </span>
    </p>

    <p class='ocr_par' dir='ltr' id='par_1_5' title="bbox 262 427 1067 480">
     <span class='ocr_line' id='line_1_5' title="bbox 262 427 1067 480; baseline 0 -13"><span class='ocrx_word' id='word_1_13' title='bbox 262 427 431 480; x_wconf 82' lang='lat' dir='ltr'><strong>Ecquid</strong></span> <span class='ocrx_word' id='word_1_14' title='bbox 456 433 498 467; x_wconf 83' lang='lat' dir='ltr'><strong>te</strong></span> <span class='ocrx_word' id='word_1_15' title='bbox 520 429 632 467; x_wconf 79' lang='lat' dir='ltr'><strong>satis</strong></span> <span class='ocrx_word' id='word_1_16' title='bbox 654 428 854 468; x_wconf 80' lang='lat' dir='ltr'><strong>aestimas</strong></span> <span class='ocrx_word' id='word_1_17' title='bbox 877 428 1067 476; x_wconf 83' lang='lat' dir='ltr'><strong>beatum,</strong></span> 
     </span>
    </p>

    <p class='ocr_par' dir='ltr' id='par_1_6' title="bbox 259 495 1103 548">
     <span class='ocr_line' id='line_1_6' title="bbox 259 495 1103 548; baseline 0 -13"><span class='ocrx_word' id='word_1_18' title='bbox 259 495 523 548; x_wconf 69' lang='lat' dir='ltr'><strong>Contingunt</strong></span> <span class='ocrx_word' id='word_1_19' title='bbox 543 495 623 536; x_wconf 85' lang='lat' dir='ltr'><strong>tibi</strong></span> <span class='ocrx_word' id='word_1_20' title='bbox 644 496 683 536; x_wconf 88' lang='lat' dir='ltr'><strong>si</strong></span> <span class='ocrx_word' id='word_1_21' title='bbox 703 509 860 537; x_wconf 82' lang='lat' dir='ltr'><strong>manus</strong></span> <span class='ocrx_word' id='word_1_22' title='bbox 883 497 1072 537; x_wconf 80' lang='lat' dir='ltr'><strong>minores</strong></span> <span class='ocrx_word' id='word_1_23' title='bbox 1085 498 1103 535; x_wconf 64' lang='grc' dir='ltr'><strong>’.θ</strong></span> 
     </span>
    </p>

    <p class='ocr_par' dir='ltr' id='par_1_7' title="bbox 264 563 994 617">
     <span class='ocr_line' id='line_1_7' title="bbox 264 563 994 617; baseline 0.003 -15"><span class='ocrx_word' id='word_1_24' title='bbox 264 563 409 603; x_wconf 83' lang='lat' dir='ltr'><strong>Vicini</strong></span> <span class='ocrx_word' id='word_1_25' title='bbox 434 568 533 617; x_wconf 87' lang='lat' dir='ltr'><strong>pete</strong></span> <span class='ocrx_word' id='word_1_26' title='bbox 555 564 769 617; x_wconf 89' lang='lat' dir='ltr'><strong>porticum</strong></span> <span class='ocrx_word' id='word_1_27' title='bbox 793 563 994 614; x_wconf 75' lang='lat' dir='ltr'><strong>Quirini:</strong></span> 
     </span>
    </p>

    <p class='ocr_par' dir='ltr' id='par_1_8' title="bbox 257 631 1602 752">
     <span class='ocr_line' id='line_1_8' title="bbox 257 631 1602 672; baseline 0.001 -1"><span class='ocrx_word' id='word_1_28' title='bbox 257 632 451 672; x_wconf 77' lang='lat' dir='ltr'><strong>Turbam</strong></span> <span class='ocrx_word' id='word_1_29' title='bbox 468 645 553 672; x_wconf 90' lang='lat' dir='ltr'><strong>non</strong></span> <span class='ocrx_word' id='word_1_30' title='bbox 575 631 706 672; x_wconf 80' lang='lat' dir='ltr'><strong>habet</strong></span> <span class='ocrx_word' id='word_1_31' title='bbox 724 632 979 672; x_wconf 83' lang='lat' dir='ltr'><strong>otiosiorem</strong></span> <span class='ocrx_word' id='word_1_32' title='bbox 1546 631 1602 672; x_wconf 89' lang='grc'><strong>10</strong></span> 
     </span>
     <span class='ocr_line' id='line_1_9' title="bbox 265 698 1026 752; baseline 0.003 -14"><span class='ocrx_word' id='word_1_33' title='bbox 265 699 511 752; x_wconf 80' lang='lat' dir='ltr'><strong>Pompeius,</strong></span> <span class='ocrx_word' id='word_1_34' title='bbox 528 699 599 739; x_wconf 86' lang='lat' dir='ltr'><strong>vel</strong></span> <span class='ocrx_word' id='word_1_35' title='bbox 621 698 840 752; x_wconf 82' lang='lat' dir='ltr'><strong>Agenoris</strong></span> <span class='ocrx_word' id='word_1_36' title='bbox 862 700 1026 752; x_wconf 84' lang='lat' dir='ltr'><strong>puella,</strong></span> 
     </span>
    </p>

    <p class='ocr_par' dir='ltr' id='par_1_9' title="bbox 261 764 1076 819">
     <span class='ocr_line' id='line_1_10' title="bbox 261 764 1076 819; baseline 0 -14"><span class='ocrx_word' id='word_1_37' title='bbox 261 764 344 806; x_wconf 85' lang='lat' dir='ltr'><strong>Vel</strong></span> <span class='ocrx_word' id='word_1_38' title='bbox 365 767 517 819; x_wconf 82' lang='lat' dir='ltr'><strong>primae</strong></span> <span class='ocrx_word' id='word_1_39' title='bbox 539 767 742 807; x_wconf 83' lang='lat' dir='ltr'><strong>dominus</strong></span> <span class='ocrx_word' id='word_1_40' title='bbox 762 767 874 807; x_wconf 81' lang='lat' dir='ltr'><strong>levis</strong></span> <span class='ocrx_word' id='word_1_41' title='bbox 896 767 1076 807; x_wconf 73' lang='lat' dir='ltr'><strong>carinae.</strong></span> 
     </span>
    </p>

    <p class='ocr_par' dir='ltr' id='par_1_10' title="bbox 242 833 1148 956">
     <span class='ocr_line' id='line_1_11' title="bbox 258 833 1148 888; baseline 0.002 -15"><span class='ocrx_word' id='word_1_42' title='bbox 258 833 370 875; x_wconf 86' lang='lat' dir='ltr'><strong>Sunt</strong></span> <span class='ocrx_word' id='word_1_43' title='bbox 390 834 481 876; x_wconf 84' lang='lat' dir='ltr'><strong>illic</strong></span> <span class='ocrx_word' id='word_1_44' title='bbox 504 835 610 884; x_wconf 86' lang='lat' dir='ltr'><strong>duo,</strong></span> <span class='ocrx_word' id='word_1_45' title='bbox 633 839 794 884; x_wconf 88' lang='lat' dir='ltr'><strong>tresve,</strong></span> <span class='ocrx_word' id='word_1_46' title='bbox 818 835 894 888; x_wconf 89' lang='lat' dir='ltr'><strong>qui</strong></span> <span class='ocrx_word' id='word_1_47' title='bbox 917 835 1148 875; x_wconf 82' lang='lat' dir='ltr'><strong>revolvant</strong></span> 
     </span>
     <span class='ocr_line' id='line_1_12' title="bbox 242 900 987 956; baseline 0.003 -15"><span class='ocrx_word' id='word_1_48' title='bbox 242 900 520 943; x_wconf 62' lang='lat' dir='ltr'><strong>*Nostrarum</strong></span> <span class='ocrx_word' id='word_1_49' title='bbox 543 903 682 943; x_wconf 81' lang='lat' dir='ltr'><strong>tineas</strong></span> <span class='ocrx_word' id='word_1_50' title='bbox 705 904 987 956; x_wconf 84' lang='lat' dir='ltr'><strong>ineptiarum:</strong></span> 
     </span>
    </p>

    <p class='ocr_par' dir='ltr' id='par_1_11' title="bbox 258 969 1602 1091">
     <span class='ocr_line' id='line_1_13' title="bbox 258 969 1602 1025; baseline 0.001 -17"><span class='ocrx_word' id='word_1_51' title='bbox 258 969 345 1009; x_wconf 87' lang='lat' dir='ltr'><strong>Sed</strong></span> <span class='ocrx_word' id='word_1_52' title='bbox 367 983 466 1010; x_wconf 79' lang='lat' dir='ltr'><strong>cuin</strong></span> <span class='ocrx_word' id='word_1_53' title='bbox 489 972 685 1024; x_wconf 85' lang='lat' dir='ltr'><strong>sponsio,</strong></span> <span class='ocrx_word' id='word_1_54' title='bbox 707 971 958 1025; x_wconf 64' lang='lat' dir='ltr'><strong>fabulaeque</strong></span> <span class='ocrx_word' id='word_1_55' title='bbox 979 971 1113 1011; x_wconf 75' lang='lat' dir='ltr'><strong>lassae</strong></span> <span class='ocrx_word' id='word_1_56' title='bbox 1546 969 1602 1009; x_wconf 88' lang='lat'><strong>15</strong></span> 
     </span>
     <span class='ocr_line' id='line_1_14' title="bbox 258 1030 1009 1091; baseline 0.003 -15"><span class='ocrx_word' id='word_1_57' title='bbox 258 1037 327 1077; x_wconf 88' lang='lat' dir='ltr'><strong>De</strong></span> <span class='ocrx_word' id='word_1_58' title='bbox 348 1037 521 1091; x_wconf 85' lang='lat' dir='ltr'><strong>Scorpo</strong></span> <span class='ocrx_word' id='word_1_59' title='bbox 541 1038 716 1088; x_wconf 80' lang='lat' dir='ltr'><strong>suerint,</strong></span> <span class='ocrx_word' id='word_1_60' title='bbox 738 1043 781 1079; x_wconf 87' lang='lat' dir='ltr'><strong>et</strong></span> <span class='ocrx_word' id='word_1_61' title='bbox 803 1030 1009 1080; x_wconf 81' lang='lat' dir='ltr'><strong>Incitato.</strong></span> 
     </span>
    </p>
   </div>
   <div class='ocr_carea' id='block_1_5' title="bbox 138 1158 1604 1373">
    <p class='ocr_par' dir='ltr' id='par_1_12' title="bbox 138 1158 1604 1373">
     <span class='ocr_line' id='line_1_15' title="bbox 141 1158 1603 1200; baseline 0 -12"><span class='ocrx_word' id='word_1_62' title='bbox 141 1159 310 1199; x_wconf 76' lang='lat' dir='ltr'><strong>supplices</strong></span> <span class='ocrx_word' id='word_1_63' title='bbox 323 1170 329 1190; x_wconf 92' lang='lat'>:</span> <span class='ocrx_word' id='word_1_64' title='bbox 354 1170 408 1190; x_wconf 75' lang='lat' dir='ltr'><strong>nec</strong></span> <span class='ocrx_word' id='word_1_65' title='bbox 420 1162 474 1191; x_wconf 70' lang='lat' dir='ltr'><strong>dat</strong></span> <span class='ocrx_word' id='word_1_66' title='bbox 489 1170 612 1200; x_wconf 76' lang='lat' dir='ltr'><strong>operum</strong></span> <span class='ocrx_word' id='word_1_67' title='bbox 628 1161 747 1197; x_wconf 68' lang='lat' dir='ltr'><strong>Illusis,</strong></span> <span class='ocrx_word' id='word_1_68' title='bbox 762 1164 814 1190; x_wconf 77' lang='lat' dir='ltr'><strong>aul</strong></span> <span class='ocrx_word' id='word_1_69' title='bbox 833 1161 923 1190; x_wconf 80' lang='lat' dir='ltr'><strong>daret</strong></span> <span class='ocrx_word' id='word_1_70' title='bbox 939 1160 1014 1190; x_wconf 70' lang='lat' dir='ltr'><strong>suis.</strong></span> <span class='ocrx_word' id='word_1_71' title='bbox 1064 1159 1221 1199; x_wconf 73' lang='lat' dir='ltr'><strong>Numquid</strong></span> <span class='ocrx_word' id='word_1_72' title='bbox 1232 1162 1263 1189; x_wconf 76' lang='lat' dir='ltr'><strong>Ie</strong></span> <span class='ocrx_word' id='word_1_73' title='bbox 1273 1162 1365 1198; x_wconf 74' lang='lat' dir='ltr'><strong>putas</strong></span> <span class='ocrx_word' id='word_1_74' title='bbox 1379 1158 1603 1196; x_wconf 64' lang='lat' dir='ltr'><strong>samsonem,</strong></span> 
     </span>
     <span class='ocr_line' id='line_1_16' title="bbox 139 1202 1604 1243; baseline 0.001 -12"><span class='ocrx_word' id='word_1_75' title='bbox 139 1203 167 1231; x_wconf 75' lang='lat' dir='ltr'><strong>si</strong></span> <span class='ocrx_word' id='word_1_76' title='bbox 191 1212 299 1233; x_wconf 67' lang='lat' dir='ltr'><strong>mamis</strong></span> <span class='ocrx_word' id='word_1_77' title='bbox 328 1203 460 1234; x_wconf 80' lang='lat' dir='ltr'><strong>minores</strong></span> <span class='ocrx_word' id='word_1_78' title='bbox 485 1207 592 1235; x_wconf 80' lang='lat' dir='ltr'><strong>terunt</strong></span> <span class='ocrx_word' id='word_1_79' title='bbox 613 1202 669 1234; x_wconf 81' lang='lat' dir='ltr'><strong>te?</strong></span> <span class='ocrx_word' id='word_1_80' title='bbox 704 1204 768 1234; x_wconf 73' lang='lat' dir='ltr'><strong>Acti</strong></span> <span class='ocrx_word' id='word_1_81' title='bbox 793 1203 948 1243; x_wconf 79' lang='lat' dir='ltr'><strong>porticum</strong></span> <span class='ocrx_word' id='word_1_82' title='bbox 973 1203 1066 1233; x_wconf 71' lang='lat' dir='ltr'><strong>rz‘cim&#39;</strong></span> <span class='ocrx_word' id='word_1_83' title='bbox 1093 1203 1242 1237; x_wconf 79' lang='lat' dir='ltr'><strong>Quirini:</strong></span> <span class='ocrx_word' id='word_1_84' title='bbox 1268 1202 1443 1241; x_wconf 63' lang='lat' dir='ltr'><strong>Pompeius,</strong></span> <span class='ocrx_word' id='word_1_85' title='bbox 1467 1202 1514 1232; x_wconf 76' lang='lat' dir='ltr'><strong>vel</strong></span> <span class='ocrx_word' id='word_1_86' title='bbox 1527 1202 1604 1243; x_wconf 83' lang='lat' dir='ltr'><strong>filia</strong></span> 
     </span>
     <span class='ocr_line' id='line_1_17' title="bbox 140 1244 1602 1286; baseline -0.001 -11"><span class='ocrx_word' id='word_1_87' title='bbox 140 1245 310 1285; x_wconf 61' lang='lat' dir='ltr'><strong>Agenoris,</strong></span> <span class='ocrx_word' id='word_1_88' title='bbox 327 1246 373 1276; x_wconf 78' lang='lat' dir='ltr'><strong>vel</strong></span> <span class='ocrx_word' id='word_1_89' title='bbox 388 1247 563 1277; x_wconf 73' lang='lat' dir='ltr'><strong>inconstans</strong></span> <span class='ocrx_word' id='word_1_90' title='bbox 586 1247 725 1276; x_wconf 73' lang='lat' dir='ltr'><strong>‹lmninns</strong></span> <span class='ocrx_word' id='word_1_91' title='bbox 744 1247 855 1286; x_wconf 78' lang='lat' dir='ltr'><strong>primce</strong></span> <span class='ocrx_word' id='word_1_92' title='bbox 871 1247 959 1276; x_wconf 78' lang='lat' dir='ltr'><strong>navis</strong></span> <span class='ocrx_word' id='word_1_93' title='bbox 982 1256 1040 1276; x_wconf 78' lang='lat' dir='ltr'><strong>mm</strong></span> <span class='ocrx_word' id='word_1_94' title='bbox 1069 1246 1157 1276; x_wconf 78' lang='lat' dir='ltr'><strong>Imbet</strong></span> <span class='ocrx_word' id='word_1_95' title='bbox 1175 1246 1293 1275; x_wconf 74' lang='lat' dir='ltr'><strong>turbam</strong></span> <span class='ocrx_word' id='word_1_96' title='bbox 1318 1245 1503 1275; x_wconf 77' lang='lat' dir='ltr'><strong>otiosiorem.</strong></span> <span class='ocrx_word' id='word_1_97' title='bbox 1550 1244 1602 1276; x_wconf 79' lang='lat' dir='ltr'><strong>Ibi</strong></span> 
     </span>
     <span class='ocr_line' id='line_1_18' title="bbox 138 1288 1601 1329; baseline 0.001 -12"><span class='ocrx_word' id='word_1_98' title='bbox 138 1293 209 1317; x_wconf 75' lang='lat' dir='ltr'><strong>sunt</strong></span> <span class='ocrx_word' id='word_1_99' title='bbox 226 1289 297 1326; x_wconf 78' lang='lat' dir='ltr'><strong>dun,</strong></span> <span class='ocrx_word' id='word_1_100' title='bbox 320 1292 374 1319; x_wconf 77' lang='lat' dir='ltr'><strong>aut</strong></span> <span class='ocrx_word' id='word_1_101' title='bbox 387 1294 463 1327; x_wconf 77' lang='lat' dir='ltr'><strong>tres,</strong></span> <span class='ocrx_word' id='word_1_102' title='bbox 477 1290 530 1329; x_wconf 78' lang='lat' dir='ltr'><strong>qni</strong></span> <span class='ocrx_word' id='word_1_103' title='bbox 545 1291 705 1320; x_wconf 77' lang='lat' dir='ltr'><strong>excutiant</strong></span> <span class='ocrx_word' id='word_1_104' title='bbox 724 1289 824 1319; x_wconf 67' lang='lat' dir='ltr'><strong>tineus</strong></span> <span class='ocrx_word' id='word_1_105' title='bbox 847 1298 981 1319; x_wconf 75' lang='lat' dir='ltr'><strong>mem-unz</strong></span> <span class='ocrx_word' id='word_1_106' title='bbox 996 1289 1203 1329; x_wconf 69' lang='lat' dir='ltr'><strong>ineptiamcm:</strong></span> <span class='ocrx_word' id='word_1_107' title='bbox 1227 1293 1257 1319; x_wconf 81' lang='grc' dir='ltr'><strong>αι</strong></span> <span class='ocrx_word' id='word_1_108' title='bbox 1276 1298 1345 1318; x_wconf 76' lang='lat' dir='ltr'><strong>cum</strong></span> <span class='ocrx_word' id='word_1_109' title='bbox 1360 1289 1481 1328; x_wconf 74' lang='lat' dir='ltr'><strong>sponsio</strong></span> <span class='ocrx_word' id='word_1_110' title='bbox 1504 1291 1533 1319; x_wconf 77' lang='lat' dir='ltr'><strong>et</strong></span> <span class='ocrx_word' id='word_1_111' title='bbox 1546 1288 1601 1325; x_wconf 88' lang='lat' dir='ltr'><strong>fa-</strong></span> 
     </span>
     <span class='ocr_line' id='line_1_19' title="bbox 140 1331 933 1373; baseline 0.003 -12"><span class='ocrx_word' id='word_1_112' title='bbox 140 1331 219 1362; x_wconf 74' lang='lat' dir='ltr'><strong>bulae</strong></span> <span class='ocrx_word' id='word_1_113' title='bbox 235 1332 513 1367; x_wconf 73' lang='lat' dir='ltr'><strong>absolutaesuerint</strong></span> <span class='ocrx_word' id='word_1_114' title='bbox 529 1334 566 1363; x_wconf 82' lang='lat' dir='ltr'><strong>dc</strong></span> <span class='ocrx_word' id='word_1_115' title='bbox 581 1334 709 1373; x_wconf 61' lang='lat' dir='ltr'><strong>Scorpo,</strong></span> <span class='ocrx_word' id='word_1_116' title='bbox 726 1332 773 1362; x_wconf 67' lang='lat' dir='ltr'><strong>‘vel</strong></span> <span class='ocrx_word' id='word_1_117' title='bbox 787 1332 933 1363; x_wconf 70' lang='lat' dir='ltr'><strong>Incitato.</strong></span> 
     </span>
    </p>
   </div>
   <div class='ocr_carea' id='block_1_6' title="bbox 795 1424 939 1455">
    <p class='ocr_par' dir='ltr' id='par_1_13' title="bbox 795 1424 939 1455">
     <span class='ocr_line' id='line_1_20' title="bbox 795 1424 939 1455; baseline 0 0"><span class='ocrx_word' id='word_1_118' title='bbox 795 1425 824 1455; x_wconf 92' lang='lat' dir='ltr'>N</span> <span class='ocrx_word' id='word_1_119' title='bbox 833 1424 939 1455; x_wconf 72' lang='lat' dir='ltr'><strong>OTAE</strong></span> 
     </span>
    </p>
   </div>
   <div class='ocr_carea' id='block_1_7' title="bbox 139 1505 844 2408">
    <p class='ocr_par' dir='ltr' id='par_1_14' title="bbox 140 1505 844 1597">
     <span class='ocr_line' id='line_1_21' title="bbox 181 1505 844 1546; baseline 0 -10"><span class='ocrx_word' id='word_1_120' title='bbox 181 1509 201 1536; x_wconf 88' lang='grc'><strong>6</strong></span> <span class='ocrx_word' id='word_1_121' title='bbox 228 1506 293 1536; x_wconf 83' lang='lat' dir='ltr'><strong>Nec</strong></span> <span class='ocrx_word' id='word_1_122' title='bbox 317 1506 421 1537; x_wconf 80' lang='lat' dir='ltr'><strong>Musis</strong></span> <span class='ocrx_word' id='word_1_123' title='bbox 446 1506 551 1546; x_wconf 76' lang='lat' dir='ltr'><strong>vacat]</strong></span> <span class='ocrx_word' id='word_1_124' title='bbox 575 1507 720 1537; x_wconf 67' lang='lat' dir='ltr'><strong>Poetam</strong></span> <span class='ocrx_word' id='word_1_125' title='bbox 739 1505 844 1536; x_wconf 86' lang='lat' dir='ltr'><strong>fuisse</strong></span> 
     </span>
     <span class='ocr_line' id='line_1_22' title="bbox 140 1557 687 1597; baseline 0.002 -11"><span class='ocrx_word' id='word_1_126' title='bbox 140 1557 444 1597; x_wconf 81' lang='lat' dir='ltr'><strong>l&#39;artlieniumjam</strong></span> <span class='ocrx_word' id='word_1_127' title='bbox 462 1557 549 1587; x_wconf 83' lang='lat' dir='ltr'><strong>dixit</strong></span> <span class='ocrx_word' id='word_1_128' title='bbox 564 1557 687 1588; x_wconf 56' lang='lat' dir='ltr'><strong>Poeta.</strong></span> 
     </span>
    </p>

    <p class='ocr_par' dir='ltr' id='par_1_15' title="bbox 140 1606 844 1688">
     <span class='ocr_line' id='line_1_23' title="bbox 183 1606 844 1648; baseline 0 -11"><span class='ocrx_word' id='word_1_129' title='bbox 183 1610 202 1637; x_wconf 82' lang='lat'>8</span> <span class='ocrx_word' id='word_1_130' title='bbox 226 1607 343 1638; x_wconf 67' lang='lat' dir='ltr'><strong>Manus</strong></span> <span class='ocrx_word' id='word_1_131' title='bbox 368 1607 515 1648; x_wconf 82' lang='lat' dir='ltr'><strong>minores]</strong></span> <span class='ocrx_word' id='word_1_132' title='bbox 538 1606 643 1647; x_wconf 78' lang='lat' dir='ltr'><strong>Vulgi</strong></span> <span class='ocrx_word' id='word_1_133' title='bbox 673 1607 844 1646; x_wconf 82' lang='lat' dir='ltr'><strong>nimirum,</strong></span> 
     </span>
     <span class='ocr_line' id='line_1_24' title="bbox 140 1657 422 1688; baseline 0.004 -1"><span class='ocrx_word' id='word_1_134' title='bbox 140 1666 207 1687; x_wconf 85' lang='lat' dir='ltr'><strong>non</strong></span> <span class='ocrx_word' id='word_1_135' title='bbox 224 1657 422 1688; x_wconf 81' lang='lat' dir='ltr'><strong>aulicorum.</strong></span> 
     </span>
    </p>

    <p class='ocr_par' dir='ltr' id='par_1_16' title="bbox 139 1707 843 1891">
     <span class='ocr_line' id='line_1_25' title="bbox 183 1707 843 1748; baseline 0 -10"><span class='ocrx_word' id='word_1_136' title='bbox 183 1711 203 1738; x_wconf 88' lang='lat'><strong>9</strong></span> <span class='ocrx_word' id='word_1_137' title='bbox 231 1708 334 1738; x_wconf 78' lang='lat' dir='ltr'><strong>Vicini</strong></span> <span class='ocrx_word' id='word_1_138' title='bbox 357 1707 442 1748; x_wconf 78' lang='lat' dir='ltr'><strong>pete]</strong></span> <span class='ocrx_word' id='word_1_139' title='bbox 474 1708 530 1738; x_wconf 89' lang='lat' dir='ltr'><strong>De</strong></span> <span class='ocrx_word' id='word_1_140' title='bbox 557 1707 686 1748; x_wconf 86' lang='lat' dir='ltr'><strong>templo</strong></span> <span class='ocrx_word' id='word_1_141' title='bbox 709 1708 843 1740; x_wconf 77' lang='lat' dir='ltr'><strong>Quirini</strong></span> 
     </span>
     <span class='ocr_line' id='line_1_26' title="bbox 140 1758 843 1800; baseline -0.001 -11"><span class='ocrx_word' id='word_1_142' title='bbox 140 1759 270 1790; x_wconf 84' lang='lat' dir='ltr'><strong>dictum</strong></span> <span class='ocrx_word' id='word_1_143' title='bbox 289 1759 390 1800; x_wconf 84' lang='lat' dir='ltr'><strong>Epig.</strong></span> <span class='ocrx_word' id='word_1_144' title='bbox 405 1762 460 1790; x_wconf 84' lang='lat'><strong>58.</strong></span> <span class='ocrx_word' id='word_1_145' title='bbox 488 1759 545 1790; x_wconf 86' lang='lat' dir='ltr'><strong>lib.</strong></span> <span class='ocrx_word' id='word_1_146' title='bbox 571 1767 607 1789; x_wconf 76' lang='lat' dir='ltr'><strong>x.</strong></span> <span class='ocrx_word' id='word_1_147' title='bbox 637 1758 694 1789; x_wconf 93' lang='lat' dir='ltr'><strong>ubi</strong></span> <span class='ocrx_word' id='word_1_148' title='bbox 720 1768 843 1798; x_wconf 85' lang='lat' dir='ltr'><strong>nempe</strong></span> 
     </span>
     <span class='ocr_line' id='line_1_27' title="bbox 139 1809 843 1850; baseline 0.003 -13"><span class='ocrx_word' id='word_1_149' title='bbox 139 1814 212 1839; x_wconf 76' lang='lat' dir='ltr'><strong>erat</strong></span> <span class='ocrx_word' id='word_1_150' title='bbox 241 1809 406 1850; x_wconf 83' lang='lat' dir='ltr'><strong>porticus,</strong></span> <span class='ocrx_word' id='word_1_151' title='bbox 437 1809 603 1850; x_wconf 87' lang='lat' dir='ltr'><strong>adquam</strong></span> <span class='ocrx_word' id='word_1_152' title='bbox 635 1809 734 1839; x_wconf 85' lang='lat' dir='ltr'><strong>multi</strong></span> <span class='ocrx_word' id='word_1_153' title='bbox 766 1818 843 1839; x_wconf 86' lang='lat' dir='ltr'><strong>con-</strong></span> 
     </span>
     <span class='ocr_line' id='line_1_28' title="bbox 139 1859 605 1891; baseline 0 -2"><span class='ocrx_word' id='word_1_154' title='bbox 139 1860 323 1891; x_wconf 83' lang='lat' dir='ltr'><strong>veniebant</strong></span> <span class='ocrx_word' id='word_1_155' title='bbox 340 1859 605 1891; x_wconf 79' lang='lat' dir='ltr'><strong>confabulaturi.</strong></span> 
     </span>
    </p>

    <p class='ocr_par' dir='ltr' id='par_1_17' title="bbox 139 1909 842 2101">
     <span class='ocr_line' id='line_1_29' title="bbox 186 1909 840 1950; baseline -0.003 -9"><span class='ocrx_word' id='word_1_156' title='bbox 186 1913 220 1941; x_wconf 87' lang='lat' dir='ltr'><strong>ll</strong></span> <span class='ocrx_word' id='word_1_157' title='bbox 250 1910 432 1950; x_wconf 80' lang='lat' dir='ltr'><strong>Pompeius]</strong></span> <span class='ocrx_word' id='word_1_158' title='bbox 470 1909 547 1940; x_wconf 87' lang='lat' dir='ltr'><strong>Hoc</strong></span> <span class='ocrx_word' id='word_1_159' title='bbox 586 1914 650 1948; x_wconf 84' lang='lat' dir='ltr'><strong>est,</strong></span> <span class='ocrx_word' id='word_1_160' title='bbox 689 1909 840 1949; x_wconf 86' lang='lat' dir='ltr'><strong>porticus</strong></span> 
     </span>
     <span class='ocr_line' id='line_1_30' title="bbox 139 1959 840 2002; baseline -0.004 -10"><span class='ocrx_word' id='word_1_161' title='bbox 139 1961 365 2002; x_wconf 84' lang='lat' dir='ltr'><strong>Pompeiana,</strong></span> <span class='ocrx_word' id='word_1_162' title='bbox 386 1961 428 1991; x_wconf 88' lang='lat' dir='ltr'><strong>de</strong></span> <span class='ocrx_word' id='word_1_163' title='bbox 450 1970 517 2001; x_wconf 86' lang='lat' dir='ltr'><strong>qua</strong></span> <span class='ocrx_word' id='word_1_164' title='bbox 541 1960 641 2000; x_wconf 83' lang='lat' dir='ltr'><strong>Epig.</strong></span> <span class='ocrx_word' id='word_1_165' title='bbox 660 1962 712 1990; x_wconf 67' lang='lat'><strong>14.</strong></span> <span class='ocrx_word' id='word_1_166' title='bbox 728 1959 785 1990; x_wconf 89' lang='lat' dir='ltr'><strong>lib.</strong></span> <span class='ocrx_word' id='word_1_167' title='bbox 803 1968 840 1990; x_wconf 84' lang='lat'><strong>11.</strong></span> 
     </span>
     <span class='ocr_line' id='line_1_31' title="bbox 139 2009 842 2052; baseline -0.001 -11"><span class='ocrx_word' id='word_1_168' title='bbox 139 2011 195 2042; x_wconf 89' lang='lat' dir='ltr'><strong>ubi</strong></span> <span class='ocrx_word' id='word_1_169' title='bbox 213 2016 248 2042; x_wconf 88' lang='lat' dir='ltr'><strong>et</strong></span> <span class='ocrx_word' id='word_1_170' title='bbox 263 2011 306 2043; x_wconf 87' lang='lat' dir='ltr'><strong>de</strong></span> <span class='ocrx_word' id='word_1_171' title='bbox 333 2011 471 2052; x_wconf 81' lang='lat' dir='ltr'><strong>porticu</strong></span> <span class='ocrx_word' id='word_1_172' title='bbox 497 2011 666 2051; x_wconf 50' lang='lat' dir='ltr'><strong>Europa,</strong></span> <span class='ocrx_word' id='word_1_173' title='bbox 681 2019 755 2051; x_wconf 90' lang='lat' dir='ltr'><strong>quae</strong></span> <span class='ocrx_word' id='word_1_174' title='bbox 771 2009 842 2040; x_wconf 80' lang='lat' dir='ltr'><strong>filia</strong></span> 
     </span>
     <span class='ocr_line' id='line_1_32' title="bbox 139 2060 606 2101; baseline 0 -9"><span class='ocrx_word' id='word_1_175' title='bbox 139 2060 206 2092; x_wconf 85' lang='lat' dir='ltr'><strong>fuit</strong></span> <span class='ocrx_word' id='word_1_176' title='bbox 222 2061 404 2101; x_wconf 81' lang='lat' dir='ltr'><strong>Agenoris.</strong></span> <span class='ocrx_word' id='word_1_177' title='bbox 604 2062 606 2064; x_wconf 82' lang='grc'><strong>’</strong></span> 
     </span>
    </p>

    <p class='ocr_par' dir='ltr' id='par_1_18' title="bbox 139 2112 842 2356">
     <span class='ocr_line' id='line_1_33' title="bbox 184 2112 840 2154; baseline -0.003 -11"><span class='ocrx_word' id='word_1_178' title='bbox 184 2115 224 2143; x_wconf 83' lang='lat'><strong>12</strong></span> <span class='ocrx_word' id='word_1_179' title='bbox 260 2112 318 2144; x_wconf 89' lang='lat' dir='ltr'><strong>Vel</strong></span> <span class='ocrx_word' id='word_1_180' title='bbox 351 2113 462 2154; x_wconf 83' lang='lat' dir='ltr'><strong>primoe</strong></span> <span class='ocrx_word' id='word_1_181' title='bbox 492 2112 647 2152; x_wconf 72' lang='lat' dir='ltr'><strong>dominus]</strong></span> <span class='ocrx_word' id='word_1_182' title='bbox 679 2112 840 2144; x_wconf 82' lang='lat' dir='ltr'><strong>Jasonem</strong></span> 
     </span>
     <span class='ocr_line' id='line_1_34' title="bbox 139 2164 842 2204; baseline -0.001 -10"><span class='ocrx_word' id='word_1_183' title='bbox 139 2164 312 2204; x_wconf 78' lang='lat' dir='ltr'><strong>intelligit,</strong></span> <span class='ocrx_word' id='word_1_184' title='bbox 346 2174 444 2204; x_wconf 87' lang='lat' dir='ltr'><strong>quem</strong></span> <span class='ocrx_word' id='word_1_185' title='bbox 478 2164 582 2194; x_wconf 76' lang='lat' dir='ltr'><strong>sumit</strong></span> <span class='ocrx_word' id='word_1_186' title='bbox 611 2172 673 2203; x_wconf 85' lang='lat' dir='ltr'><strong>pro</strong></span> <span class='ocrx_word' id='word_1_187' title='bbox 704 2165 842 2203; x_wconf 84' lang='lat' dir='ltr'><strong>porticu</strong></span> 
     </span>
     <span class='ocr_line' id='line_1_35' title="bbox 140 2215 842 2256; baseline 0 -10"><span class='ocrx_word' id='word_1_188' title='bbox 140 2216 428 2256; x_wconf 80' lang='lat' dir='ltr'><strong>Argonautarum,</strong></span> <span class='ocrx_word' id='word_1_189' title='bbox 459 2217 557 2256; x_wconf 83' lang='lat' dir='ltr'><strong>Epig.</strong></span> <span class='ocrx_word' id='word_1_190' title='bbox 584 2218 636 2248; x_wconf 74' lang='lat'><strong>14.</strong></span> <span class='ocrx_word' id='word_1_191' title='bbox 662 2215 720 2246; x_wconf 89' lang='lat' dir='ltr'><strong>lib.</strong></span> <span class='ocrx_word' id='word_1_192' title='bbox 749 2225 788 2247; x_wconf 85' lang='lat'><strong>11.</strong></span> <span class='ocrx_word' id='word_1_193' title='bbox 807 2221 842 2246; x_wconf 88' lang='lat' dir='ltr'><strong>et</strong></span> 
     </span>
     <span class='ocr_line' id='line_1_36' title="bbox 141 2266 841 2307; baseline -0.001 -11"><span class='ocrx_word' id='word_1_194' title='bbox 141 2266 241 2307; x_wconf 82' lang='lat' dir='ltr'><strong>Epig.</strong></span> <span class='ocrx_word' id='word_1_195' title='bbox 258 2269 312 2298; x_wconf 80' lang='lat'><strong>20.</strong></span> <span class='ocrx_word' id='word_1_196' title='bbox 329 2266 387 2297; x_wconf 90' lang='lat' dir='ltr'><strong>lib.</strong></span> <span class='ocrx_word' id='word_1_197' title='bbox 404 2275 460 2297; x_wconf 87' lang='lat'>111.</span> <span class='ocrx_word' id='word_1_198' title='bbox 472 2266 578 2297; x_wconf 84' lang='lat' dir='ltr'><strong>Jason</strong></span> <span class='ocrx_word' id='word_1_199' title='bbox 596 2275 675 2297; x_wconf 82' lang='lat' dir='ltr'><strong>vero</strong></span> <span class='ocrx_word' id='word_1_200' title='bbox 693 2266 841 2297; x_wconf 81' lang='lat' dir='ltr'><strong>omnium</strong></span> 
     </span>
     <span class='ocr_line' id='line_1_37' title="bbox 141 2315 764 2356; baseline 0.002 -11"><span class='ocrx_word' id='word_1_201' title='bbox 141 2316 268 2356; x_wconf 83' lang='lat' dir='ltr'><strong>primus</strong></span> <span class='ocrx_word' id='word_1_202' title='bbox 285 2316 461 2355; x_wconf 82' lang='lat' dir='ltr'><strong>navigasse</strong></span> <span class='ocrx_word' id='word_1_203' title='bbox 477 2315 588 2347; x_wconf 81' lang='lat' dir='ltr'><strong>fertur</strong></span> <span class='ocrx_word' id='word_1_204' title='bbox 605 2326 624 2346; x_wconf 87' lang='lat' dir='ltr'><strong>a</strong></span> <span class='ocrx_word' id='word_1_205' title='bbox 640 2316 764 2356; x_wconf 73' lang='lat' dir='ltr'><strong>poetis.</strong></span> 
     </span>
    </p>

    <p class='ocr_par' dir='ltr' id='par_1_19' title="bbox 187 2365 842 2408">
     <span class='ocr_line' id='line_1_38' title="bbox 187 2365 842 2408; baseline 0.002 -11"><span class='ocrx_word' id='word_1_206' title='bbox 187 2366 294 2407; x_wconf 77' lang='lat' dir='ltr'><strong>Levis]</strong></span> <span class='ocrx_word' id='word_1_207' title='bbox 322 2366 377 2398; x_wconf 81' lang='lat' dir='ltr'><strong>Ad</strong></span> <span class='ocrx_word' id='word_1_208' title='bbox 408 2376 528 2398; x_wconf 84' lang='lat' dir='ltr'><strong>navem</strong></span> <span class='ocrx_word' id='word_1_209' title='bbox 564 2366 656 2408; x_wconf 79' lang='lat' dir='ltr'><strong>Argo</strong></span> <span class='ocrx_word' id='word_1_210' title='bbox 689 2365 842 2398; x_wconf 82' lang='lat' dir='ltr'><strong>referunt</strong></span> 
     </span>
    </p>
   </div>
   <div class='ocr_carea' id='block_1_8' title="bbox 890 1505 1604 2408">
    <p class='ocr_par' dir='ltr' id='par_1_20' title="bbox 897 1505 1604 1699">
     <span class='ocr_line' id='line_1_39' title="bbox 898 1505 1604 1546; baseline 0.001 -11"><span class='ocrx_word' id='word_1_211' title='bbox 898 1506 1014 1546; x_wconf 86' lang='lat' dir='ltr'><strong>aliqui,</strong></span> <span class='ocrx_word' id='word_1_212' title='bbox 1031 1515 1105 1546; x_wconf 78' lang='lat' dir='ltr'><strong>quae</strong></span> <span class='ocrx_word' id='word_1_213' title='bbox 1135 1506 1218 1536; x_wconf 80' lang='lat' dir='ltr'><strong>levis</strong></span> <span class='ocrx_word' id='word_1_214' title='bbox 1244 1505 1337 1536; x_wconf 82' lang='lat' dir='ltr'><strong>dicta</strong></span> <span class='ocrx_word' id='word_1_215' title='bbox 1360 1508 1413 1536; x_wconf 87' lang='lat' dir='ltr'><strong>est</strong></span> <span class='ocrx_word' id='word_1_216' title='bbox 1438 1514 1458 1535; x_wconf 79' lang='lat' dir='ltr'><strong>a</strong></span> <span class='ocrx_word' id='word_1_217' title='bbox 1483 1505 1604 1536; x_wconf 81' lang='lat' dir='ltr'><strong>celeri-</strong></span> 
     </span>
     <span class='ocr_line' id='line_1_40' title="bbox 898 1555 1604 1596; baseline 0 -10"><span class='ocrx_word' id='word_1_218' title='bbox 898 1561 990 1586; x_wconf 74' lang='lat' dir='ltr'><strong>tate:</strong></span> <span class='ocrx_word' id='word_1_219' title='bbox 1016 1556 1110 1596; x_wconf 65' lang='grc' dir='ltr'>ἀργὸς</span> <span class='ocrx_word' id='word_1_220' title='bbox 1135 1556 1223 1587; x_wconf 80' lang='lat' dir='ltr'><strong>enim</strong></span> <span class='ocrx_word' id='word_1_221' title='bbox 1254 1556 1375 1587; x_wconf 85' lang='lat' dir='ltr'><strong>Latine</strong></span> <span class='ocrx_word' id='word_1_222' title='bbox 1392 1555 1493 1586; x_wconf 85' lang='lat' dir='ltr'><strong>velox</strong></span> <span class='ocrx_word' id='word_1_223' title='bbox 1521 1555 1604 1586; x_wconf 87' lang='lat' dir='ltr'><strong>dici-</strong></span> 
     </span>
     <span class='ocr_line' id='line_1_41' title="bbox 897 1606 1604 1645; baseline -0.001 -7"><span class='ocrx_word' id='word_1_224' title='bbox 897 1609 975 1638; x_wconf 84' lang='lat' dir='ltr'><strong>tur:</strong></span> <span class='ocrx_word' id='word_1_225' title='bbox 1000 1607 1058 1637; x_wconf 82' lang='lat' dir='ltr'><strong>sed</strong></span> <span class='ocrx_word' id='word_1_226' title='bbox 1078 1607 1118 1638; x_wconf 89' lang='lat' dir='ltr'><strong>ad</strong></span> <span class='ocrx_word' id='word_1_227' title='bbox 1137 1607 1298 1639; x_wconf 82' lang='lat' dir='ltr'><strong>Jasonem</strong></span> <span class='ocrx_word' id='word_1_228' title='bbox 1315 1606 1435 1637; x_wconf 88' lang='lat' dir='ltr'><strong>melius</strong></span> <span class='ocrx_word' id='word_1_229' title='bbox 1461 1606 1604 1645; x_wconf 82' lang='lat' dir='ltr'><strong>referas,</strong></span> 
     </span>
     <span class='ocr_line' id='line_1_42' title="bbox 899 1656 1581 1699; baseline 0 -11"><span class='ocrx_word' id='word_1_230' title='bbox 899 1658 1033 1699; x_wconf 74' lang='lat' dir='ltr'><strong>quisuis</strong></span> <span class='ocrx_word' id='word_1_231' title='bbox 1051 1658 1084 1688; x_wconf 88' lang='lat' dir='ltr'><strong>in</strong></span> <span class='ocrx_word' id='word_1_232' title='bbox 1098 1658 1268 1688; x_wconf 79' lang='lat' dir='ltr'><strong>amoribus</strong></span> <span class='ocrx_word' id='word_1_233' title='bbox 1282 1658 1477 1688; x_wconf 86' lang='lat' dir='ltr'><strong>inconstans</strong></span> <span class='ocrx_word' id='word_1_234' title='bbox 1502 1656 1581 1688; x_wconf 84' lang='lat' dir='ltr'><strong>fuit.</strong></span> 
     </span>
    </p>

    <p class='ocr_par' dir='ltr' id='par_1_21' title="bbox 899 1707 1604 1800">
     <span class='ocr_line' id='line_1_43' title="bbox 943 1707 1604 1748; baseline -0.002 -10"><span class='ocrx_word' id='word_1_235' title='bbox 943 1710 980 1739; x_wconf 79' lang='grc'><strong>14</strong></span> <span class='ocrx_word' id='word_1_236' title='bbox 1008 1707 1134 1748; x_wconf 82' lang='lat' dir='ltr'><strong>Tineas]</strong></span> <span class='ocrx_word' id='word_1_237' title='bbox 1158 1708 1235 1739; x_wconf 85' lang='lat' dir='ltr'><strong>Hoc</strong></span> <span class='ocrx_word' id='word_1_238' title='bbox 1252 1713 1320 1746; x_wconf 87' lang='lat' dir='ltr'><strong>est,</strong></span> <span class='ocrx_word' id='word_1_239' title='bbox 1343 1717 1418 1738; x_wconf 82' lang='lat' dir='ltr'><strong>mea</strong></span> <span class='ocrx_word' id='word_1_240' title='bbox 1444 1707 1604 1746; x_wconf 82' lang='lat' dir='ltr'><strong>carmina,</strong></span> 
     </span>
     <span class='ocr_line' id='line_1_44' title="bbox 899 1757 1548 1800; baseline -0.002 -11"><span class='ocrx_word' id='word_1_241' title='bbox 899 1770 974 1800; x_wconf 79' lang='lat' dir='ltr'><strong>quae</strong></span> <span class='ocrx_word' id='word_1_242' title='bbox 988 1759 1088 1790; x_wconf 81' lang='lat' dir='ltr'><strong>tineis</strong></span> <span class='ocrx_word' id='word_1_243' title='bbox 1099 1769 1185 1790; x_wconf 75' lang='lat' dir='ltr'><strong>esca·</strong></span> <span class='ocrx_word' id='word_1_244' title='bbox 1204 1759 1349 1799; x_wconf 82' lang='lat' dir='ltr'><strong>relinqui</strong></span> <span class='ocrx_word' id='word_1_245' title='bbox 1366 1757 1548 1789; x_wconf 88' lang='lat' dir='ltr'><strong>deberent.</strong></span> 
     </span>
    </p>

    <p class='ocr_par' dir='ltr' id='par_1_22' title="bbox 890 1808 1602 2049">
     <span class='ocr_line' id='line_1_45' title="bbox 942 1808 1601 1849; baseline -0.002 -9"><span class='ocrx_word' id='word_1_246' title='bbox 942 1812 979 1840; x_wconf 88' lang='grc'><strong>15</strong></span> <span class='ocrx_word' id='word_1_247' title='bbox 1006 1810 1067 1840; x_wconf 76' lang='lat' dir='ltr'><strong>Sed</strong></span> <span class='ocrx_word' id='word_1_248' title='bbox 1091 1820 1158 1840; x_wconf 81' lang='lat' dir='ltr'><strong>cum</strong></span> <span class='ocrx_word' id='word_1_249' title='bbox 1181 1809 1319 1849; x_wconf 79' lang='lat' dir='ltr'><strong>sponsio]</strong></span> <span class='ocrx_word' id='word_1_250' title='bbox 1340 1809 1521 1840; x_wconf 84' lang='lat' dir='ltr'><strong>Turnebus</strong></span> <span class='ocrx_word' id='word_1_251' title='bbox 1542 1808 1601 1839; x_wconf 88' lang='lat' dir='ltr'><strong>lib.</strong></span> 
     </span>
     <span class='ocr_line' id='line_1_46' title="bbox 897 1859 1601 1900; baseline -0.001 -11"><span class='ocrx_word' id='word_1_252' title='bbox 897 1868 979 1890; x_wconf 80' lang='lat' dir='ltr'><strong>viu.</strong></span> <span class='ocrx_word' id='word_1_253' title='bbox 995 1869 1025 1891; x_wconf 91' lang='lat' dir='ltr'><strong>c.</strong></span> <span class='ocrx_word' id='word_1_254' title='bbox 1051 1862 1083 1890; x_wconf 84' lang='grc'><strong>4.</strong></span> <span class='ocrx_word' id='word_1_255' title='bbox 1127 1860 1337 1899; x_wconf 74' lang='lat' dir='ltr'><strong>Sponsiones</strong></span> <span class='ocrx_word' id='word_1_256' title='bbox 1362 1859 1480 1900; x_wconf 84' lang='lat' dir='ltr'><strong>populi</strong></span> <span class='ocrx_word' id='word_1_257' title='bbox 1498 1859 1601 1898; x_wconf 84' lang='lat' dir='ltr'><strong>depo-</strong></span> 
     </span>
     <span class='ocr_line' id='line_1_47' title="bbox 896 1909 1602 1950; baseline 0 -11"><span class='ocrx_word' id='word_1_258' title='bbox 896 1910 969 1940; x_wconf 84' lang='lat' dir='ltr'><strong>sitis</strong></span> <span class='ocrx_word' id='word_1_259' title='bbox 986 1909 1199 1949; x_wconf 73' lang='lat' dir='ltr'><strong>pignoribus,</strong></span> <span class='ocrx_word' id='word_1_260' title='bbox 1211 1915 1269 1940; x_wconf 88' lang='lat' dir='ltr'><strong>aut</strong></span> <span class='ocrx_word' id='word_1_261' title='bbox 1281 1910 1427 1950; x_wconf 87' lang='lat' dir='ltr'><strong>pecunia</strong></span> <span class='ocrx_word' id='word_1_262' title='bbox 1444 1909 1486 1940; x_wconf 90' lang='lat' dir='ltr'><strong>de</strong></span> <span class='ocrx_word' id='word_1_263' title='bbox 1499 1910 1602 1940; x_wconf 87' lang='lat' dir='ltr'><strong>alicu-</strong></span> 
     </span>
     <span class='ocr_line' id='line_1_48' title="bbox 890 1949 1602 2000; baseline 0.001 -11"><span class='ocrx_word' id='word_1_264' title='bbox 890 1960 947 2000; x_wconf 80' lang='lat' dir='ltr'><strong>jus</strong></span> <span class='ocrx_word' id='word_1_265' title='bbox 978 1960 1156 2000; x_wconf 71' lang='lat' dir='ltr'><strong>agitatoris</strong></span> <span class='ocrx_word' id='word_1_266' title='bbox 1189 1949 1333 1991; x_wconf 77' lang='lat' dir='ltr'><strong>victoria</strong></span> <span class='ocrx_word' id='word_1_267' title='bbox 1366 1959 1476 1991; x_wconf 85' lang='lat' dir='ltr'><strong>factas</strong></span> <span class='ocrx_word' id='word_1_268' title='bbox 1503 1960 1602 1990; x_wconf 82' lang='lat' dir='ltr'><strong>iutel-</strong></span> 
     </span>
     <span class='ocr_line' id='line_1_49' title="bbox 897 2009 986 2049; baseline 0.034 -10"><span class='ocrx_word' id='word_1_269' title='bbox 897 2009 986 2049; x_wconf 84' lang='lat' dir='ltr'><strong>ligit.</strong></span> 
     </span>
    </p>

    <p class='ocr_par' dir='ltr' id='par_1_23' title="bbox 895 2060 1602 2408">
     <span class='ocr_line' id='line_1_50' title="bbox 940 2060 1601 2102; baseline -0.002 -11"><span class='ocrx_word' id='word_1_270' title='bbox 940 2064 981 2092; x_wconf 79' lang='lat'><strong>16</strong></span> <span class='ocrx_word' id='word_1_271' title='bbox 1018 2061 1070 2092; x_wconf 89' lang='lat' dir='ltr'><strong>De</strong></span> <span class='ocrx_word' id='word_1_272' title='bbox 1106 2060 1236 2102; x_wconf 83' lang='lat' dir='ltr'><strong>Scorpo]</strong></span> <span class='ocrx_word' id='word_1_273' title='bbox 1270 2061 1387 2092; x_wconf 88' lang='lat' dir='ltr'><strong>Nobili</strong></span> <span class='ocrx_word' id='word_1_274' title='bbox 1433 2060 1601 2101; x_wconf 81' lang='lat' dir='ltr'><strong>agitatore</strong></span> 
     </span>
     <span class='ocr_line' id='line_1_51' title="bbox 895 2111 1602 2152; baseline -0.001 -10"><span class='ocrx_word' id='word_1_275' title='bbox 895 2117 1009 2142; x_wconf 86' lang='lat' dir='ltr'><strong>actum</strong></span> <span class='ocrx_word' id='word_1_276' title='bbox 1031 2112 1131 2152; x_wconf 85' lang='lat' dir='ltr'><strong>Epig.</strong></span> <span class='ocrx_word' id='word_1_277' title='bbox 1156 2114 1209 2142; x_wconf 83' lang='lat'><strong>50.</strong></span> <span class='ocrx_word' id='word_1_278' title='bbox 1231 2112 1289 2143; x_wconf 89' lang='lat' dir='ltr'><strong>lib.</strong></span> <span class='ocrx_word' id='word_1_279' title='bbox 1315 2120 1352 2143; x_wconf 82' lang='lat' dir='ltr'><strong>x.</strong></span> <span class='ocrx_word' id='word_1_280' title='bbox 1396 2111 1602 2143; x_wconf 76' lang='lat' dir='ltr'><strong>‘Incitatus’</strong></span> 
     </span>
     <span class='ocr_line' id='line_1_52' title="bbox 897 2161 1600 2203; baseline 0 -11"><span class='ocrx_word' id='word_1_281' title='bbox 897 2161 963 2193; x_wconf 84' lang='lat' dir='ltr'><strong>fuit</strong></span> <span class='ocrx_word' id='word_1_282' title='bbox 981 2162 1083 2193; x_wconf 73' lang='lat' dir='ltr'><strong>etiam</strong></span> <span class='ocrx_word' id='word_1_283' title='bbox 1111 2164 1241 2202; x_wconf 81' lang='lat' dir='ltr'><strong>auriga,</strong></span> <span class='ocrx_word' id='word_1_284' title='bbox 1268 2163 1368 2203; x_wconf 77' lang='lat' dir='ltr'><strong>Epig.</strong></span> <span class='ocrx_word' id='word_1_285' title='bbox 1396 2165 1450 2194; x_wconf 79' lang='lat'><strong>76.</strong></span> <span class='ocrx_word' id='word_1_286' title='bbox 1476 2162 1536 2192; x_wconf 90' lang='lat' dir='ltr'><strong>lib.</strong></span> <span class='ocrx_word' id='word_1_287' title='bbox 1564 2170 1600 2192; x_wconf 86' lang='lat' dir='ltr'><strong>x.</strong></span> 
     </span>
     <span class='ocr_line' id='line_1_53' title="bbox 897 2212 1602 2254; baseline -0.003 -10"><span class='ocrx_word' id='word_1_288' title='bbox 897 2212 1102 2244; x_wconf 82' lang='lat' dir='ltr'><strong>‘Incitatus&#39;</strong></span> <span class='ocrx_word' id='word_1_289' title='bbox 1134 2218 1249 2244; x_wconf 80' lang='lat' dir='ltr'><strong>tamen</strong></span> <span class='ocrx_word' id='word_1_290' title='bbox 1283 2212 1375 2254; x_wconf 89' lang='lat' dir='ltr'><strong>apud</strong></span> <span class='ocrx_word' id='word_1_291' title='bbox 1401 2212 1602 2243; x_wconf 88' lang='lat' dir='ltr'><strong>Suetonium</strong></span> 
     </span>
     <span class='ocr_line' id='line_1_54' title="bbox 897 2261 1601 2305; baseline -0.003 -11"><span class='ocrx_word' id='word_1_292' title='bbox 897 2273 971 2304; x_wconf 85' lang='lat' dir='ltr'><strong>cap.</strong></span> <span class='ocrx_word' id='word_1_293' title='bbox 995 2267 1049 2294; x_wconf 85' lang='lat'><strong>55.</strong></span> <span class='ocrx_word' id='word_1_294' title='bbox 1064 2264 1098 2294; x_wconf 89' lang='lat' dir='ltr'><strong>in</strong></span> <span class='ocrx_word' id='word_1_295' title='bbox 1126 2264 1294 2304; x_wconf 81' lang='lat' dir='ltr'><strong>Caligula,</strong></span> <span class='ocrx_word' id='word_1_296' title='bbox 1309 2273 1417 2305; x_wconf 83' lang='lat' dir='ltr'><strong>equus</strong></span> <span class='ocrx_word' id='word_1_297' title='bbox 1444 2261 1522 2298; x_wconf 81' lang='lat' dir='ltr'><strong>fuit,</strong></span> <span class='ocrx_word' id='word_1_298' title='bbox 1545 2262 1601 2294; x_wconf 86' lang='lat' dir='ltr'><strong>cui</strong></span> 
     </span>
     <span class='ocr_line' id='line_1_55' title="bbox 898 2314 1601 2348; baseline -0.003 -1"><span class='ocrx_word' id='word_1_299' title='bbox 898 2316 1118 2347; x_wconf 79' lang='lat' dir='ltr'><strong>Consulatum</strong></span> <span class='ocrx_word' id='word_1_300' title='bbox 1145 2315 1338 2348; x_wconf 75' lang='lat' dir='ltr'><strong>destinasse</strong></span> <span class='ocrx_word' id='word_1_301' title='bbox 1363 2314 1511 2346; x_wconf 80' lang='lat' dir='ltr'><strong>traditur</strong></span> <span class='ocrx_word' id='word_1_302' title='bbox 1538 2314 1601 2345; x_wconf 82' lang='lat' dir='ltr'><strong>Ca-</strong></span> 
     </span>
     <span class='ocr_line' id='line_1_56' title="bbox 897 2367 1014 2408; baseline 0.009 -10"><span class='ocrx_word' id='word_1_303' title='bbox 897 2367 1014 2408; x_wconf 84' lang='lat' dir='ltr'><strong>ligula.</strong></span> 
     </span>
    </p>
   </div>
   <div class='ocr_carea' id='block_1_9' title="bbox 845 2489 910 2530">
    <p class='ocr_par' dir='ltr' id='par_1_24' title="bbox 845 2489 910 2530">
     <span class='ocr_line' id='line_1_57' title="bbox 845 2489 910 2530; baseline 0 -1"><span class='ocrx_word' id='word_1_304' title='bbox 845 2489 910 2530; x_wconf 91' lang='lat' dir='ltr'><strong>II.</strong></span> 
     </span>
    </p>
   </div>
   <div class='ocr_carea' id='block_1_10' title="bbox 686 2578 1059 2610">
    <p class='ocr_par' dir='ltr' id='par_1_25' title="bbox 686 2578 1059 2610">
     <span class='ocr_line' id='line_1_58' title="bbox 686 2578 1059 2610; baseline 0.003 -2"><span class='ocrx_word' id='word_1_305' title='bbox 686 2579 753 2608; x_wconf 92' lang='lat' dir='ltr'><strong>AD</strong></span> <span class='ocrx_word' id='word_1_306' title='bbox 789 2578 1059 2610; x_wconf 67' lang='lat' dir='ltr'>LECTORES.</span> 
     </span>
    </p>
   </div>
   <div class='ocr_carea' id='block_1_11' title="bbox 143 2641 1236 2764">
    <p class='ocr_par' dir='ltr' id='par_1_26' title="bbox 143 2641 1236 2764">
     <span class='ocr_line' id='line_1_59' title="bbox 143 2641 1236 2701; baseline 0.004 -19"><span class='ocrx_word' id='word_1_307' title='bbox 143 2641 332 2683; x_wconf 77' lang='lat' dir='ltr'>TmSTE</span> <span class='ocrx_word' id='word_1_308' title='bbox 353 2644 648 2698; x_wconf 87' lang='lat' dir='ltr'><strong>supercilium,</strong></span> <span class='ocrx_word' id='word_1_309' title='bbox 669 2646 854 2701; x_wconf 85' lang='lat' dir='ltr'><strong>durique</strong></span> <span class='ocrx_word' id='word_1_310' title='bbox 875 2659 1029 2689; x_wconf 85' lang='lat' dir='ltr'><strong>severa</strong></span> <span class='ocrx_word' id='word_1_311' title='bbox 1049 2645 1236 2687; x_wconf 82' lang='lat' dir='ltr'><strong>Catonis</strong></span> 
     </span>
     <span class='ocr_line' id='line_1_60' title="bbox 203 2709 976 2764; baseline 0.008 -14"><span class='ocrx_word' id='word_1_312' title='bbox 203 2709 364 2760; x_wconf 85' lang='lat' dir='ltr'><strong>Frons,</strong></span> <span class='ocrx_word' id='word_1_313' title='bbox 384 2715 426 2752; x_wconf 87' lang='lat' dir='ltr'><strong>et</strong></span> <span class='ocrx_word' id='word_1_314' title='bbox 446 2713 631 2754; x_wconf 84' lang='lat' dir='ltr'><strong>aratoris</strong></span> <span class='ocrx_word' id='word_1_315' title='bbox 651 2713 743 2755; x_wconf 81' lang='lat' dir='ltr'><strong>filia</strong></span> <span class='ocrx_word' id='word_1_316' title='bbox 764 2715 976 2764; x_wconf 86' lang='lat' dir='ltr'><strong>Fabricii,</strong></span> 
     </span>
    </p>
   </div>
   <div class='ocr_carea' id='block_1_12' title="bbox 189 2833 1599 2875">
    <p class='ocr_par' dir='ltr' id='par_1_27' title="bbox 189 2833 1599 2875">
     <span class='ocr_line' id='line_1_61' title="bbox 189 2833 1599 2875; baseline -0.002 -12"><span class='ocrx_word' id='word_1_317' title='bbox 189 2833 220 2863; x_wconf 90' lang='grc' dir='ltr'><strong>Ο</strong></span> <span class='ocrx_word' id='word_1_318' title='bbox 235 2843 333 2872; x_wconf 83' lang='lat' dir='ltr'><strong>grave</strong></span> <span class='ocrx_word' id='word_1_319' title='bbox 344 2833 552 2873; x_wconf 73' lang='lat' dir='ltr'><strong>supercilium,</strong></span> <span class='ocrx_word' id='word_1_320' title='bbox 568 2837 597 2863; x_wconf 76' lang='lat' dir='ltr'><strong>et</strong></span> <span class='ocrx_word' id='word_1_321' title='bbox 612 2833 704 2869; x_wconf 75' lang='lat' dir='ltr'><strong>frons</strong></span> <span class='ocrx_word' id='word_1_322' title='bbox 721 2837 844 2865; x_wconf 75' lang='lat' dir='ltr'><strong>austera</strong></span> <span class='ocrx_word' id='word_1_323' title='bbox 862 2835 976 2873; x_wconf 77' lang='lat' dir='ltr'><strong>tristis,</strong></span> <span class='ocrx_word' id='word_1_324' title='bbox 993 2835 1134 2874; x_wconf 75' lang='lat' dir='ltr'><strong>Catonis,</strong></span> <span class='ocrx_word' id='word_1_325' title='bbox 1154 2837 1183 2864; x_wconf 76' lang='lat' dir='ltr'><strong>et</strong></span> <span class='ocrx_word' id='word_1_326' title='bbox 1196 2834 1271 2875; x_wconf 75' lang='lat' dir='ltr'><strong>filiu</strong></span> <span class='ocrx_word' id='word_1_327' title='bbox 1290 2833 1428 2865; x_wconf 72' lang='lat' dir='ltr'><strong>Fabricii</strong></span> <span class='ocrx_word' id='word_1_328' title='bbox 1452 2833 1599 2869; x_wconf 70' lang='lat' dir='ltr'><strong>aratoris,</strong></span> 
     </span>
    </p>
   </div>
   <div class='ocr_carea' id='block_1_13' title="bbox 230 2887 586 2926">
    <p class='ocr_par' dir='ltr' id='par_1_28' title="bbox 230 2887 586 2926">
     <span class='ocr_line' id='line_1_62' title="bbox 230 2887 586 2926; baseline -0.006 -8"><span class='ocrx_word' id='word_1_329' title='bbox 230 2887 346 2926; x_wconf 75' lang='lat' dir='ltr'><strong>Delph.</strong></span> <span class='ocrx_word' id='word_1_330' title='bbox 361 2891 389 2917; x_wconf 70' lang='lat' dir='ltr'><strong>et</strong></span> <span class='ocrx_word' id='word_1_331' title='bbox 412 2888 485 2917; x_wconf 80' lang='lat' dir='ltr'><strong>Vur.</strong></span> <span class='ocrx_word' id='word_1_332' title='bbox 504 2888 586 2917; x_wconf 67' lang='lat' dir='ltr'><strong>Clas.</strong></span> 
     </span>
    </p>
   </div>
   <div class='ocr_carea' id='block_1_14' title="bbox 807 2888 1513 2919">
    <p class='ocr_par' dir='ltr' id='par_1_29' title="bbox 807 2888 1513 2919">
     <span class='ocr_line' id='line_1_63' title="bbox 807 2888 1513 2919; baseline -0.001 -1"><span class='ocrx_word' id='word_1_333' title='bbox 807 2889 892 2918; x_wconf 68' lang='lat' dir='ltr'><strong>Muri</strong></span> <span class='ocrx_word' id='word_1_334' title='bbox 900 2890 954 2919; x_wconf 74' lang='lat' dir='ltr'><strong>inl.</strong></span> <span class='ocrx_word' id='word_1_335' title='bbox 1442 2890 1460 2916; x_wconf 77' lang='lat'><strong>3</strong></span> <span class='ocrx_word' id='word_1_336' title='bbox 1487 2888 1513 2917; x_wconf 56' lang='lat'><strong>1⁴:</strong></span> 
     </span>
    </p>
   </div>
  </div>
 </body>
</html>
