1893 3225
200 256 286 297 648
674 262 720 291 Μ.
756 260 866 290 VAL.
903 258 1178 289 MAn'rmms

202 362 347 413 Quam
368 359 540 401 dederis
560 358 739 407 nostris,
760 356 977 410 Auguste,
1000 354 1243 396 Penatibus
1270 353 1446 401 undam,

259 428 454 470 Castalis
476 427 573 468 haec
593 427 738 475 nobis,
758 430 833 466 aut
851 425 880 466 J
885 425 980 466 ovis
1006 424 1141 464 imber
1162 421 1255 463 erit.

202 545 325 575 Martia
350 543 427 574 mihi
444 543 600 582 obstrepat
623 541 723 572 vicino
731 540 833 579 fonte.
880 539 911 570 O
939 538 1093 577 Auguste,
1116 547 1206 577 quam
1229 547 1338 576 aquam
1351 535 1534 567 concesseris
1545 536 1659 565 nostris

199 587 328 627 cedibus,
344 586 526 618 existimabo
539 586 617 615 hanc
634 585 818 622 Castaliam,
831 586 886 614 aut
898 583 1037 623 pluriam
1053 582 1155 612 doris.

862 656 1000 688 NOTAE

243 729 262 756 8
289 724 425 756 Castalis
445 724 509 755 haec
524 723 623 763 nobis]
658 723 734 754 Hoc
761 726 827 759 est,
845 722 903 752 illa
957 728 1072 750 versus
1087 717 1152 749 fuit
1167 718 1306 758 Jupiter
1315 727 1389 747 eum
1407 716 1491 747 adiit
1501 714 1661 752 Danaen,

201 787 288 818 aqua
312 786 407 817 aeque
429 775 508 806 mihi
539 779 637 814 grata
663 775 741 813 erit,
768 782 807 803 ac
832 772 858 803 si
884 783 902 803 e
958 769 1049 800 forte
1080 770 1253 810 intelligit.
1308 770 1364 800 De
1395 778 1480 810 aqua
1510 766 1662 798 Castalia

202 827 296 858 fonte
314 826 492 857 Musarum
519 829 578 855 aut
595 823 636 854 ab
653 823 726 863 ipso
741 822 830 854 Jove
846 821 904 852 da·
958 820 1016 852 lib.
1032 830 1095 851 vu.
1114 821 1212 862 Epig.
1230 823 1282 851 22.

201 882 315 917 rotun-3
336 876 476 908 imbrem
491 884 642 914 aureum,
656 874 688 905 in
706 883 805 915 quem
823 882 902 904 con·

871 1007 992 1049 XX.

744 1098 796 1128 ΙΝ
832 1097 1118 1128 SABELLUM.

374 1170 580 1210 LAUDAS
605 1168 763 1209 balnea
784 1166 983 1208 versibus
1003 1165 1205 1206 trecentis

375 1236 604 1278 Coenantis
624 1236 734 1276 bene
755 1234 947 1283 Pontici,
971 1233 1162 1274 Sabelle.

372 1304 457 1346 Vis
479 1317 673 1352 coenare,
697 1302 892 1351 Sabelle,
913 1315 998 1343 non
1030 1301 1186 1342 lavari.

247 1415 278 1446 O
295 1414 430 1453 Sabelle,
447 1414 594 1444 trecentis
617 1412 807 1444 carminibus
831 1410 966 1441 celebras
981 1411 1087 1441 balnea
1111 1411 1240 1442 Pontici
1253 1411 1401 1442 coenantis
1417 1412 1510 1442 laute.
1556 1411 1587 1442 Ο
1605 1410 1663 1442 Su-

203 1457 291 1497 belle,
306 1458 393 1497 cupis
404 1466 536 1495 caenare,
553 1466 611 1486 non
625 1456 738 1485 lavari.

813 1504 1049 1516 eeeeeeeeeeee

245 1553 313 1583 Hic
329 1553 422 1583 nulla
447 1551 602 1582 lectionis
620 1550 765 1580 varietas
782 1549 814 1580 in
832 1549 924 1579 libris
943 1538 1075 1580 calamo
1102 1549 1250 1580 exaratis
1276 1553 1334 1580 aut
1358 1549 1450 1590 typis
1467 1549 1663 1590 impressis;

202 1596 265 1626 nisi
282 1595 371 1636 quod
389 1594 595 1625 Beverlandi
613 1594 680 1624 Ms.
704 1602 766 1633 pro
779 1591 900 1622 Sabelle
916 1602 944 1622 v.
961 1595 992 1623 2.
1017 1592 1134 1628 habet,
1160 1592 1296 1631 Fabeffle,
1317 1591 1497 1624 manifesto
1513 1601 1642 1624 errore.

858 1680 1003 1712 NOTAE

246 1750 262 1777 1
288 1747 413 1778 Laudas
439 1745 562 1785 balnea]
610 1745 689 1776 Non
724 1745 815 1786 quod
851 1745 909 1776 illa
963 1745 1038 1777 Lib.
1056 1755 1096 1777 11.
1113 1744 1214 1786 Epig.
1231 1748 1284 1776 14.

202 1797 382 1837 probabat,
400 1796 461 1827 sed
479 1796 568 1838 quod
583 1805 712 1826 coenam
730 1796 907 1836 captabat.

862 1907 1011 1948 XXI.

711 1997 779 2026 AD
814 1996 1159 2027 DoMl'rlANUM.

205 2065 343 2115 HAEC,
365 2078 465 2119 quae
487 2068 582 2105 tota
600 2069 739 2118 patet,
763 2065 1008 2118 tegiturque
1030 2069 1073 2104 et
1092 2077 1327 2115 marmore,
1351 2070 1394 2106 et
1416 2077 1538 2116 auro,

262 2132 450 2173 Infantis
471 2131 638 2172 domini
661 2133 848 2172 conscia
872 2137 987 2172 terra
1009 2131 1103 2172 fuit.

205 2199 353 2249 Felix,
375 2212 477 2252 quae
497 2199 630 2239 tantis
652 2199 802 2239 sonuit
823 2200 1056 2251 vagitibus,
1079 2205 1126 2239 et
1146 2213 1246 2253 quae

259 2267 389 2308 Vidit
409 2271 653 2320 reptantes,
676 2267 973 2320 sustinuitque
992 2279 1145 2307 manus
1163 2269 1172 2308 l

247 2378 326 2408 Hoec
338 2378 428 2408 tellus
441 2387 508 2417 quoe
523 2376 632 2414 facilis
643 2378 733 2408 aditu
749 2380 815 2407 tota
829 2378 950 2416 tegitur·
966 2381 995 2408 et
1012 2387 1176 2415 marmore,
1191 2380 1221 2407 et
1237 2387 1323 2415 auro,
1334 2376 1401 2414 fuit
1416 2378 1534 2409 conscia
1545 2379 1662 2410 domini

200 2420 343 2457 infantis.
392 2421 493 2451 Beata
504 2430 570 2460 quae
585 2421 686 2451 sonuit
707 2420 806 2451 tantis
824 2420 997 2460 vagit-ibus,
1014 2424 1043 2451 et
1059 2430 1126 2460 quae
1139 2421 1289 2460 spectavit
1305 2424 1335 2451 et
1343 2420 1440 2458 fulsit
1463 2431 1571 2453 manus
1593 2433 1663 2464 rep-

813 2494 830 2505 e
836 2495 851 2506 e
855 2495 970 2507 ‘oeno-‘ve
975 2495 1030 2506 eea
1034 2496 1050 2506 e

242 2541 260 2568 3
286 2537 389 2569 Foelix
403 2547 419 2566 o
436 2537 534 2567 {antis
548 2536 602 2567 ed.
619 2537 725 2578 antiq.
751 2537 884 2567 Fen-ar.
902 2546 954 2568 an.
971 2540 1066 2568 1471.
1091 2538 1260 2569 Gruterus
1288 2538 1492 2579 scripturam
1510 2539 1662 2571 Palatini

200 2580 336 2623 probat,
346 2580 492 2621 legentis
507 2590 513 2610 :
541 2579 661 2616 Ofelix
677 2580 800 2620 quantis
814 2579 916 2611 sonuit
933 2581 1102 2619 vagitibus,
1124 2585 1153 2611 et
1169 2591 1253 2621 quas.
1300 2581 1374 2612 Nec
1391 2582 1527 2614 dubitat
1544 2583 1587 2614 de
1605 2593 1660 2614 ve-

862 2654 1002 2686 NOTAE

246 2724 261 2752 1
288 2720 379 2757 Ham,
395 2730 462 2760 quoe
489 2723 556 2750 tota
577 2719 678 2760 patet]
712 2719 789 2750 Illic
815 2721 903 2750 enim
960 2725 1096 2760 possunt
1115 2730 1230 2750 omues
1248 2721 1352 2752 adire.

201 2770 375 2803 conditum
394 2775 446 2801 est
469 2770 631 2810 templum
651 2770 776 2800 Flaviae
793 2772 904 2810 gentis
1001 2774 1020 2801 2
1047 2771 1182 2807 Infantis
1197 2772 1328 2812 domini]
1369 2772 1435 2804 Hic
1463 2773 1557 2804 locus
1586 2784 1662 2805 nas-

199 2830 424 2854 marmoreum
448 2825 550 2862 atque
580 2821 783 2861 inauratum,
813 2822 902 2862 quod
959 2827 1092 2854 centem
1113 2822 1346 2855 Domitianum
1362 2824 1512 2864 excepit.
