1893 3225
542 250 945 281 EPmRAMMA‘ruM
984 250 1074 278 mss.
1108 249 1214 279 xw.
1519 236 1604 276 957

703 491 1051 522 APOPHORETA.

158 561 409 602 LEMMATA
434 561 472 601 si
494 560 658 614 quaeris
681 572 758 601 cur
777 560 866 600 sint
886 559 1099 612 ascripta,
1121 558 1318 601 docebo:

212 629 290 678 Ut,
313 629 352 669 si
374 628 594 678 malueris,
616 628 827 669 lemmata
850 628 946 668 sola
966 627 1104 680 legas.

195 734 231 765 Si
246 745 338 774 rogas
353 745 406 765 cur
423 735 510 766 tituli
523 736 587 766 sint
602 735 744 776 ascripti,
765 735 884 766 dicam:
907 739 943 766 ut
959 736 1045 775 legas
1059 736 1138 766 solos
1154 735 1274 774 titulos,
1297 735 1325 765 si
1340 734 1476 766 libuerit.

761 828 994 839 000000000000

193 881 290 912 Duos
307 886 497 921 postremos
511 892 624 913 versus
642 882 739 923 primi
760 883 879 924 Epigr.
893 881 1059 914 transfert
1074 881 1128 913 ed.
1146 881 1249 913 Barb.
1272 881 1314 912 ad
1331 881 1393 913 hoc
1408 879 1607 918 secundnm,

152 924 205 954 cui
219 923 278 955 dat
293 925 431 956 titulum
453 925 506 956 Ad
514 926 650 956 eundem.

808 968 946 999 NOTAE

194 1030 409 1072 Apophoreta]
430 1031 518 1062 Vide
531 1041 644 1072 supra.
668 1031 760 1062 Hinc
773 1041 851 1062 con·
907 1031 985 1063 Hoc
1002 1031 1183 1063 distichum
1199 1031 1303 1073 aliqui
1318 1041 1384 1063 non
1411 1035 1572 1072 separant
1590 1039 1607 1060 a

150 1085 218 1112 stat
234 1090 315 1112 xm.
332 1088 366 1112 et
384 1091 461 1114 xw.
475 1082 594 1113 saltem
606 1082 853 1112 librilemmata
907 1082 1015 1123 primo
1034 1083 1136 1123 Epig.

153 1141 210 1162 seu
227 1138 428 1172 argumenta
455 1142 529 1164 esse
553 1133 657 1173 ipsius
671 1132 850 1163 Martialis.

831 1312 922 1353 ΙΙΙ.

617 1400 934 1432 PUGILLARES
969 1402 1154 1433 crrssffl.

151 1473 313 1513 SECTA
334 1469 418 1509 nisi
440 1469 483 1509 in
505 1470 658 1509 tenues
677 1481 875 1509 essemus
895 1469 1017 1522 ligna
1038 1470 1246 1519 tabellas,

216 1538 428 1579 Essemus
450 1537 610 1590 Libyci
633 1536 784 1577 nobile
807 1536 954 1578 dentis
977 1551 1106 1579 onuS.

200 1658 272 1688 Nisi
297 1666 428 1688 essemus
456 1657 543 1696 ligna
567 1655 667 1686 divisa
696 1653 730 1684 in
757 1655 864 1684 tenues
893 1654 1038 1696 laminas,
1063 1666 1195 1688 essemus
1223 1666 1300 1688 onus
1327 1658 1480 1696 proestans
1510 1654 1611 1684 dentis

153 1701 287 1732 eburnei.

810 1737 948 1770 NOTAE

196 1806 391 1847 Pugillares]
412 1801 853 1837 Gallicetablettesaecrire.
910 1813 1058 1836 essemus
1080 1805 1175 1836 fultae
1193 1804 1351 1836 eburneis
1370 1803 1529 1844 pedibus;
1553 1800 1611 1832 lib.

151 1858 240 1889 'Vide
258 1856 315 1889 lib.
330 1866 396 1888 vn.
413 1857 515 1897 Epig.
533 1858 585 1886 53.
912 1865 950 1888 11.
968 1857 1066 1897 Epig.
1083 1860 1134 1888 43.
1179 1858 1188 1873 ⁴
1206 1857 1256 1887 Tu
1273 1855 1418 1896 Libycos
1436 1853 1528 1885 Indis
1545 1863 1614 1883 sus-

194 1911 213 1939 2
238 1908 397 1949 Essemus]
409 1908 485 1939 Hoc
500 1912 570 1938 est:
590 1907 721 1938 Mensae
736 1904 854 1936 citreae
912 1908 1034 1950 pendis
1048 1907 1208 1939 dentibus
1224 1904 1347 1938 orbes!

843 2084 930 2125 IV.

691 2172 1078 2214 QmNcUPLmES.

159 2250 310 2292 CAEDE
327 2248 620 2303 juvencorum
643 2243 812 2285 domini
835 2241 950 2283 calet
971 2253 1075 2282 area
1096 2238 1222 2287 felix,

212 2315 499 2370 Quincuplici
523 2326 624 2354 cera
644 2326 744 2354 cum
763 2312 893 2352 datur
915 2313 1068 2350 auctus
1088 2307 1245 2347 honor.

198 2427 301 2458 Beata
320 2424 437 2456 altaria
451 2424 565 2455 domini
580 2424 681 2454 calent
698 2421 797 2453 tauris
812 2419 999 2459 immolatis,
1017 2427 1086 2448 cum
1105 2425 1241 2447 summus
1257 2416 1352 2447 honor
1371 2414 1510 2453 defertur
1526 2414 1613 2454 quin-

154 2470 265 2511 cuptici
275 2477 358 2500 cera.

806 2504 949 2538 NOTAE

198 2580 214 2608 l
239 2573 388 2613 Domini]
420 2572 606 2603 Domitiani
643 2571 788 2609 scilicet,
819 2575 856 2601 nt
912 2568 1056 2609 Epig.4.

153 2628 212 2660 lib.
240 2637 272 2658 v.
300 2625 402 2666 Epig.
432 2626 461 2654 8.
504 2622 689 2653 ‘Edictum
717 2621 857 2660 domini,
953 2622 973 2650 2
999 2616 1199 2658 Quincuplz'ci
1228 2615 1314 2656 cera]
1353 2614 1394 2645 Id
1432 2617 1506 2644 est:
1547 2613 1613 2643 De-

155 2678 288 2719 Deique
302 2673 431 2714 nostri‚'
454 2674 486 2704 in
510 2672 604 2712 cujus
620 2672 779 2702 honorem
797 2671 856 2702 im-
912 2671 1089 2701 nuntiatur
1117 2669 1222 2699 honor
1251 2667 1314 2697 hoc
1350 2674 1477 2705 genere
1507 2664 1614 2704 pugil-

154 2727 370 2760 molabantnr
393 2723 527 2762 hostiae,
549 2732 625 2752 cum
650 2726 708 2753 aut
734 2731 854 2753 consu·
912 2721 1054 2752 larium:
1079 2717 1316 2760 quincupliees
1348 2724 1429 2745 vero
1455 2714 1614 2745 dicuntur

152 2779 244 2810 latus
264 2781 321 2807 aut
348 2773 540 2813 triumphus
563 2772 609 2802 illi
627 2776 716 2803 esset
740 2771 855 2802 decre·
912 2770 1091 2812 aquinque
1109 2767 1207 2799 soliis.

156 2833 223 2859 tus.
282 2824 370 2856 Vide
406 2823 466 2855 lib.
496 2831 579 2853 vm.
611 2821 709 2862 Epig.
739 2825 788 2853 15.
820 2826 856 2852 et
