1893 3225
263 187 373 230 1022
741 200 788 228 M.
825 200 933 230 VAL.
971 202 1241 234 MARTmms

883 400 1087 442 XCVII.

678 489 865 519 LANCES
898 490 1293 521 CHRYSENDE'PAE.

262 557 501 599 GRANoiA
523 571 577 598 ne
597 558 718 599 viola
738 570 878 611 parvo
901 558 1188 612 chrysendeta
1208 560 1366 600 mullo:

316 626 379 667 Ut
398 626 638 676 minimum,
660 626 794 667 libras
817 625 945 667 debet
964 627 1123 668 habere
1144 627 1270 668 duas.

300 739 349 769 Ne
364 739 477 778 exiguo
491 722 582 769 mullo
598 739 785 769 contamines
796 737 939 778 ingentia
952 738 1155 779 chrysendeta
1166 749 1177 775 ,·
1200 739 1309 770 saltem
1324 737 1365 768 sit
1382 737 1510 769 bilibris.

866 823 1102 834 moaeenun

302 884 317 910 l
343 880 447 911 Mulso
463 879 542 910 edd.
560 882 645 910 vett.
679 879 688 894 ‘
703 878 806 910 Forte
822 879 938 919 mullo‚'
953 879 1154 919 impressum
1170 877 1275 910 habet
1290 888 1396 920 marg.
1414 878 1468 910 ed.
1481 878 1560 910 Par.
1575 879 1711 909 1617.—

256 926 275 954 2
299 923 397 954 Dicat
420 922 494 953 cod.
512 922 546 952 in
560 931 666 962 marg.
683 922 738 952 ed.
757 922 870 962 ejusd.

897 985 1036 1017 NOTAE

298 1054 311 1081 1
343 1050 570 1091 Chrysendeta]
586 1051 713 1081 Lances
729 1054 827 1081 erant
840 1050 952 1080 aureis
1007 1047 1236 1089 chrysendeta
1268 1049 1386 1080 mulli!
1410 1049 1450 1080 In
1469 1048 1625 1090 pretiosis
1640 1049 1708 1079 lan-

254 1101 376 1131 crustis
406 1104 590 1139 exornatae,
611 1100 653 1130 de
677 1099 800 1140 quibus
829 1099 888 1131 lib.
911 1108 951 1131 11.
1007 1100 1105 1131 cibus
1130 1110 1197 1132 non
1221 1101 1284 1133 nisi
1310 1102 1468 1141 ingentes
1487 1101 1594 1142 pisces
1611 1109 1707 1140 repo-

253 1150 352 1191 Epig.
366 1153 421 1182 43.
436 1152 445 1168 ‘
458 1150 637 1182 Immodici
653 1150 716 1181 tibi
728 1149 816 1181 flava
831 1154 952 1191 tegunt
1008 1150 1109 1182 nendi
1125 1157 1215 1183 sunt.

854 1303 1086 1345 XCVIII.

784 1403 909 1433 VASA
944 1403 1189 1434 ARETINA.

250 1473 486 1515 ARET1NA
509 1474 639 1514 nimis
655 1485 708 1514 ne
731 1483 916 1526 spernas
936 1484 1058 1521 vasa,
1080 1483 1334 1512 monemus:

306 1541 475 1583 Lautus
496 1545 589 1582 erat
609 1541 771 1582 Tuscis
792 1540 990 1581 Porsena
1011 1539 1237 1580 fictilibus.

288 1645 464 1677 Hortamur
476 1656 513 1677 ne
524 1646 654 1677 nimium
669 1650 845 1678 contemnas
859 1656 933 1677 vasa
948 1646 1084 1678 Aretina
1095 1657 1105 1677 .·
1129 1645 1269 1677 Porsena
1285 1643 1462 1686 splendidus
1474 1646 1541 1675 erat
1548 1642 1703 1685 fictilibus

250 1687 368 1719 Tuscis.

902 1732 934 1764 N
942 1731 1043 1764 OTAE

289 1803 305 1831 1
338 1801 487 1842 Aretina]
509 1801 647 1832 Fictilia
670 1801 815 1834 scilicet.
860 1801 948 1833 Vide
1003 1801 1061 1833 ubi
1084 1800 1354 1832 conficiebantur
1379 1800 1452 1831 haec
1473 1809 1564 1840 vasa,
1580 1798 1701 1840 quibus

244 1851 302 1883 lib.
319 1861 344 1882 1.
362 1852 461 1892 Epig.
477 1855 530 1884 54.
551 1852 560 1868 ‘
575 1852 630 1884 Sic
646 1851 799 1884 Aretinae
817 1853 948 1884 violant
1003 1851 1163 1883 utebatur
1179 1852 1412 1892 Porsena‚qui
1429 1851 1462 1882 in
1479 1851 1538 1882 illa
1560 1850 1698 1890 regione

245 1903 442 1943 crystallina
464 1903 588 1934 testael
620 1903 789 1943 Arefium,
813 1904 868 1934 alii
884 1903 948 1934 Ar·
1003 1903 1173 1943 regnavit.
1408 1900 1411 1902 ’

246 1952 406 1994 rhetium,
431 1953 531 1985 hodie
560 1954 690 1993 Arezzo,
706 1954 786 1985 urbs
802 1954 947 1994 Tusciae,

880 2119 1066 2161 XCIX.

796 2210 1156 2241 BAscAUDA.

243 2275 490 2316 BARBARA
514 2275 567 2316 de
584 2276 718 2330 pictis
739 2277 839 2317 veni
860 2277 1089 2317 bascauda
1112 2276 1350 2317 Britannis:

298 2342 387 2384 Sed
407 2356 475 2384 me
489 2343 583 2398 jam
604 2345 770 2385 mavult
791 2344 937 2385 dicere
961 2344 1106 2385 Roma
1127 2356 1263 2384 suam.

279 2460 445 2492 Bascauda
455 2460 623 2501 peregrina
638 2461 709 2492 veni
724 2471 764 2492 ex
790 2460 960 2491 Britannis
972 2460 1070 2500 pictis
1088 2470 1098 2490 .·
1119 2460 1173 2491 secl
1190 2458 1258 2497 jam
1282 2460 1384 2499 placet
1402 2458 1510 2490 Ronzoe
1535 2458 1693 2490 nominare

238 2513 286 2535 me
297 2513 397 2535 suam.

888 2545 1026 2577 NOTAE

281 2614 298 2642 1
316 2610 495 2652 Bascauda]
510 2610 580 2642 Vas
593 2609 761 2652 quoddam
772 2609 937 2641 escarium
986 2610 1057 2650 jam
1072 2608 1218 2640 diximus
1240 2609 1298 2641 lib.
1312 2618 1363 2641 Χι.
1377 2609 1474 2650 Epig.
1489 2611 1543 2639 54.

238 2662 330 2703 quod
346 2663 380 2694 in
396 2662 576 2694 Britannia
593 2660 850 2693 conficiebatur.
876 2661 937 2693 Ju-
1034 2663 1053 2691 2
1077 2660 1141 2692 Sed
1164 2660 1311 2701 mejam]
1341 2660 1459 2692 Romae
1488 2659 1577 2690 enim
1612 2661 1691 2689 tunc

238 2713 365 2744 venalis
376 2713 449 2745 Sat.
468 2716 520 2746 12.
543 2713 552 2730 ‘
567 2711 667 2744 Adde
683 2716 720 2743 et
742 2710 939 2751 bascaudas,
991 2710 1121 2743 fiebant
1136 2711 1329 2743 bascaudae.

239 2766 274 2793 et
290 2762 380 2794 mille
392 2762 544 2794 escaria?
578 2763 633 2794 De
649 2761 822 2794 Britannis
838 2761 937 2802 pictis
