1893 3225
527 236 928 268 EPiGRAMMA'ruM
968 239 1058 267 mu.
1093 238 1203 268 xm.
1514 229 1599 271 943

823 387 916 427 ΧΙ.

689 476 1034 507 HORDEUM.

146 544 333 596 Mumo,
354 545 473 600 quod
493 558 581 586 non
597 544 677 586 des
699 544 919 595 tacituris,
940 545 1109 599 accipe,
1134 545 1280 586 mulis.

198 613 312 655 Haec
334 626 416 666 ego
438 614 645 667 cauponi,
664 625 750 654 non
771 613 866 664 tibi,
889 612 1005 654 dona
1027 612 1141 653 dedi.

185 723 278 754 Sume
289 724 366 797 qgod
380 734 441 755 non
452 723 542 755 donet
557 722 648 755 mulio
664 723 756 754 mulis
769 723 938 760 tacituris;
961 732 1017 763 ego
1032 722 1167 763 largitus
1179 733 1247 755 sum
1265 722 1330 755 lioec
1343 733 1471 756 munera
1484 735 1592 767 caupo-

142 767 188 806 ni,
202 777 261 798 nvn
277 767 303 797 ti
325 768 346 798 ἱ.

748 827 988 839 ΝΝΟΜΝΜ

187 888 202 916 l
228 886 292 917 Det
316 883 394 916 edd.
412 888 496 916 vett.
513 889 548 915 et
561 885 707 917 Farnab.
733 886 918 917 Taciturnus
933 885 1009 917 cod.
1033 885 1236 917 Beverl.—2
1261 885 1377 928 Coponi
1403 885 1483 920 Ald.
1498 887 1596 920 Junt.

143 929 248 960 Colin.
277 933 313 960 et
327 928 375 960 sic
389 928 471 968 legit
489 928 700 960 ealderinus.

796 991 940 1023 NOTAE

184 1071 197 1098 l
216 1068 333 1108 Mulio]
347 1068 423 1098 Hoc
437 1067 618 1099 distichum
632 1067 841 1108 sicexpiicat
894 1067 971 1099 des:
996 1076 1073 1098 nam
1097 1067 1306 1108 cauponibus
1330 1078 1370 1100 eo
1387 1073 1438 1101 est
1454 1079 1538 1111 opus
1556 1070 1598 1100 ad

141 1119 319 1150 Turnebus
336 1119 394 1150 lib.
413 1127 501 1150 xxv.
532 1128 605 1158 cap.
628 1121 681 1150 28.
706 1118 840 1150 Horde-
890 1118 1123 1158 jumentorum
1139 1123 1267 1159 pastus.

142 1179 197 1200 um
229 1169 360 1210 accipe,
387 1178 453 1210 quo
484 1168 726 1210 quadrupedes
750 1179 842 1209 saepe
941 1169 1032 1204 Quod
1067 1179 1127 1200 non
1164 1169 1232 1209 des]
1270 1170 1326 1201 De
1356 1170 1482 1202 hordeo
1521 1171 1596 1204 fuse

140 1218 327 1251 defraudat
356 1219 482 1250 mulio:
518 1228 724 1260 quanquam,
762 1229 841 1250 cum
895 1219 1098 1251 Pliniuslib.
1117 1229 1224 1253 xvnl.
1240 1231 1316 1263 cap.
1329 1224 1360 1253 7.
1377 1226 1413 1254 et
1425 1223 1504 1254 alibi
1522 1233 1598 1264 pas-

141 1270 304 1301 hordeum
321 1269 489 1311 pecudum
503 1269 630 1310 pabulo
643 1270 756 1310 potius
773 1279 841 1301 ser·
896 1269 972 1300 sim.

141 1321 212 1352 viat
235 1331 333 1362 quam
362 1320 548 1359 hominum,
578 1320 657 1351 dedi
685 1320 775 1361 quod
805 1325 840 1352 tu
939 1319 1109 1361 Tacituris]
1148 1320 1224 1353 Hoc
1252 1326 1318 1362 est,
1343 1332 1411 1354 non
1439 1322 1596 1365 dicturis,

141 1372 255 1413 potius
278 1371 424 1412 cauponi
449 1370 589 1410 vendes,
607 1380 707 1412 quam
729 1380 841 1402 come·
896 1371 987 1413 quod
1005 1372 1203 1405 defraudati
1216 1373 1284 1405 sint
1300 1374 1440 1408 hordeo.

807 1509 929 1551 XII.

537 1598 856 1629 FRUMENTUM
891 1597 1188 1629 TRi'ricEUM.

139 1667 457 1710 TERCENTUM
482 1667 642 1720 Libyci
662 1666 840 1708 modios
861 1667 914 1708 de
935 1680 1078 1708 messe
1100 1667 1248 1708 coloni

194 1736 344 1786 Sume,
369 1736 650 1777 suburbanus
671 1748 723 1775 ne
743 1735 952 1775 moriatur
967 1747 1084 1788 ager.

187 1847 301 1887 Accipe
317 1848 467 1877 trecentos
481 1844 597 1876 modios
610 1855 649 1877 ex
664 1853 760 1876 messe
775 1844 874 1877 colom·
884 1844 1006 1886 Libyci,
1020 1854 1058 1876 ne
1073 1854 1150 1884 ager
1160 1844 1351 1876 suburbanus
1364 1845 1545 1877 sterilescat.

794 1941 826 1972 N
833 1941 935 1973 OTAE

183 2022 199 2050 1
228 2019 408 2050 Tereentum
420 2016 546 2058 Libyci]
574 2016 716 2048 Cuidam
730 2017 840 2048 amico
896 2026 978 2057 ager
993 2016 1066 2056 ejus
1085 2016 1210 2048 sterilis
1225 2016 1297 2049 fiat.
1341 2018 1397 2049 De
1411 2017 1594 2058 generibus

138 2069 245 2100 mittit
261 2067 469 2099 frumentum
501 2067 678 2107 Libycum,
704 2077 747 2097 ne
774 2066 840 2097 fre·
895 2067 1002 2098 tritici
1019 2068 1095 2108 lege
1109 2067 1259 2099 Plinium
1270 2067 1328 2101 lib.
1343 2077 1449 2099 xvni.
1472 2077 1547 2109 cap.
1563 2071 1593 2100 7.

140 2119 256 2161 quenti
282 2119 413 2150 satione
441 2127 500 2150 seu
521 2118 688 2150 continua
703 2118 841 2149 cultura

804 2252 950 2295 XIII.

788 2342 978 2373 BETAE.

141 2410 216 2451 U'r
239 2411 412 2464 sapiant
431 2410 566 2452 satuae
582 2409 805 2451 fabrorum
827 2410 1018 2464 prandia
1035 2409 1169 2459 betae,

199 2477 238 2517 Ο
261 2491 393 2532 quam
416 2491 539 2532 saepe
560 2481 683 2532 petet
705 2478 804 2519 vina
824 2478 1042 2532 piperque
1065 2477 1226 2518 cocus!

191 2588 221 2619 0
235 2598 326 2629 quam
352 2597 432 2629 saepe
452 2598 540 2620 cocus
559 2592 660 2629 poscet
675 2588 761 2630 vina,
777 2593 807 2620 et
816 2588 922 2630 piper,
933 2591 967 2619 ut
980 2587 1057 2619 betoe
1070 2586 1212 2627 insipida>
1223 2585 1354 2627 prandia
1361 2584 1524 2622 fabrorum
1541 2591 1592 2613 sa-

140 2631 241 2671 piant.

795 2674 935 2706 NOTAE

188 2742 203 2770 l
233 2739 275 2770 Ut
287 2738 426 2780 sapiant]
443 2738 606 2779 Insipidae
617 2738 743 2780 quippe
760 2743 840 2771 sunt
940 2737 1111 2769 fabrorum
1128 2734 1278 2777 prandia]
1305 2734 1382 2766 Hoc
1409 2736 1474 2772 est,
1497 2730 1591 2763 cibus

140 2790 244 2829 bewe,
261 2790 322 2821 nisi
341 2790 426 2821 bene
449 2789 662 2821 condiantur.
895 2787 1297 2828 hominumplebeiorum.
