1893 3225
515 227 734 257 EMGRAM
747 227 923 257 MATUM
964 225 1057 255 [AB.
1082 225 1194 255 Xlll.

1511 214 1596 255 977

794 321 932 353 NOTAE

179 392 188 419 Ι
225 388 358 428 Vienna]
384 386 472 419 Urbs
488 390 541 418 est
567 386 600 417 in
625 386 835 427 Delphinatu

131 440 171 470 ad
192 440 402 476 Rhodanum,
416 438 516 470 hodie
536 437 664 469 Vienne.

173 493 193 521 2
219 490 310 521 Misit
338 488 499 528 Romulus]
523 488 559 519 Si
585 488 717 519 Vienna
740 486 835 529 Allo·

130 540 272 581 brogum
311 551 352 572 ex
393 539 610 572 Narbonensi
657 537 836 579 provincia

129 597 208 622 sunt
225 592 329 623 allata
355 591 428 622 haec
447 591 576 631 picata,
602 594 640 621 ut
655 599 698 621 ex
722 589 836 620 Plinio

129 642 282 677 doctum,
309 642 477 683 quomodo
500 641 661 672 Romulus
679 641 752 682 ipse
776 640 837 670 mi-

130 692 194 722 sit?
218 692 271 722 An
288 692 376 722 idem
394 692 427 722 in
443 691 546 722 Italia
564 695 683 731 postea
705 696 835 729 natum,

131 747 240 773 satum
256 742 307 773 vel
321 742 474 774 illatum?
500 742 588 773 Nam
602 742 761 773 Romulus
775 751 835 782 pro

891 384 1015 415 Italico
1032 384 1171 424 ponitur
1187 383 1275 414 haud
1301 383 1414 414 dubie.
1441 383 1593 415 Raderus.

891 434 1048 466 Picatum
1064 434 1127 464 hoc
1150 434 1264 464 vinum
1280 434 1314 464 in
1339 435 1412 475 ipsa
1428 435 1512 466 urbe
1532 436 1597 467 Ro-

890 494 946 516 ma
962 483 1093 515 factum
1121 489 1194 514 arte
1210 493 1253 515 ex
1271 485 1356 525 picis
1373 484 1465 516 fluxu
1483 486 1530 517 ita
1545 488 1597 527 pi-

891 535 939 566 cis
956 534 1100 574 gratiam
1125 534 1208 571 olet.
1235 540 1273 565 ut
1301 535 1435 567 dubites
1452 546 1495 567 an
1511 539 1598 568 nati-

891 595 969 617 vum
998 585 1042 616 sit
1065 585 1215 625 picatum
1238 595 1258 616 a
1285 586 1419 617 Vienna
1445 587 1597 619 Allobro-

891 647 982 677 gum.
1029 635 1216 669 Farnahius.
1263 636 1367 667 Forte
1393 637 1512 668 melius
1547 639 1596 668 in-

894 687 1028 727 telliges
1044 691 1270 718 mercatorem
1286 687 1512 719 Viennensem
1526 689 1595 719 dic-

892 744 963 770 tum
981 739 1158 770 Romulum
1176 742 1210 769 et
1227 738 1364 779 quidem
1382 738 1564 770 celebrem.

769 932 948 974 CVIII.

725 1024 757 1053 M
781 1025 807 1054 υ
828 1025 854 1053 L
873 1024 894 1054 s
914 1024 941 1054 u
962 1024 1011 1053 M.

137 1088 333 1131 ATTICA
355 1096 607 1133 nectareum
631 1092 820 1133 turbatis
841 1091 972 1133 mella
998 1090 1250 1134 Falernum:

186 1157 374 1200 Misceri
395 1159 527 1201 decet
552 1159 639 1200 hoc
659 1172 687 1200 a
709 1158 971 1213 Ganymede
998 1172 1178 1200 merum,

169 1259 200 1289 Ο
218 1260 307 1290 mella
319 1259 441 1298 Attica,
456 1258 591 1290 turbatis
609 1259 777 1290 Falernum
789 1261 987 1290 nectareum:
1008 1268 1067 1300 par
1083 1261 1128 1290 est
1144 1259 1199 1289 hoc
1216 1268 1333 1289 merum
1342 1259 1465 1298 porrigi
1489 1268 1508 1289 ιι
1528 1258 1594 1289 Ga-

125 1303 267 1343 nymede.

791 1343 930 1376 NOTAE

170 1412 186 1440 l
223 1409 406 1449 Falernum]
445 1409 570 1440 Vinum
611 1408 831 1449 generosissi-

125 1469 227 1490 mum.
284 1460 420 1490 Plinius
444 1459 504 1490 lib.
538 1467 636 1489 xxn.
666 1468 744 1499 cap.
775 1461 828 1489 24.

123 1511 131 1526 ‘
144 1510 290 1550 Semper
304 1510 448 1540 mulsum
475 1519 516 1540 ex
533 1515 652 1540 vetere
671 1510 747 1539 vino
764 1509 830 1539 uti·

123 1559 298 1598 lissimum,
348 1559 578 1600 facillimeque
617 1570 692 1591 cum
728 1560 828 1591 melle

124 1614 408 1651 concorporatur,
439 1610 529 1652 quod
558 1611 592 1641 in
623 1611 715 1642 dulci
745 1621 828 1642 nun-

125 1670 225 1702 quam
242 1660 382 1692 evenit.¹

930 1411 950 1439 2
974 1408 1119 1448 Misceri]
1145 1407 1222 1439 Hoc
1244 1412 1308 1446 est,
1333 1407 1593 1449 subministrari,

884 1458 963 1490 Jovi
979 1468 1115 1499 nempe.
1139 1458 1214 1489 Lib.
1227 1467 1275 1489 v1.
1294 1458 1393 1498 Epig.
1409 1460 1462 1488 78.
1487 1462 1495 1475 ‘
1509 1459 1595 1489 Mis-

885 1508 956 1540 ceri
973 1508 1036 1539 sibi
1064 1508 1219 1548 protinus
1245 1507 1408 1546 deunces,
1436 1508 1504 1539 Sed
1523 1518 1595 1539 cre-

884 1558 1102 1600 brosjul›et‚’
1127 1560 1189 1590 &c.
1214 1558 1303 1589 Vide
1320 1559 1422 1591 etiam
1440 1559 1497 1591 lib.
1513 1569 1591 1591 vin.

884 1611 982 1652 Epig.
1006 1612 1037 1642 6.

735 1843 938 1873 ALBANL*
950 1845 997 1872 M.

127 1912 238 1954 Hoc
262 1913 317 1954 de
337 1913 561 1955 Caesareis
585 1912 705 1954 mitis
727 1912 950 1954 vindemia
976 1914 1101 1954 cellis

185 1982 331 2031 Misit,
354 1981 485 2022 Iuleo
507 1994 608 2034 quae
631 1981 717 2022 sibi
737 1985 883 2022 monte
907 1982 1068 2035 placet.

164 2083 277 2114 Dulcis
291 2083 449 2115 vindemia
465 2084 551 2115 misit
565 2084 621 2115 hoc
638 2093 677 2115 ex
696 2085 850 2116 Caesareis
861 2085 958 2124 cellis,
974 2096 1041 2126 quoe
1055 2086 1212 2125 gloriatur
1229 2089 1330 2118 monte
1345 2086 1443 2118 Iuleo.

739 2169 976 2181 eom-000

166 2225 182 2254 1
201 2223 311 2254 Mittis
325 2222 401 2254 cod.
416 2223 552 2254 Beverl.
575 2222 724 2255 Indubie
739 2225 817 2256 hinc
839 2226 990 2268 sequitur
1006 2235 1077 2257 esse
1095 2235 1176 2257 vera
1192 2235 1267 2269 quae
1283 2225 1362 2257 olim
1383 2225 1529 2258 diximus
1545 2226 1586 2258 de

785 2310 928 2343 NOTAE

119 2266 184 2298 hoc
199 2265 341 2297 cod.——2
365 2266 464 2298 luceto
480 2265 559 2298 cod.
578 2267 708 2299 Thuan.

165 2372 334 2412 Albanum]
358 2372 488 2403 Plinius
512 2373 569 2405 lib.
597 2382 672 2405 x1v.
701 2383 776 2414 cap.
792 2377 824 2405 6.

117 2423 126 2438 ⁴
144 2420 298 2459 Albana‚'
316 2422 403 2461 vina,
424 2422 433 2438 ‘
448 2422 521 2454 urbi
544 2423 654 2455 vicina
679 2423 826 2464 praedul-

120 2472 173 2503 cia
190 2481 229 2503 ac
247 2481 323 2502 rara
346 2471 381 2502 in
398 2472 559 2504 austero!
603 2474 731 2506 Juven.
753 2474 826 2505 Sat.

121 2531 203 2553 xm.
230 2524 307 2553 210.
348 2521 495 2553 ‘Albani
522 2524 649 2555 veteris
675 2525 826 2565 pretiosa

121 2579 281 2606 senectus
300 2573 494 2615 Displicet,’
505 2577 568 2607 &c-

211 2816 308 2856 Delph
337 2820 366 2847 et
383 2815 457 2846 Var.
471 2816 553 2847 Clas.

775 2818 924 2850 Murtiul⁶

925 2377 941 2405 1
967 2374 1018 2406 De
1047 2376 1200 2406 cmm-eis
1222 2376 1320 2416 cellis]
1345 2375 1423 2407 Hoc
1449 2380 1515 2415 est,
1543 2376 1585 2407 de

880 2431 997 2455 monte
1022 2423 1170 2464 Albano,
1186 2426 1219 2456 in
1244 2435 1343 2467 quem
1360 2426 1521 2457 secedere
1537 2437 1586 2457 so-

881 2474 973 2506 lebat
989 2475 1105 2506 Caesar
1131 2476 1358 2515 Domitianus,
1374 2481 1412 2508 ut
1429 2477 1502 2517 jam
1524 2487 1587 2508 sae-

881 2527 956 2566 pius
984 2527 1125 2558 dictum.
1185 2527 1327 2558 Dicitur
1358 2527 1513 2558 ‘luleus’
1544 2528 1585 2558 ab

882 2577 956 2609 Iulo
980 2578 1094 2611 AEneae
1113 2579 1194 2620 filio,
1210 2579 1307 2611 Albae
1324 2579 1512 2611 conditore.

1424 2820 1495 2852 3Q
