1893 3225
512 248 918 279 EPIGRAMMATUM
959 248 1048 278 [AB.
1084 248 1188 278 xlv.

1494 235 1578 277 991

778 342 808 374 N
815 341 917 373 0¹1²AE

167 410 182 437 1
208 406 245 438 Si
269 406 358 447 qnid]
383 407 460 439 Hoc
478 410 550 438 est:
574 406 610 438 Si
638 405 720 448 quid
746 406 822 436 aeris

122 460 293 501 supererit
323 460 356 491 in
396 459 502 491 fundo
540 468 623 490 meae
660 459 824 500 capsulae,

878 404 1034 436 donabo:
1060 405 1109 436 sin
1138 405 1258 446 minus,
1275 404 1361 437 dabo
1385 404 1492 446 ipsam
1509 413 1581 435 cru-

879 466 1026 488 menam.

784 630 864 672 XI
876 629 924 672 V.

679 720 795 749 TAM
833 718 1029 748 Essonffl.

127 789 239 830 CUM
263 789 427 830 steterit
450 788 595 829 nullus
616 787 743 828 vultu
766 787 847 828 tibi
870 786 988 828 talus
1009 785 1179 835 eodem,

186 856 370 898 Munera
390 870 458 898 me
482 857 605 897 dices
626 868 783 909 magna
804 855 983 896 dedisse
1005 854 1099 895 tibi.

173 968 251 997 Cum
266 968 365 998 nullus
380 967 462 999 talus
476 966 536 998 tibi
551 966 672 998 steterit
688 967 792 997 eadem
797 966 924 1007 figura,
945 965 1066 1006 inquies
1083 967 1113 995 te
1130 973 1149 995 α
1166 973 1212 995 me
1227 962 1375 1005 affectum
1383 962 1485 1001 fuisse
1502 973 1588 1003 mag·

130 1011 179 1041 nz's
194 1010 294 1042 donis.

789 1051 929 1083 NOTAE

173 1120 188 1148 l
217 1117 295 1147 Cum
310 1116 449 1157 steterit]
472 1117 528 1147 De
546 1116 623 1147 talis
649 1116 720 1156 jam
746 1114 831 1146 dixi-

128 1177 202 1198 mus
228 1167 287 1198 lib.
315 1176 364 1197 1v.
390 1167 490 1207 Epig.
518 1169 568 1198 14.
596 1172 632 1197 et
663 1166 722 1198 lib.
748 1175 831 1198 x111.

130 1218 229 1259 Epig.
247 1221 277 1248 2.
310 1217 539 1257 Calcagninus
556 1217 599 1247 de
615 1217 728 1248 Talis:
743 1218 752 1234 ‘
766 1217 833 1248 Sex

129 1267 232 1307 sunt,’
261 1267 382 1309 inquit,
404 1268 413 1284 ‘
434 1267 494 1298 tali
512 1267 632 1307 latera,
658 1266 723 1298 etsi
753 1276 834 1308 qua-

131 1323 208 1350 tuor
230 1320 363 1349 tantum
382 1318 414 1350 in
441 1327 502 1349 usu
530 1318 719 1349 ludentium
743 1319 833 1356 sint3

130 1379 207 1400 nam
235 1370 301 1399 duo
331 1372 409 1399 sunt
437 1368 485 1399 ita
518 1368 672 1408 incurva,
704 1372 742 1399 ut
770 1368 835 1398 illis

132 1420 220 1450 talus
249 1419 305 1450 vix
322 1418 427 1459 possit
451 1418 651 1450 consistere.
697 1418 769 1450 Has
785 1430 835 1449 κε-

131 1470 228 1510 ραίας,
245 1469 278 1500 id
299 1474 363 1506 est,
380 1473 557 1508 antennam,
578 1469 716 1500 videtur
740 1469 835 1500 Aris—

135 1521 258 1553 toteles
282 1521 486 1561 appellasse.
532 1520 683 1551 Proinde
714 1520 835 1551 scitum

133 1578 185 1603 est
207 1572 239 1603 in
266 1572 336 1603 talo
362 1571 538 1602 Binarium
566 1575 601 1602 et
626 1571 837 1611 Quinarium,

134 1622 191 1664 qui
222 1622 288 1653 duo
305 1622 436 1652 numeri
452 1626 530 1652 sunt
557 1621 589 1652 in
617 1622 756 1653 tesseris
778 1631 837 1662 op-

135 1673 251 1715 positi,
278 1671 479 1703 desiderari.
527 1672 580 1702 Ex
596 1672 734 1713 reliquis
762 1682 839 1714 qna-

134 1730 213 1756 tuor
228 1724 288 1755 tali
314 1722 468 1763 partibus
495 1732 561 1754 una
585 1723 717 1763 supina,
733 1724 841 1754 altera

136 1785 244 1816 prona
271 1773 419 1804 dicitnr:
445 1783 520 1814 quae
548 1773 623 1804 duae
642 1774 783 1804 ternarii
806 1777 842 1804 et

137 1825 345 1868 quaternarii
358 1824 452 1855 vices
464 1824 605 1855 obeunt.
649 1824 772 1855 Unitas
785 1834 841 1855 au-

137 1882 206 1909 tem
223 1881 258 1907 et
272 1875 365 1907 senio
378 1874 508 1906 duabus
532 1874 671 1916 reliquis
688 1874 843 1915 partibus

137 1928 350 1960 tribuuntur:
366 1926 538 1956 senionem
551 1935 631 1956 vero
645 1925 763 1964 Coum,
773 1924 845 1955 uni-

138 1983 245 2010 tatem
284 1977 404 2009 Chium
432 1975 626 2008 vocabant!
671 1977 716 2007 Et
744 1976 845 2016 paulo

139 2028 250 2059 infra:
274 2029 284 2045 ‘
298 2027 366 2059 Sed
384 2036 503 2058 omnes
518 2037 616 2058 casus
631 2027 778 2058 talorum
803 2036 845 2057 ex

139 2078 386 2110 consuetudine
415 2077 605 2108 ludentium
630 2076 841 2108 annumerati

139 2133 236 2160 erant
263 2129 413 2170 quinque
445 2124 674 2168 et⁷triginta3
700 2136 842 2168 quorum

142 2180 278 2221 quidam
296 2189 315 2210 a
331 2179 419 2218 Diis,
434 2178 490 2209 alii
520 2179 562 2208 ab
587 2177 762 2217 heroibus,
785 2177 843 2208 alii

142 2243 160 2263 a
177 2231 274 2264 claris
297 2231 489 2262 hominibus
505 2234 563 2261 aut
577 2240 596 2261 a
610 2229 844 2261 meretricibus

142 2292 264 2315 nomen
281 2281 517 2323 accipiebant:
542 2280 695 2313 nonnulli
706 2289 787 2312 vero
803 2280 845 2311 ab

888 1114 1067 1146 eventibus
1083 1115 1138 1156 qui
1163 1123 1236 1145 cum
1261 1112 1361 1144 laude
1382 1117 1441 1143 aut
1464 1112 1590 1153 probro

889 1165 1100 1200 acciderant,
1123 1163 1447 1195 denominabantur.
1491 1163 1594 1194 Senio

889 1220 1002 1247 autem
1028 1225 1046 1246 a
1062 1215 1199 1245 Venere
1215 1213 1436 1253 nuncupatim
1455 1221 1590 1252 separa-

889 1272 945 1298 tur
960 1267 1049 1308 apud
1062 1266 1260 1298 Suetonium
1277 1275 1352 1306 cap.
1370 1268 1423 1296 71.
1440 1265 1474 1295 in
1493 1264 1593 1304 Epis-

890 1317 959 1348 tola
975 1317 1118 1357 Augusti
1133 1316 1175 1347 ad
1191 1315 1362 1347 Tiberium
1377 1326 1383 1346 :
1402 1315 1411 1332 ‘
1426 1315 1594 1354 Lusimus,

889 1368 934 1398 nii
960 1367 1088 1406 Tiberi,
1119 1368 1298 1407 ’γεροντικῶς
1320 1365 1395 1397 heri
1422 1370 1458 1397 et
1479 1365 1594 1396 hodie.

889 1417 980 1448 Talis
1003 1417 1159 1458 jactam,
1187 1421 1223 1448 ut
1243 1416 1383 1458 quisque
1399 1425 1517 1447 canem
1536 1420 1595 1446 aut

892 1468 1063 1499 senionem
1091 1467 1244 1505 miserat,
1270 1467 1304 1497 in
1331 1466 1482 1506 singulos
1505 1466 1594 1496 talos

892 1519 1044 1559 singulos
1080 1518 1238 1549 denarios
1267 1516 1482 1556 conferebat,
1512 1526 1597 1557 quos

893 1569 1038 1600 tollebat
1055 1568 1227 1599 universos
1240 1567 1297 1608 qni
1317 1567 1594 1607 Veneremjece-

893 1619 970 1651 rat!
1015 1619 1111 1650 Idem
1132 1618 1377 1658 Calcagninus:
1404 1617 1496 1648 ‘Sed
1516 1626 1596 1658 quo-

894 1672 959 1702 ties
985 1671 1046 1702 tali
1075 1671 1124 1702 ita
1150 1669 1366 1709 excidebant,
1396 1672 1433 1699 ut
1462 1668 1597 1699 diversa

895 1727 986 1753 esset
1000 1721 1154 1753 omnibus
1172 1720 1293 1761 facies,
1306 1720 1363 1761 qui
1377 1719 1491 1759 jactus
1508 1719 1599 1750 inter

896 1782 967 1812 eOS,
991 1781 1073 1813 quos
1096 1771 1243 1812 quinque
1259 1775 1294 1801 et
1312 1769 1599 1810 triginta'Eusta-

896 1823 988 1854 thius
1029 1821 1130 1861 dixit,
1170 1821 1306 1852 ultimus
1336 1820 1599 1858 numerabatur3

896 1879 968 1905 tum
995 1871 1079 1904 felix
1095 1872 1152 1903 ille
1180 1881 1290 1909 casus,
1307 1872 1363 1912 qui
1380 1871 1524 1903 Veneris
1540 1880 1598 1902 no—

894 1925 984 1956 mine
1022 1923 1242 1962 censebatur,
1277 1920 1484 1962 affulgebat3
1522 1931 1598 1953 cum

897 1985 1021 2016 nempe
1038 1984 1123 2005 unus
1146 1974 1233 2005 talus
1258 1982 1390 2013 canem,
1417 1973 1505 2004 alter
1529 1978 1600 2004 ter·

897 2026 1042 2064 narium,
1064 2024 1187 2056 tertius
1208 2023 1474 2065 quaternarium,
1501 2033 1602 2064 qnar-

898 2080 953 2107 tus
969 2074 1155 2106 senionem.
1168 2098 1177 2106 .
1191 2097 1199 2105 .
1212 2073 1233 2106 .'
1251 2073 1341 2105 Hinc
1354 2074 1448 2105 clara
1473 2079 1525 2105 est
1541 2074 1600 2104 hu-

892 2127 951 2168 jus
974 2125 1110 2157 distichi
1127 2126 1311 2157 sententia.

940 2180 960 2209 2
985 2176 1135 2217 Munera]
1158 2176 1330 2209 Vincebat
1346 2176 1448 2217 enim,
1462 2176 1518 2218 qui
1535 2176 1601 2208 Ve—

898 2236 1013 2259 nerem
1027 2227 1174 2268 jecerat.

819 2438 930 2479 XV.

752 2528 989 2558 TessERA.

151 2597 193 2638 N
201 2609 260 2638 ΟΝ
287 2597 370 2638 sim
390 2595 579 2637 talorum
599 2607 775 2636 numero
796 2608 876 2649 par
896 2600 1080 2646 tessera,
1102 2594 1204 2635 dum
1226 2593 1282 2634 sit

208 2665 370 2719 Major,
392 2676 526 2718 quam
546 2663 666 2713 talis,
688 2663 788 2704 alea
809 2676 934 2717 saepe
955 2663 1075 2704 mihi.

196 2773 269 2813 Ego
292 2776 407 2804 tessera
428 2772 534 2803 vincar
548 2780 673 2802 numero
698 2770 840 2812 talorum,
862 2771 935 2802 dum
961 2780 1040 2811 saepe
1066 2769 1143 2801 mihi
1170 2769 1210 2800 sit
1234 2768 1332 2807 major
1347 2767 1489 2807 fortuna,
1511 2778 1602 2808 quam

154 2816 236 2847 tulis.
