1924 3225
263 234 349 277 55:22
750 243 799 271 M.
834 240 944 271 VAL.

977 239 1252 270 MARTIALIS

266 339 487 381 Natorum
507 339 652 393 pietas
674 339 843 380 sanctis
866 350 996 391 quem
1018 335 1218 389 conjugis
1240 331 1405 373 umbris

322 407 528 448 Miscuit:
561 407 758 462 Elysium
781 405 986 460 possidet
1008 404 1139 445 ambo
1161 414 1328 442 nemus.

264 473 441 516 Occidit
460 474 539 515 illa
558 475 676 528 prior
697 474 826 514 viridi
847 472 1053 513 fraudata
1069 469 1283 523 juventa:
1694 468 1723 508 5

322 542 414 582 Hic
434 555 575 595 prope
597 547 662 582 ter
684 554 810 582 senas
831 540 942 580 vidit
966 537 1267 592 Olympiadas.

265 609 354 650 Sed
376 609 597 650 festinatis
618 613 790 662 raptum
810 607 890 648 tibi
913 605 1097 646 credidit
1118 605 1263 654 annis,

318 676 513 732 Aspexit
530 678 747 731 lacrymas
768 675 986 729 quisquis,
1007 674 1208 723 Etr-usne,
1229 677 1342 714 tuas.

261 783 379 824 abjecto
394 793 406 819 ,·
429 792 514 823 quem
528 782 629 822 pietas
657 781 821 812 liberorum
848 778 1012 815 coniunxit
1027 777 1144 809 sanctis
1169 776 1310 808 manibus
1323 778 1454 808 uxoris.-
1475 775 1583 809 umbro
1598 776 1720 807 habitat

259 828 294 858 in
313 826 421 867 Elysio
441 835 571 856 nemore.
618 824 677 854 Illa
692 824 778 863 prior
794 823 918 853 interiit
932 822 1059 862 privata
1070 821 1168 851 viridi
1184 820 1374 858 ,intentata
1397 822 1448 852 hic
1456 821 1528 859 fere
1543 820 1623 851 vidit
1640 824 1722 851 octo·

262 870 361 901 decim
380 869 590 908 Olympiadas.
637 868 681 897 At
693 865 828 906 quisquis
843 865 997 905 spectat-ie
1012 868 1079 895 tuos
1087 865 1196 905 fietus,
1217 874 1237 894 ο
1250 865 1395 900 Etrusce,
1410 865 1536 905 putavit
1550 863 1646 895 illum
1662 862 1723 894 tibi

262 913 400 944 ablatum
416 911 520 942 fuisse
535 914 633 942 morte
649 911 830 940 immatura.

264 1008 398 1049 Gryph.
413 1009 549 1047 possidet
565 1007 684 1043 umbra,
701 1006 915 1046 improbante
932 1003 1096 1035 Grutero.
1132 1003 1200 1034 Sed
1217 1003 1319 1035 codd.
1332 1004 1414 1035 Vat.
1438 1004 1592 1035 Florent.
1607 1003 1723 1035 Palat.

262 1052 390 1082 Thurin.
416 1051 610 1087 Pulmanni‚
625 1051 694 1085 alii,
711 1059 786 1079 cum
805 1048 882 1079 edd,
897 1047 1076 1086 antiquiss,
1093 1046 1229 1077 Ferrar.
1255 1057 1309 1078 an.
1344 1050 1439 1079 1471.
1464 1048 1600 1088 possidet
1621 1046 1722 1085 ambo,

261 1094 452 1124 imitatione
470 1093 624 1134 Virgilii:
649 1093 703 1123 ‘Si
717 1092 783 1122 duo
806 1096 976 1131 praeterea
989 1089 1075 1119 tales
1088 1089 1180 1120 Idaea
1195 1090 1333 1121 tulisset
1343 1091 1448 1121 Terra
1464 1090 1611 1121 viros.'—
1622 1093 1642 1120 6
1658 1089 1724 1120 Hic

258 1147 354 1177 prope
370 1140 417 1167 ter
425 1138 517 1167 denas
534 1136 640 1167 codex
658 1134 848 1166 Pulmanni.
887 1133 953 1164 Hic
967 1142 1061 1172 prope
1072 1135 1119 1163 ter
1133 1143 1222 1164 senas
1237 1134 1320 1165 vixit
1336 1133 1437 1165 codd.
1451 1133 1583 1164 Thuan.
1599 1139 1635 1164 et
1648 1133 1723 1163 Flo-

264 1184 353 1211 rent.
371 1184 407 1210 et
422 1180 470 1210 sie
487 1179 519 1210 in
536 1179 701 1210 nonnullis
715 1178 793 1209 edd.

919 1218 1060 1250 NOTAE

304 1290 323 1317 3
351 1287 503 1318 Natorum
517 1286 633 1327 pietas]
657 1286 735 1317 Hoc
760 1288 825 1324 est,
841 1284 962 1315 eodem

261 1340 420 1378 sepulcro
460 1339 616 1371 conditus
652 1343 706 1369 est
744 1347 819 1369 cum
856 1345 963 1368 uxore

263 1400 334 1422 sua.

303 1445 323 1473 4
348 1442 492 1473 Possidet
517 1441 603 1472 ambo
627 1440 765 1482 [umbro]
791 1439 856 1471 Alii
873 1438 962 1470 forte

261 1492 381 1522 melius
395 1493 514 1531 legunt
528 1492 616 1523 ambo
633 1501 692 1532 pro
704 1491 830 1530 ambos,
845 1490 964 1521 Etrus-

261 1552 338 1573 cum
379 1543 525 1581 scilicet,
562 1548 665 1583 atque
703 1552 855 1573 uxorein.
909 1542 965 1573 Sic

260 1594 356 1633 virg.
395 1593 470 1624 AEn.
501 1603 554 1625 Χῖ.
603 1594 612 1610 ‘
627 1594 663 1624 Si
693 1594 760 1624 duo
792 1597 966 1633 praeterea

261 1643 347 1674 tales
365 1643 458 1674 Idaea
475 1644 609 1675 tulisset
623 1645 728 1675 Terra
745 1642 857 1682 viros‚'
871 1646 935 1675 Sic.

303 1697 323 1725 6
347 1695 413 1726 Hic
435 1705 528 1736 prope
544 1699 592 1727 ter
616 1695 719 1735 senas]
744 1695 855 1725 Poeta
871 1694 965 1725 vide-

259 1749 317 1776 tur
333 1746 491 1777 sumsisse
503 1746 743 1787 Olympiadem
760 1754 822 1786 pro
842 1745 963 1784 lustro,

260 1806 321 1827 seu
349 1796 599 1838 quinquennio:
639 1795 770 1827 Statius
810 1795 898 1826 enim
929 1795 963 1826 in

260 1847 354 1887 Sylv.
370 1856 430 1879 ΙΙΙ.
448 1857 523 1888 quae
541 1846 752 1885 inscribitur,
767 1847 776 1863 ‘
787 1846 963 1885 Lacrymae

262 1897 421 1937 Etrusci‚'
437 1897 485 1928 sic
499 1898 542 1929 de
563 1898 707 1928 Etrusco
719 1896 830 1926 canit:
849 1896 858 1912 ‘
869 1897 964 1927 Dex-

261 1953 316 1979 tra
342 1947 392 1979 bis
423 1948 555 1980 octonis
571 1947 742 1979 finxerunt
758 1947 884 1978 saecula
898 1947 963 1978 lus-

263 1999 337 2038 tris,
353 1998 466 2040 Atque
489 1999 552 2030 aevi
570 1998 641 2029 sine
658 1997 747 2028 nube
765 1996 886 2037 tenor,'
899 1999 963 2028 &m

261 2049 314 2080 Ex
341 2049 390 2079 his
420 2050 571 2080 versibus
608 2053 744 2080 constat
782 2049 964 2079 Etruscum

261 2098 409 2130 feliciter
419 2100 528 2140 egisse
546 2099 722 2139 octoginta
735 2108 852 2139 annos,
868 2102 965 2129 ante-

263 2159 363 2190 quam
393 2151 590 2181 mitteretur
618 2150 652 2180 in
679 2149 830 2180 exilium.
882 2148 964 2180 Ovi-

265 2199 340 2230 dius
364 2201 465 2231 etiam
481 2201 522 2231 de
539 2201 651 2231 Ponto
676 2200 736 2231 lib.
752 2209 802 2231 lv.
818 2199 914 2240 Eleg.
933 2202 964 2231 6.

266 2250 506 2292 Olympiadem
522 2252 640 2283 sumsit
667 2261 730 2292 pro
751 2252 875 2283 lustro:
902 2252 911 2269 ‘
924 2251 966 2282 In

1017 1284 1158 1324 Scythia
1183 1285 1280 1316 nobis
1304 1284 1530 1327 quinquennis
1543 1283 1724 1325 Olympias

1018 1340 1096 1366 acta
1109 1340 1177 1367 est:
1192 1336 1270 1369 Jam
1285 1340 1420 1377 tempus
1435 1335 1534 1366 lustri
1552 1334 1675 1366 transit
1690 1335 1724 1365 in

1018 1387 1182 1420 alterius)
1201 1388 1303 1429 Apud
1311 1389 1505 1420 Historicos
1516 1397 1599 1419 vero
1607 1387 1726 1428 Olym-

1019 1439 1094 1480 pias
1113 1441 1279 1481 accipitur
1293 1451 1354 1482 pro
1368 1447 1512 1483 quatuor
1528 1441 1624 1472 annis
1636 1441 1726 1472 inte-

1020 1490 1102 1529 gris,
1118 1490 1159 1522 de
1173 1491 1377 1532 quibnsjam
1391 1492 1520 1523 dictum
1536 1502 1652 1532 snpra.
1686 1492 1724 1522 Si

1020 1549 1103 1581 ergo
1118 1541 1358 1582 Olympiadem
1384 1552 1446 1582 pro
1463 1547 1612 1582 quatuor
1627 1542 1725 1574 annis

1021 1591 1212 1632 acciperet,
1228 1593 1448 1633 septuaginta
1463 1602 1570 1624 annos
1586 1593 1730 1625 circum-

1021 1641 1112 1673 circa
1128 1642 1267 1673 vixisset
1281 1644 1457 1683 Etruscus,
1470 1647 1574 1684 atque
1585 1643 1637 1674 ita
1648 1652 1728 1675 con-

1020 1695 1074 1722 tra
1086 1692 1233 1723 Statium
1251 1692 1381 1724 diceret
1392 1693 1575 1724 MartIalis.

1062 1743 1080 1772 7
1099 1741 1344 1782 Sedsestinotz's]
1361 1743 1438 1774 Hoc
1449 1747 1520 1775 est:
1539 1743 1725 1775 OEtrusce

1018 1790 1078 1831 fili,
1100 1791 1184 1823 licet
1212 1793 1377 1823 Etruscus
1401 1798 1502 1833 pater
1518 1798 1596 1825 tuus
1612 1794 1726 1825 senior

1019 1840 1203 1881 interierit,
1234 1840 1307 1872 fato
1332 1846 1447 1873 tamen
1465 1843 1648 1875 immaturo
1665 1843 1724 1875 ab-

1019 1896 1154 1932 reptum
1171 1893 1235 1923 tibi
1261 1893 1359 1924 illum
1385 1894 1547 1934 credidit,
1573 1895 1726 1936 quisquis

1017 1943 1103 1974 vidit
1116 1948 1190 1974 tuos
1201 1943 1372 1984 planctus.
1395 1945 1531 1985 Legunt
1542 1946 1617 1976 alii:
1636 1946 1725 1987 Rap-

1016 1997 1084 2024 tum
1107 1997 1136 2024 te
1156 1994 1289 2024 credidit
1312 1995 1412 2026 annis.
1468 1995 1509 2026 In
1533 1995 1596 2027 hoc
1621 2005 1723 2027 versu

1019 2044 1201 2075 Etruscum
1227 2049 1373 2085 patrem,
1401 2046 1435 2076 in
1460 2047 1580 2077 ultimo
1604 2048 1725 2078 Etrus-

1019 2105 1094 2127 cum
1133 2095 1239 2127 filium
1278 2097 1511 2138 alloqueretur
1543 2097 1665 2137 Poeta,
1687 2103 1726 2130 ut

1020 2146 1126 2178 aiunt.
1182 2147 1310 2179 Melior
1352 2149 1454 2190 longe
1480 2149 1563 2181 mihi
1587 2148 1725 2181 videtur

1022 2197 1116 2239 prior
1126 2198 1242 2231 lectio.

651 2434 717 2464 AD
751 2433 1002 2464 SEMPRONI
1014 2434 1083 2465 UM
1117 2434 1334 2465 TUCCAM.

267 2499 514 2542 Cosmicos
537 2514 636 2541 esse
652 2503 748 2552 tibi,
770 2503 1008 2557 Semproni
1028 2503 1195 2553 Tucca,
1216 2503 1407 2544 videris:

324 2567 547 2617 Cosmum,
570 2568 815 2622 Semproni,
837 2574 928 2612 tam
948 2572 1079 2622 mala,
1101 2585 1232 2626 quam
1252 2573 1370 2613 bona
1388 2575 1504 2612 sunt.

312 2672 343 2704 Ο
356 2673 521 2713 Semproni
539 2673 650 2715 Tucca,
665 2675 765 2707 credis
787 2679 818 2708 te
833 2686 896 2708 esse
911 2676 1096 2708 cosmicum:
1118 2686 1138 2709 o
1150 2675 1325 2719 Semproni,
1339 2675 1470 2709 cosmica
1496 2685 1582 2717 teque
1598 2675 1674 2708 bona
1688 2686 1724 2708 oc

267 2717 350 2748 mala
364 2721 448 2748 sunt.

876 2772 991 2784 eeeeee

995 2772 1111 2784 eeeeee

311 2813 363 2845 Act
376 2813 587 2853 Sempronium
604 2813 797 2847 inscribitur
814 2815 847 2847 in
861 2817 938 2850 edd.
962 2821 1045 2850 vett.
