1960 3230
649 245 908 274 i·:1‘1‹:stA.uM
925 247 1055 276 *i'ri‘M
1094 249 1185 278 ΜΒ.
1213 249 1296 279 vn.
1616 242 1700 281 505

785 540 834 568 ΙΝ
869 539 1154 569 sANcTRAM.

356 617 510 658 NIHIL
529 621 598 658 est
618 617 836 667 miserius,
861 631 939 659 nec
963 619 1158 671 gulosius
1181 620 1383 670 Sanctra,

356 686 543 726 Rectam
564 689 745 726 vocatus
767 699 865 727 cuni
889 687 1082 728 cucurrit
1100 688 1155 728 ad
1173 702 1360 741 coenam,

356 753 500 803 Quam
522 758 587 795 tot
608 743 780 805 diebus,
802 756 1097 809 noctibusque
1116 758 1337 810 captavit3

354 821 438 863 Ter
460 823 607 876 poscit
628 823 720 877 apri
741 823 988 876 glandulas,
1012 827 1162 877 quater
1188 825 1399 874 lumbum,

354 891 409 930 Et
428 895 652 945 utramque
672 904 832 933 coxam
854 892 1034 946 leporiS‚
1058 896 1103 933 et
1121 892 1235 933 duos
1258 906 1427 934 armos:
1671 891 1699 930 5

355 958 453 999 Nec
473 960 694 1001 erubescit
714 960 912 1013 pejerare
934 959 987 1000 de
1008 960 1153 1009 turdo,

353 1025 408 1066 Et
431 1030 665 1068 ostreorum
687 1041 841 1082 rapere
859 1027 1023 1068 lividos
1042 1029 1193 1069 cirros.

352 1094 517 1135 Buccis
536 1096 753 1149 placentae
773 1096 998 1137 sordidam
1015 1096 1112 1137 linit
1132 1110 1357 1151 mappam.

351 1162 452 1203 Illic
469 1167 510 1204 et
529 1176 629 1204 uvae
651 1164 919 1205 collocantur
944 1164 1121 1213 ollares,

351 1230 406 1272 Et
420 1231 686 1273 Punicorum
707 1245 848 1286 pauca
870 1244 1003 1284 grana
1024 1232 1257 1281 malorum,
1643 1235 1697 1275 10

359 1298 409 1340 Et
430 1304 658 1341 excavatae
681 1300 808 1354 pellis
830 1300 1036 1341 indecens
1057 1300 1220 1349 vulvae,

351 1367 407 1407 Et
426 1368 551 1422 lippa
571 1368 699 1418 ficus,
714 1367 957 1422 debilisque
974 1368 1170 1408 boletus.

284 1488 374 1519 Nihil
388 1491 433 1519 est
458 1489 613 1526 infelicius
638 1492 667 1519 et
682 1488 820 1527 gulosius
836 1488 983 1526 Sanctra,
1004 1497 1071 1519 cum
1096 1488 1249 1518 invitatus
1273 1492 1419 1528 properat
1434 1491 1474 1520 ad
1497 1499 1613 1520 coenam
1627 1500 1692 1521 rec-

239 1535 315 1571 tam,
331 1542 421 1571 quam
433 1535 604 1572 aucupatus
617 1535 661 1561 est
677 1535 723 1562 tot
735 1532 842 1562 diebus
853 1534 883 1562 et
897 1531 1035 1561 noctibus
1050 1541 1059 1566 ‚·
1076 1534 1124 1561 ter
1137 1532 1217 1570 petit
1227 1532 1392 1570 glandulas
1403 1532 1484 1572 apri,
1499 1536 1610 1572 quater
1620 1533 1696 1563 lum-

238 1575 320 1612 bum,
332 1578 422 1614 atque
433 1578 592 1614 utramque
603 1584 712 1604 coxam
727 1574 851 1613 leporis,
862 1577 891 1604 et
907 1575 980 1604 duos
991 1583 1092 1604 armos
1107 1583 1119 1609 ;
1142 1583 1196 1604 nec
1208 1575 1303 1613 pudet
1319 1574 1405 1604 illum
1421 1574 1559 1614 peierare
1579 1577 1616 1606 ‹Ie
1631 1579 1697 1606 tur-

238 1619 288 1655 do,
304 1621 333 1648 et
345 1617 509 1648 subducere
524 1617 633 1647 lividos
645 1617 743 1647 cirros
755 1619 938 1646 ostreorum.
984 1616 1080 1646 Dulci
1101 1617 1243 1654 placenta
1258 1616 1359 1656 inficit
1373 1618 1529 1648 sordidam
1544 1628 1697 1658 mappam.

237 1661 308 1691 Illic
324 1665 353 1690 et
366 1670 431 1691 ιιι-(ε
451 1661 573 1698 ollares,
585 1662 615 1690 et
623 1669 721 1698 pauca
733 1668 835 1697 grana
850 1658 1001 1688 malorum
1017 1659 1205 1688 Punicorum
1222 1663 1430 1699 apponuntur,
1452 1664 1482 1691 et
1493 1661 1582 1700 pellis
1606 1662 1694 1692 inde-

238 1713 308 1733 cora
330 1704 428 1733 vulvoe
443 1712 554 1742 exesae,
570 1702 691 1742 etficus
716 1702 812 1741 lippa,
835 1704 865 1731 et
885 1701 994 1731 debilis
1009 1700 1135 1731 boletus.
1180 1701 1223 1732 Ac
1241 1711 1309 1732 cum
1317 1701 1387 1740 jam
1402 1703 1694 1743 nmppafrangitur

848 1793 1086 1804 ‘ae‘e‘memee

280 1865 376 1896 Dulci
385 1864 526 1905 placenta
542 1862 596 1894 ed.
614 1862 721 1902 antiq.
740 1863 873 1893 Ferrar.
890 1870 943 1892 an.
962 1863 1058 1891 1471.
1083 1859 1165 1892 Ald.
1182 1861 1282 1893 Jnnt.
1297 1862 1410 1894 Colin.
1429 1862 1561 1904 Gryph.
1579 1863 1696 1896 Plant.

235 1908 375 1940 Junian.
394 1908 499 1947 Lang.
527 1906 652 1946 Delph.
669 1906 757 1937 aliae.
801 1904 914 1935 Dulcis
938 1904 1081 1943 placenta
1107 1904 1291 1937 Pulmanni
1318 1905 1439 1937 codex.
1487 1907 1604 1937 Buccis
1628 1909 1695 1947 pla-

234 1955 330 1984 centae
350 1951 459 1983 codex
476 1950 708 1989 Florentium,
734 1958 795 1990 pro
810 1948 820 1964 ‘
836 1946 998 1986 bucceiS‚'
1027 1948 1049 1978 i.
1073 1956 1102 1977 e.
1128 1945 1375 1979 frustulis.—ll
1404 1949 1611 1981 Beverlandi
1627 1951 1694 1981 Ms.

893 2045 1034 2077 NOTAE

277 2125 297 2153 2
325 2121 453 2152 Rectam
481 2119 620 2159 vocatus]
656 2119 767 2151 Quam
794 2125 934 2147 revoca·
990 2113 1232 2155 referentibus,
1249 2115 1340 2147 unde
1357 2117 1467 2148 lividos
1479 2121 1589 2149 vocat.
1613 2119 1696 2150 Sen-

236 2178 333 2203 verat
360 2170 573 2202 Domitianus
596 2167 739 2200 sublatis
759 2166 933 2208 sportulis.
990 2175 1046 2196 sus
1073 2170 1127 2197 est
1143 2176 1151 2196 :
1175 2165 1230 2196 Ab
1249 2166 1307 2197 illo
1324 2167 1481 2199 helluone
1498 2169 1572 2209 rapi
1589 2170 1693 2201 etiam

236 2223 324 2254 Vide
339 2222 400 2253 lib.
417 2231 458 2253 11.
475 2220 576 2261 Epig.
589 2222 643 2251 69.
989 2221 1112 2248 ostrea.

276 2276 296 2304 4
323 2270 511 2310 Glandulas]
538 2271 628 2302 Vide
658 2269 716 2301 lib.
745 2278 802 2301 111.
831 2268 934 2309 Epig.
1031 2271 1051 2298 S
1075 2268 1191 2299 Buccis
1217 2269 1368 2309 placentae
1398 2269 1513 2310 [Dulcz‘
1535 2271 1693 2313 placenta]

235 2327 288 2355 81.
315 2322 446 2354 lumbus
471 2330 548 2352 vero
572 2325 625 2352 est
639 2320 750 2351 media
763 2329 842 2361 pars
860 2319 934 2360 apri
989 2319 1101 2351 Quam
1117 2323 1153 2350 et
1169 2319 1255 2350 clam
1277 2319 1481 2352 subductam
1501 2332 1627 2364 mappa
1644 2324 1693 2354 in-

237 2375 270 2404 in
287 2379 357 2405 tres
371 2377 485 2413 partes
501 2371 612 2403 divisi.
989 2371 1158 2402 volvebat.
1184 2372 1320 2412 Legunt
1336 2373 1392 2404 alii
1403 2374 1520 2406 Buccis
1528 2375 1693 2415 plac-enm,

275 2429 293 2455 5
324 2424 495 2463 Utramque
517 2421 640 2461 coxam]
672 2421 767 2453 Coxa
793 2421 936 2461 posteri·
989 2422 1052 2452 hoc
1070 2426 1135 2461 est,
1150 2421 1288 2455 frustis:
1316 2424 1385 2462 alii,
1414 2425 1526 2456 Dulcis
1538 2426 1693 2466 placenta.

236 2484 330 2505 orum
347 2473 471 2515 pedum
485 2482 563 2513 pars
575 2477 628 2503 est
640 2472 807 2513 superior,
824 2482 935 2503 armus
990 2473 1116 2503 Videat
1132 2473 1253 2504 lector.

237 2525 452 2556 anteriorum.
1033 2527 1053 2555 9
1081 2524 1157 2555 Uvae
1173 2525 1298 2566 ollares]
1321 2524 1406 2558 Quae
1424 2534 1546 2567 nempe
1564 2526 1599 2557 in
1614 2527 1689 2559 ollis

278 2578 298 2605 6
322 2575 481 2616 Pejerare]
502 2574 579 2605 Hoc
596 2579 661 2609 est,
676 2583 750 2604 cnm
775 2572 936 2604 subduxit
990 2574 1228 2606 servabantur.

236 2625 366 2665 turdos,
382 2635 448 2656 non
472 2624 579 2666 pudet
598 2624 705 2665 ipsum
723 2624 841 2664 jurare
868 2623 932 2654 sibi
1033 2628 1072 2657 11
1097 2626 1142 2656 Et
1156 2625 1330 2666 excavatoe]
1354 2626 1467 2657 Exesa
1482 2626 1570 2658 enim
1585 2637 1688 2659 carne

237 2686 304 2707 non
319 2675 421 2706 fuisse
433 2676 617 2716 appositos.
988 2676 1059 2707 sola
1074 2675 1170 2716 pellis
1183 2680 1374 2716 supererat.

279 2730 298 2757 7
323 2726 506 2756 Ostreorum
545 2725 656 2756 lividos
690 2725 804 2765 cirros]
842 2724 932 2756 Cirri
1030 2730 1071 2758 12
1096 2727 1141 2757 Et
1168 2727 1252 2767 lippa
1266 2726 1367 2767 ficus]
1406 2727 1518 2769 Equa
1556 2728 1687 2760 lacteus

238 2776 372 2817 proprie
388 2775 497 2805 crines
513 2779 603 2812 sunt,
617 2775 742 2805 sedhic
755 2778 933 2805 sumuntur
985 2775 1106 2806 humor
1120 2775 1335 2816 lippitudinis
1351 2778 1459 2809 instar
1474 2777 1562 2809 fluit.

238 2837 299 2867 pro
315 2825 407 2857 fibris
434 2828 622 2855 ostreorum
640 2825 749 2856 carnis
782 2826 930 2857 colorem
1029 2826 1209 2867 Debilisque
1224 2827 1355 2867 boletus]
1379 2829 1469 2861 Quia
1491 2839 1610 2870 parum
1629 2829 1687 2860 du-
