1893 3225
505 222 909 253 EPlGRAMMA‘l'UM
946 221 1037 250 121ss.
1072 220 1153 250 vu.
1496 210 1575 251 561

780 326 931 369 XCV.

722 416 771 446 IN
809 416 987 446 LlNoM.

299 489 485 529 BRUMA
507 490 590 536 est,
613 490 659 526 et
679 486 790 538 riget
809 485 1009 526 horridus
1033 483 1292 533 December,

299 555 451 597 Audes
471 558 519 596 tu
538 558 683 595 tamen
702 553 856 594 osculo
878 552 1016 594 nivali

300 623 463 665 Omnes
485 621 643 662 obvius
662 621 763 661 hinc
783 624 825 661 et
839 620 942 660 hinc
961 622 1124 669 tenere,

300 691 358 732 Et
377 694 527 739 totam,
549 689 672 738 Line,
695 689 867 729 basiare
889 688 1097 729 Romam.

299 758 419 809 Quid
437 757 586 812 possis
606 757 873 811 graviusque
901 757 1156 809 saeviusque
1557 753 1584 792 5

300 826 549 867 Percussus
568 825 724 873 facere,
745 828 875 877 atque
895 825 1148 865 verberatus
1165 824 1182 862 Τ

299 893 403 934 Hoc
424 906 493 933 me
509 892 665 945 frigore
685 891 829 932 basiet
847 904 928 932 nec
950 904 1081 940 uxor,

299 960 482 1001 Blandis
503 960 593 1000 filia
611 971 691 1000 nec
711 959 830 1000 rudis
850 958 1035 999 labellis.

299 1026 388 1068 Sed
407 1033 453 1068 tu
474 1027 656 1076 dulcior,
677 1026 1021 1079 elegantiorque,

301 1094 443 1148 Cujus
462 1094 601 1136 livida
621 1095 803 1135 naribus
826 1094 995 1134 caninis
1534 1089 1586 1128 10

299 1162 532 1215 Dependet
551 1163 729 1215 glacies,
749 1162 952 1214 rigetque
973 1161 1126 1210 barba,

303 1230 496 1280 Qualem
518 1230 745 1271 forficibus
763 1230 886 1270 metit
906 1229 1078 1282 supinis

301 1297 473 1339 Tonsor
493 1297 711 1351 Cinyphio
731 1297 852 1339 Cilix
872 1297 1043 1338 marito.

304 1365 493 1406 Centum
514 1379 736 1408 occurrere
756 1367 874 1407 malo
895 1365 1181 1417 cunnilingis:

301 1433 361 1473 Et
381 1433 556 1474 Gallum
578 1434 711 1474 timeo
733 1434 874 1474 minus
895 1438 1131 1474 recentem.
1533 1429 1588 1470 15

303 1500 453 1551 Quare
474 1501 512 1542 si
533 1501 614 1542 tibi
632 1515 790 1543 sensus
812 1506 892 1551 est,
914 1501 1156 1554 pudorque,

176 1631 207 1662 O
226 1631 317 1670 Line,
332 1632 437 1672 hyems
459 1636 525 1670 est,
551 1636 581 1663 et
606 1632 749 1663 horridus
772 1632 941 1664 December
966 1633 1069 1670 riget:
1091 1630 1292 1661 nihilominus
1307 1631 1343 1659 tu
1355 1629 1449 1659 audes
1463 1627 1587 1666 frigido

131 1673 214 1705 basio
226 1675 297 1704 hinc
309 1678 339 1705 et
354 1675 424 1705 hinc
448 1676 565 1705 morari
595 1685 696 1706 omnes
717 1679 920 1711 occurrentes,
943 1678 1034 1714 utque
1049 1674 1181 1704 escuem-i
1196 1677 1293 1703 totam
1315 1672 1456 1702 Romam.
1504 1671 1588 1705 Quia*

131 1719 220 1748 loesus
235 1721 289 1747 out
312 1718 488 1748 verberatus
509 1718 607 1757 possis
619 1717 727 1755 facere
741 1719 869 1756 grat-ius
892 1721 947 1748 aut
969 1717 1108 1748 acerbius
1121 1715 1137 1747 2
1182 1716 1253 1746 Hoc
1267 1714 1393 1753 frigore
1408 1724 1463 1744 vnec:
1477 1713 1588 1749 conjux

130 1770 178 1790 me
196 1761 360 1798 osculetur,
370 1770 424 1790 nec
439 1760 605 1801 rudisfilia
621 1761 737 1790 teneris
752 1761 856 1791 labris.
902 1762 948 1791 At
961 1764 995 1790 tu
1006 1761 1131 1790 suavior
1146 1763 1239 1798 alque
1253 1758 1393 1788 ornatior
1417 1755 1477 1787 tibi
1496 1756 1588 1786 vide-

130 1803 188 1841 ris,
200 1812 239 1832 ex
248 1802 332 1840 cujus
347 1803 466 1832 caninis
478 1803 605 1833 naribus
617 1813 761 1842 suspensa
773 1808 818 1833 esl
835 1805 952 1842 glucies
966 1803 1074 1840 liz-ida,
1090 1806 1118 1833 et
1136 1802 1229 1832 barba
1247 1801 1346 1839 riget,
1364 1800 1483 1839 qualem
1498 1802 1580 1831 secat

130 1848 235 1876 tonsor
250 1846 338 1876 Cilix
348 1846 465 1886 supinis
465 1845 641 1886 forcipibus
657 1846 810 1886 Cinyphio
827 1846 949 1877 ›nm-ito.
974 1845 992 1862 ἐξ
1015 1845 1033 1863 ²*
1057 1848 1086 1875 et
1104 1846 1205 1875 minus
1219 1849 1317 1874 metuo
1337 1845 1465 1873 (iustum.
1485 1851 1587 1872 recen-

918 1919 976 1930 ese-e

174 1963 192 1992 3
220 1962 333 1992 Omnes
348 1960 452 1991 obvios
473 1961 507 1992 in
530 1961 608 1992 edd.
627 1965 711 1992 vett.
737 1962 852 1992 Omnes
868 1961 972 1992 obt-ius
987 1961 1093 1992 codex
1110 1960 1369 1992 Pulmanni.-—-S
1386 1958 1588 1990 Beverlanrli

130 2003 279 2045 Ms.filic1
301 2014 355 2035 nec
370 2005 556 2035 nudis—12
582 2005 712 2040 Qualem
727 2004 902 2044 forcipibus
918 2005 996 2035 edd.
1014 2012 1097 2036 vett.
1144 2005 1272 2039 Qualem
1286 2003 1462 2044 forpicibus
1477 2002 1587 2033 codex

131 2047 325 2079 Pulmanni.
371 2047 567 2079 Lectiouem
597 2053 744 2078 nostram
772 2052 921 2078 testatur
946 2047 1055 2078 codex
1083 2048 1399 2078 Floi·e11ti1ms.-l3
1427 2044 1587 2086 Cynaplzio

135 2091 233 2130 Cylea:
259 2090 370 2120 marito
398 2090 432 2119 in
459 2091 578 2121 eodem
598 2091 729 2121 codice.
774 2089 886 2122 ‘Quid
905 2090 1004 2121 Cilici
1021 2090 1150 2121 tonsori
1176 2100 1250 2120 cum
1279 2091 1373 2120 hirco
1401 2087 1588 2128 Cinyphio?

131 2133 210 2164 Non
226 2133 333 2172 magis
358 2133 540 2164 verisimile
568 2139 633 2170 est,
649 2132 837 2173 Cinyphios
862 2138 1016 2164 tonsores
1045 2143 1120 2164 snos
1136 2143 1155 2163 e
1172 2133 1295 2164 Cilicia
1310 2132 1462 2171 petiisse,
1488 2140 1585 2170 quam

132 2175 256 2206 Cilicas
275 2184 293 2205 e
308 2175 495 2216 Cinyphiis.
520 2176 634 2207 .Bene
659 2177 793 2216 itaque:
821 2175 936 2206 Tonsor
955 2177 1107 2217 Cinyphio
1133 2176 1266 2215 Chalybs
1282 2176 1407 2206 marito.
1455 2172 1589 2212 Chalybs

131 2227 194 2258 pro
210 2218 300 2248 omni
316 2227 369 2255 eo,
385 2219 441 2259 qui
462 2218 589 2249 ferrum
613 2225 754 2258 tractat,
783 2218 1063 2259 quemadmodum
1082 2224 1117 2250 et
1133 2219 1223 2258 apud
1237 2218 1407 2249 Catullum
1422 2216 1464 2247 de
1482 2216 1588 2246 Coma

132 2261 259 2292 Beren.
277 2264 327 2292 15.
351 2261 438 2292 Vide
454 2261 489 2294 J.
504 2262 606 2293 Voss.
619 2262 661 2293 ad
675 2262 801 2293 Catulli
816 2261 928 2301 Attin,
944 2273 976 2302 p.
992 2262 1076 2294 1723
1101 2262 1288 2293 Beverland.

789 2337 932 2369 NOTAE

177 2403 215 2431 11
239 2401 536 2442 Dependetgmcz'es]
559 2402 636 2434 Hoc
650 2401 834 2442 est‚stiria‚
890 2402 931 2433 ad
948 2412 1045 2443 quem
1063 2411 1185 2442 magna
1211 2405 1263 2432 est
1285 2399 1455 2431 hircorum
1477 2397 1588 2438 copia.

134 2450 277 2491 Gallice,
291 2451 409 2491 roupie.
888 2454 1017 2484 Tamen
1041 2453 1176 2484 videtur
1205 2462 1279 2483 esse
1303 2451 1431 2482 Ciliciae
1458 2448 1591 2489 fluvius,
1653 2476 1655 2478 .

179 2504 218 2532 12
243 2502 558 2544 Qualemsorficibus]
583 2503 658 2534 Hoc
675 2508 740 2542 est,
754 2513 834 2544 qua·
890 2515 966 2536 cum
997 2505 1090 2536 dicat
1120 2504 1325 2545 Cinyphium
1354 2502 1511 2533 maritum
1529 2511 1589 2532 seu

133 2551 199 2581 lem
214 2551 352 2583 barbam
375 2553 502 2584 habent
527 2554 614 2584 hirci
640 2553 796 2594 Cinyphii
816 2564 836 2585 a
887 2556 1017 2587 hircum
1033 2565 1053 2586 a
1069 2555 1176 2587 Cilice
1191 2554 1334 2586 tonderi.

137 2600 246 2631 Cilice
262 2603 415 2641 caprario
442 2604 542 2634 tonsi.
588 2605 760 2646 Forficibus
783 2614 835 2634 su·
932 2611 970 2637 15
1011 2607 1138 2637 Gallum
1174 2605 1280 2645 timeo]
1319 2603 1493 2635 Turnebus
1531 2603 1589 2633 lib.

132 2652 232 2692 pinis]
256 2652 332 2683 Hoc
346 2658 413 2693 est,
424 2655 499 2685 acie
517 2662 645 2695 erecta,
661 2661 696 2687 et
719 2667 834 2688 manu-
890 2665 978 2688 xxv.
995 2667 1070 2697 cap.
1085 2659 1138 2687 24.
1161 2656 1208 2687 sic
1227 2655 1378 2696 explicat
1403 2655 1493 2684 hunc
1518 2663 1591 2684 ver-

136 2703 210 2734 brio
227 2702 383 2733 deorsum
406 2705 582 2736 tendente.
628 2707 769 2747 Cinyps,
789 2708 836 2738 in·
889 2717 980 2738 sum:
1000 2707 1106 2747 Puto,
1122 2706 1246 2747 inquit,
1263 2703 1449 2746 significari
1464 2703 1589 2734 malum

137 2753 210 2794 quit
241 2753 406 2792 Ortelius,
448 2753 568 2786 fluvius
608 2762 660 2787 est
695 2756 835 2788 Africae.
890 2757 1042 2796 odorem,
1068 2766 1168 2798 quem
1193 2765 1338 2797 corpore
1369 2764 1428 2786 suo
1456 2754 1590 2784 emitte-

138 2803 260 2835 Strabo
287 2803 345 2835 lib.
372 2812 468 2835 xvu.
492 2806 634 2838 scribit‘
652 2806 840 2849 Cimphus‚'
891 2807 974 2838 bant
991 2807 1083 2840 Galli
1108 2808 1247 2839 Romam
1265 2806 1451 2843 venientes,
1476 2812 1592 2835 recen-

227 2857 336 2897 Delplz.
351 2860 379 2888 et
398 2857 470 2888 Var.
485 2858 566 2890 Clas.
787 2861 932 2892 Illurtlul.
1429 2860 1448 2887 '2
1472 2857 1502 2887 N
