1893 3225
551 231 949 261 vaGRAMMATUM
989 231 1080 260 mn.
1121 230 1231 260 Xlll.
1537 221 1620 263 953

829 418 961 459 XLI.

610 507 896 539 PORCELLUS
931 505 1170 537 LAc‘rENS.

166 577 335 617 LAc‘rE
357 589 474 618 mero
490 580 667 630 pastum
688 576 825 630 pigrae
844 575 949 617 mihi
965 575 1114 615 matris
1135 574 1357 614 alumnum

221 646 383 695 Ponat,
405 648 447 685 et
467 645 619 686 AEtolo
638 644 694 685 de
717 657 793 685 sue
815 644 941 685 dives
963 643 1079 685 edat.

163 799 182 829 d
208 754 450 828 Direjgttpfonat
473 754 550 785 mila·
568 755 723 786 alumnum
735 756 838 796 pigrae
848 755 960 787 matris
971 754 1124 787 nutritum
1138 754 1201 784 solo
1213 754 1304 793 lacte,
1319 755 1349 785 et
1365 751 1438 793 ipse
1452 752 1615 783 manducet

185 808 198 829 e
214 807 266 829 sue
340 808 356 828 ο
370 808 399 828 o.

772 850 1006 863 oeeee‘ooueb

204 886 224 914 2
246 883 386 915 AEtlwlio
402 882 477 915 cod.
495 884 631 916 Beverl.

813 925 959 958 NOTAE

206 994 223 1022 1
247 991 357 1032 Lacte]
381 991 455 1023 Hoc
467 996 532 1031 est,
548 992 713 1032 porcellus
725 993 858 1023 lactens
915 991 1028 1023 AEtolo
1046 990 1146 1032 Epig.
1166 993 1216 1022 15.
1230 989 1289 1022 lib.
1305 989 1425 1030 Spect.

160 1042 234 1083 plus
250 1042 329 1074 mihi
343 1042 434 1083 sapit
449 1052 547 1083 quam
564 1053 658 1083 aper.
703 1043 758 1074 De
775 1053 858 1084 apro

590 1334 815 1364 APYRINA
852 1335 910 1364 ET
942 1335 1188 1366 TUBERES.

164 1401 274 1442 NON
298 1401 378 1443 tibi
400 1402 454 1443 de
478 1402 660 1456 Libycis
683 1404 874 1453 tuberes,
897 1407 942 1444 et
963 1404 1148 1459 apyrina
1166 1403 1318 1453 ramis,

224 1470 290 1510 De
308 1469 601 1511 Nomentanis
623 1470 702 1511 sed
721 1471 877 1511 damus
898 1473 1142 1513 arboribus.

208 1568 277 1600 Tibi
292 1570 440 1601 donamus
463 1569 583 1601 tuberes
605 1573 635 1601 et
660 1570 795 1611 apyrina
817 1580 878 1602 non
904 1573 942 1603 de
970 1571 1066 1603 ramis
1089 1571 1211 1612 Libyoe,
1231 1571 1286 1602 sed
1307 1579 1346 1601 ex
1361 1568 1521 1601 arboribus
1547 1569 1613 1599 No-

161 1613 270 1644 menti.

765 1665 1006 1679 “teu-›moeo

203 1717 219 1745 1
248 1714 377 1746 Tibur-es
393 1717 428 1745 et
441 1715 551 1756 aprina
565 1712 641 1746 cod.
658 1714 792 1745 Beverl.

820 1755 961 1788 NOTAE

203 1821 352 1862 Tuberes]
386 1822 496 1853 Poma
511 1831 586 1862 quae
603 1821 636 1852 in
654 1819 864 1852 Africanas·
918 1825 983 1859 est,
1027 1821 1099 1852 sine
1127 1821 1259 1859 nucleo,
1283 1819 1415 1852 Plinius
1444 1819 1503 1851 lib.
1533 1828 1617 1850 xm·

159 1878 283 1904 cuntur
299 1872 440 1913 optima,
464 1872 595 1903 Plinius
618 1872 674 1903 lib.
702 1881 766 1903 xv.
788 1882 864 1912 cap.
918 1881 995 1913 cap.
1014 1875 1066 1903 19.
1106 1872 1236 1903 Punica
1253 1871 1342 1902 mala
1358 1870 1522 1910 intellige.
1560 1871 1616 1901 De

161 1927 213 1955 14.
258 1923 392 1954 Tuben-a
408 1932 486 1954 vero
510 1927 589 1954 sunt
615 1932 719 1963 genus
743 1922 862 1963 fungo·
919 1924 998 1954 villa
1016 1933 1078 1955 sua
1106 1924 1324 1955 Nomentana
1339 1922 1409 1963 egit
1435 1921 1544 1953 Poeta
1558 1921 1618 1953 lib.

159 1985 245 2007 rum.
291 1975 344 2006 De
361 1974 537 2014 Apyrfflis,
550 1984 624 2015 quae
640 1974 687 2005 sic
704 1974 863 2006 dicuntur
919 1983 945 2005 ι.
963 1973 1062 2015 Epig.
1075 1976 1147 2005 106.

160 2027 202 2057 ab
219 2039 238 2057 α
254 2027 436 2067 privativo,
461 2030 498 2057 et
519 2025 627 2067 πυρίνη
651 2025 805 2064 nucleus,
828 2024 863 2056 id

799 2181 985 2224 XLIII.

819 2271 961 2301 IDEM.

162 2341 326 2382 LEcTA
351 2341 617 2382 suburbanis
638 2340 866 2381 mittuntur
889 2338 1075 2392 apyrina
1095 2339 1243 2389 ramis,

217 2406 275 2449 Et
291 2420 434 2450 vernae
454 2408 650 2449 tuberes:
689 2408 796 2461 quid
820 2408 899 2449 tibi
922 2420 1022 2448 cum
1044 2406 1262 2460 Libycis?

132 2528 136 2532 ·
160 2515 348 2590 ngdpyrigm
363 2515 505 2555 decerpta
519 2524 559 2545 ex
574 2515 670 2546 ramis
683 2513 879 2557 suburbanis,
893 2518 923 2546 et
934 2525 1037 2548 vernae
1060 2514 1181 2546 tuberes
1201 2513 1391 2546 mittuntur.-
1415 2515 1488 2555 quid
1504 2515 1618 2556 quoeris

190 2569 200 2590 ι
221 2568 309 2600 ycos.

768 2609 1003 2622 eeeeeeeeeeee

203 2648 221 2675 l
246 2643 379 2684 Arpinia
394 2642 469 2674 cod.
495 2642 633 2674 Beverl.

815 2685 954 2719 NOTAE

203 2755 222 2783 2
251 2751 359 2782 Vernae
373 2749 510 2790 tuberes]
534 2750 613 2781 Hoc
630 2754 696 2790 est,
717 2751 787 2782 nati
800 2751 857 2782 do-
913 2750 1111 2792 peregrinos
1127 2748 1287 2781 tuberes?
1325 2749 1475 2781 Quorum
1499 2748 1616 2779 memi-

159 2803 216 2843 mi,
232 2802 289 2843 qui
316 2811 395 2833 cum
421 2802 487 2832 sint
513 2800 645 2841 optimi,
665 2801 746 2842 quid
772 2802 859 2842 petis
914 2800 965 2831 nit
981 2799 1162 2831 Suetonius
1179 2799 1212 2830 in
1230 2797 1429 2830 Domitiano
1448 2806 1523 2838 cap.
1541 2800 1591 2829 16.
