1893 3225
546 250 944 281 leptGRAMMA'rUM
987 250 1076 278 1213.
1111 249 1214 278 xlv.
1498 238 1609 279 1043

818 345 958 378 NOTAE

206 420 219 447 1
267 414 452 455 Velleribus]
491 414 592 445 Lanae
621 413 706 444 albae
735 412 859 454 primas
913 420 1012 452 quam
1041 410 1283 440 Villanovanns
1308 409 1447 440 Torcello
1469 408 1534 439 dici
1552 408 1612 447 ait,

162 473 257 499 tenet
275 467 401 508 Apulia
418 478 426 505 ;
454 465 619 496 secundas
631 464 766 500 Parma,
782 462 863 494 urbs
914 471 1036 493 nomen
1053 462 1162 493 Altino
1179 461 1326 492 retinere
1354 462 1514 502 putarim.
1552 462 1614 491 Or·-

162 524 243 549 nuta
282 518 323 549 ad
353 517 507 554 Padum3
547 515 667 546 tertias
696 513 862 553 Altinum,
915 514 1016 546 telius.

158 570 248 612 quod
262 575 313 601 est
331 569 487 600 Venetiae
500 566 753 598 mediterranea
765 565 856 603 urbs,

808 700 971 742 CLVI.

708 791 852 821 LANAE
885 789 1070 820 'rYR1AE.

165 861 270 902 Nos
293 860 650 901 Lacedaemoniae
672 863 824 913 pastor
845 857 1026 899 donavit
1046 857 1199 898 amicae
1220 872 1229 899 2

227 929 426 969 Deterior
448 928 584 970 Ledae
606 939 799 981 purpura
819 927 970 967 matris
988 930 1094 966 erat.

209 1018 325 1049 Pastor
347 1027 403 1049 nos
415 1018 501 1049 dedit
516 1017 625 1049 amica*
640 1016 880 1048 Lacedaemoniae
893 1027 902 1047 .·
915 1024 1053 1056 purpura
1068 1014 1162 1045 Ledae
1175 1014 1341 1054 genitricis
1349 1018 1416 1046 erat
1435 1015 1578 1052 inferior.

822 1091 965 1124 NOTAE

209 1160 225 1188 1
254 1158 318 1187 Nos
332 1157 590 1197 Lacedaemoniae]
608 1157 686 1188 Hoc
700 1161 767 1188 est:
783 1158 866 1188 Pas·
962 1160 981 1188 2
1006 1158 1154 1188 Deterior
1165 1156 1272 1196 Ledoe]
1297 1157 1384 1188 Quae
1402 1165 1524 1196 nempe
1541 1166 1621 1196 pur-

165 1216 219 1238 tor
248 1207 348 1238 Paris
380 1208 523 1238 Helena„²
553 1207 650 1238 dedit
683 1217 865 1248 purpuram
921 1218 1007 1248 pura
1024 1209 1193 1240 Laconica
1208 1212 1285 1239 erat
1301 1207 1432 1244 induta,
1449 1217 1515 1248 qua
1526 1208 1620 1238 nobi-

161 1257 309 1298 Tyriam,
334 1268 408 1300 qnae
440 1258 702 1291 Lacedaemonia
741 1259 865 1299 pretio·
920 1259 984 1290 lior
1000 1264 1050 1290 est
1062 1259 1181 1300 Tyria:
1201 1259 1291 1290 Leda
1305 1262 1416 1289 autem
1430 1257 1494 1288 fuit
1512 1263 1620 1289 mater

165 1309 231 1339 sior
244 1314 331 1339 erat.
921 1310 1078 1349 Helenae,
1090 1312 1153 1340 ἃς.

799 1442 988 1484 CLVII.

640 1533 790 1563 LANAE
824 1533 1170 1563 POLLEN'PINAE.

175 1601 288 1643 NON
314 1606 480 1643 tantum
504 1602 625 1656 pullo
646 1603 848 1655 lugentes
869 1602 1023 1642 vellere
1043 1602 1180 1650 lanam,

228 1669 316 1711 Sed
337 1671 450 1711 solet
470 1674 517 1711 et
538 1670 701 1711 calices
723 1670 818 1711 haec
841 1670 943 1710 dare
966 1675 1080 1711 terra
1102 1682 1222 1710 suos.

215 1783 295 1813 Hoec
309 1785 393 1813 terra
406 1791 465 1812 non
480 1782 557 1812 solet
573 1784 694 1812 tantum
706 1783 820 1812 donare
837 1781 922 1812 lanas
935 1781 1041 1812 tristes
1058 1782 1148 1820 nigro
1161 1781 1280 1819 vellere,
1296 1781 1348 1812 sed
1358 1784 1386 1811 et
1400 1790 1455 1811 sua
1468 1782 1587 1821 pocula.

780 1873 1016 1884 ‘mo-mmo

213 1918 345 1950 Pollinoe
362 1917 437 1949 cod.
453 1917 581 1948 Thuan.

830 1979 969 2011 NOTAE

215 2048 313 2078 Lanae
333 2047 518 2077 Pollentinoe
551 2045 759 2087 [Polentinoe]
794 2043 874 2083 Alii,
931 2044 1059 2075 Silius:
1096 2044 1302 2083 ‘Vercellae‚
1335 2043 1491 2086 fuscique
1532 2045 1626 2077 ferax

172 2098 371 2130 Pollentinae‘
416 2097 564 2137 Liguriae
597 2095 677 2127 urbs
704 2095 863 2126 Polentia
933 2094 1094 2127 Polentia
1113 2094 1206 2126 villi:

172 2149 261 2190 apud
278 2149 447 2179 Tanarum
464 2147 616 2186 fluvium,
647 2147 788 2178 Polemo.
832 2146 876 2177 Et

792 2289 1009 2331 CLVIII.

819 2380 831 2408 1
852 2380 880 2408 D
899 2379 925 2407 E
946 2379 996 2407 M.

179 2449 324 2489 LANA
348 2449 524 2501 quidem
541 2449 697 2499 tristis,
721 2448 800 2489 sed
819 2447 957 2488 tonsis
979 2451 1087 2499 apta
1108 2447 1331 2499 ministris,

235 2515 405 2567 Quales
425 2529 510 2557 non
532 2517 675 2569 primo
699 2515 753 2556 de
775 2528 903 2569 grege
925 2527 1076 2555 mensa
1096 2521 1242 2556 vocat.

226 2623 316 2653 Lana
327 2621 450 2662 quidem
462 2624 583 2660 moesta,
595 2623 648 2652 sed
663 2621 846 2653 com-eniens
862 2621 959 2651 tonsis
973 2620 1082 2661 sert-is,
1096 2621 1201 2662 quales
1212 2622 1416 2662 requiruntur
1433 2622 1473 2653 ad
1487 2621 1633 2654 officium

182 2674 294 2696 mensoe
310 2675 368 2695 non
378 2666 415 2695 de
429 2666 531 2705 primo
545 2674 652 2704 grege.

789 2725 1024 2737 eeeeeeeeeeee

222 2785 238 2813 1
263 2781 333 2812 Pro
348 2784 424 2821 apta
439 2781 471 2811 in
496 2781 570 2812 cod.
595 2780 726 2813 Thuan.
750 2791 835 2813 neca.
868 2785 940 2814 neta
963 2781 1098 2823 legend.
1124 2788 1243 2815 censet
1262 2782 1462 2815 Beverl.—2
1492 2783 1583 2815 Vetat
1602 2783 1634 2814 in

180 2834 286 2866 marg.
303 2824 356 2855 ed.
374 2824 504 2865 Langii.
