1893 3225
293 233 377 274 614

777 246 825 274 M.
859 245 970 275 VAL.
1006 245 1284 275 MARTIALIS

297 339 367 380 Ne
391 343 622 381 contemne
645 346 796 396 caput,
817 341 928 382 nihil
948 346 1012 383 est
1035 343 1228 384 furacius
1248 343 1352 383 illo:

353 407 458 449 Non
479 408 565 449 fuit
589 407 794 464 Autolyci
815 414 905 451 tam
924 411 1129 464 piperata
1150 424 1322 451 manus.

296 475 429 516 Hunc
453 482 498 517 tu
522 478 757 519 convivam
778 483 940 519 cautus
963 491 1137 520 servare
1158 485 1373 520 memento
1392 492 1400 519 :
1729 482 1757 522 5

351 545 477 586 Tunc
498 546 617 596 furit,
640 551 774 600 atque
796 548 926 588 oculo
946 548 1096 589 luscus
1116 553 1301 602 utroque
1324 548 1457 589 videt.

294 612 469 654 Pocula
490 615 651 656 soliciti
673 615 863 668 perdunt
882 615 1134 669 ligulasque
1156 617 1359 665 ministri,

351 681 410 722 Et
430 683 537 723 latet
554 683 600 724 in
621 683 773 736 tepido
788 683 977 737 plurima
999 697 1168 738 mappa
1188 683 1299 724 sinu.

292 750 446 803 Lapsa
466 765 550 792 nec
572 765 598 793 a
619 752 770 792 cubito
791 751 1036 792 subducere
1057 751 1194 805 pallia
1215 751 1372 800 nescit,

350 817 406 858 Et
428 823 572 860 tectus
593 820 718 860 laenis
743 832 867 872 saepe
890 819 1062 860 duabus
1086 819 1192 860 abit.

1700 818 1755 860 10

293 885 393 927 Nec
416 877 728 928 dormitantem
746 901 926 928 vernam
947 887 1154 928 fraudare
1174 887 1354 928 lucerna

351 954 539 995 Erubuit
560 955 715 1004 fallam,
739 955 893 996 ardeat
908 955 986 996 illa
1006 955 1124 996 licet.

292 1022 338 1062 Si
360 1023 468 1063 nihil
488 1024 667 1073 invasit,
688 1036 874 1077 puerum
896 1027 998 1064 tunc
1019 1027 1111 1064 arte
1134 1023 1296 1063 dolosa

349 1090 535 1141 Circuit,
557 1096 602 1133 et
621 1093 770 1133 soleas
801 1092 982 1146 surripit
1002 1092 1097 1146 ipse
1120 1105 1239 1133 suas.

292 1216 343 1247 Ne
356 1226 486 1255 spernus
501 1224 605 1260 caput,
621 1221 700 1252 nihil
713 1221 912 1258 estfurncius
928 1221 992 1252 illo.

1038 1220 1185 1261 Autolyci
1198 1230 1306 1250 munus
1322 1218 1456 1257 nonfuit
1473 1222 1538 1250 tam
1550 1220 1682 1260 piceam.
1708 1220 1754 1250 Tu

289 1263 397 1290 cautus
411 1264 572 1294 recordare
587 1265 703 1294 eriture
713 1265 791 1294 hunc
803 1265 959 1295 com-irum
973 1276 983 1295 :
1007 1267 1081 1294 tunc
1091 1264 1219 1301 insanit,
1234 1267 1264 1293 et
1276 1265 1376 1294 luscus
1387 1263 1500 1303 aspicit
1516 1267 1644 1303 utroque
1658 1265 1754 1293 oculo.

294 1303 418 1334 Fumuli
428 1306 517 1335 {mxii
532 1307 681 1337 amittunt
694 1309 814 1347 pocula,
829 1312 858 1338 et
871 1307 996 1345 ligulas7
1009 1311 1037 1337 et
1051 1308 1155 1337 multoe
1178 1317 1299 1346 muppoe
1313 1308 1497 1337 delitescunt
1516 1305 1548 1336 z'n
1564 1306 1668 1346 tepido
1680 1306 1754 1346 ejus

289 1346 373 1376 sinu:
387 1350 416 1377 et
428 1349 512 1379 norit
525 1350 706 1381 subtrahere
719 1351 814 1390 pallia
826 1352 911 1390 lapsa
927 1361 945 1381 a
961 1350 1072 1389 cubito,
1089 1353 1119 1381 et
1136 1350 1241 1380 crebro
1257 1350 1387 1380 discedit
1399 1352 1557 1388 coopertus
1571 1348 1688 1380 duabus
1701 1350 1754 1379 la>-

288 1388 361 1418 m‘s:
378 1399 431 1420 nec
445 1391 683 1428 fraudulentum
711 1394 822 1433 puduit
845 1394 964 1434 eripere
1001 1403 1103 1424 veruoe
1138 1393 1320 1423 dormitunti
1342 1393 1510 1430 lucernam,
1532 1392 1671 1432 quamvis
1699 1391 1755 1422 illa

288 1433 408 1463 ardeat.
446 1434 483 1464 Si
506 1436 586 1466 nihil
606 1437 779 1476 occupat-it,
802 1440 870 1467 arte
887 1437 1002 1473 fallaci
1027 1436 1137 1466 circuit
1152 1445 1273 1466 servum
1301 1445 1411 1475 suum,
1426 1438 1519 1475 atque
1544 1436 1609 1475 ipse
1621 1435 1756 1472 furatur

287 1483 358 1505 suus
379 1477 484 1508 soleas.

905 1531 1143 1542 “emoneo“

289 1593 478 1624 Seriverius
506 1604 524 1625 e
541 1595 640 1626 codd.
659 1597 728 1627 suis
751 1597 842 1627 eruit
866 1602 902 1628 et
919 1597 1076 1636 probavit
1092 1607 1099 1627 :
1125 1600 1190 1627 tum
1212 1596 1356 1637 piperata
1374 1605 1492 1627 manus.
1536 1595 1578 1626 In
1593 1595 1666 1626 aliis
1680 1605 1753 1627 coi·-

290 1642 392 1676 rupte
409 1647 418 1667 z
447 1640 511 1667 tam
523 1639 647 1678 piccuto
663 1649 780 1670 manua.
806 1640 894 1671 Vide
909 1641 991 1671 Var.
1008 1641 1193 1671 Notas.—5
1220 1640 1258 1670 In
1275 1640 1354 1670 edd.
1367 1645 1452 1670 vett.
1470 1639 1570 1670 vitare
1587 1642 1751 1671 memento.

288 1679 329 1709 In
347 1680 400 1710 ed.
420 1680 534 1721 Langii
551 1693 558 1712 ;
593 1683 693 1713 vitare
719 1687 882 1715 momento,
931 1683 1048 1715 Codex
1067 1684 1249 1714 Pulmanni
1265 1688 1300 1714 et
1320 1683 1526 1714 Beverlandi
1539 1683 1606 1714 Ms.
1629 1692 1752 1713 servare

289 1726 517 1755 merneram—8
544 1725 588 1756 Et
605 1727 681 1756 latet
699 1726 731 1756 in
747 1727 869 1766 trepido
886 1726 1096 1758 Beverlandi
1113 1727 1179 1757 Ms.

950 1813 1089 1844 NOTAE

331 1888 350 1915 :3
378 1885 427 1915 Ne
442 1889 598 1917 contemne
613 1887 721 1927 caput]
747 1888 824 1919 Hoc
845 1893 913 1926 est,
938 1889 993 1919 ho-

288 1935 426 1974 minem,
444 1945 523 1976 pars
541 1947 600 1977 pro
617 1943 688 1969 toto
711 1939 865 1972 sumitur.
909 1940 992 1971 Sen-

289 1996 343 2016 sus
361 1993 435 2016 est:
464 1987 517 2018 Ne
542 1987 677 2019 desinas
703 1990 887 2021 observare
904 1991 992 2022 hunc

287 2037 466 2073 hominem,
483 2037 566 2069 licet
582 2038 722 2071 luscum.

330 2091 349 2118 4
375 2088 538 2128 Autolyci]
571 2089 677 2129 Cujus
694 2090 848 2122 meminit
867 2091 995 2122 Home.-

289 2148 344 2169 rus
364 2138 465 2169 Iliad.
486 2143 523 2170 K.
563 2140 642 2170 Fuit
670 2141 727 2179 ille
754 2143 919 2174 Mercurii
935 2143 994 2173 fili-

289 2199 338 2228 us,
353 2189 454 2220 furtis
468 2190 653 2221 simillimus
668 2192 770 2231 patri.
820 2193 894 2224 Tam
909 2195 994 2233 pipe-

288 2244 359 2270 rata
404 2240 557 2282 [piceum]
595 2243 720 2283 manus]
765 2244 828 2275 Cui
857 2246 990 2277 scilicet

289 2291 466 2322 adliaerent
479 2292 594 2324 omnia
611 2304 685 2334 quae
701 2295 820 2334 tangit.
854 2296 990 2336 Legunt

287 2343 356 2382 alii,
373 2346 436 2373 iam
459 2344 603 2383 piperata
627 2354 748 2382 munus,
763 2346 826 2377 hoc
843 2351 910 2386 est,
925 2347 991 2378 cal-

290 2393 372 2431 lida,
389 2394 478 2434 quod
503 2395 642 2435 piceam
667 2396 789 2427 Latine
808 2407 874 2428 non
899 2398 990 2430 dica-

289 2450 356 2484 tur,
372 2444 431 2475 sed
449 2446 573 2486 picare.

330 2500 347 2528 7
381 2497 584 2538 Liguhzsque]
605 2498 703 2538 Epig.
719 2502 770 2531 33.
788 2509 903 2540 supra.
936 2501 991 2532 Li-

290 2546 368 2587 gula
384 2547 542 2578 cochlear
559 2552 622 2586 est,
646 2552 681 2579 et
697 2549 867 2592 spathula,
882 2553 947 2583 δερ.

1091 1891 1110 1919 8
1138 1890 1180 1919 Et
1194 1889 1286 1929 latet]
1303 1889 1348 1920 Et
1361 1887 1494 1919 furatur
1506 1897 1660 1928 mappas,
1670 1898 1752 1929 quas

1048 1940 1082 1970 in
1111 1940 1185 1970 sinu
1213 1939 1342 1971 condit.
1388 1939 1486 1970 Loemx
1524 1948 1617 1977 vero,
1639 1944 1678 1970 ut
1703 1940 1752 1969 ait

1049 1989 1188 2030 Bayfius
1206 1991 1247 2022 de
1258 2001 1294 2021 re
1311 1991 1600 2031 vestiaria‚genns
1613 1995 1665 2021 est
1677 2000 1752 2021 ves-

1049 2042 1092 2072 tis
1108 2042 1276 2080 militaris,
1305 2051 1370 2082 qua
1388 2042 1489 2072 etiam
1507 2042 1539 2071 iu
1565 2051 1663 2072 coena
1678 2047 1752 2072 ute-

1048 2091 1174 2123 bantur
1207 2093 1352 2134 antiqui,
1378 2097 1418 2124 ut
1452 2096 1587 2123 constat
1613 2101 1656 2123 ex
1687 2092 1750 2123 hoc

1047 2143 1135 2174 loco.

1092 2196 1128 2223 ll
1153 2193 1302 2234 Verrium]
1324 2194 1441 2224 Verna
1463 2198 1513 2225 est
1529 2203 1648 2224 servus
1662 2193 1750 2225 domi

1049 2249 1157 2276 natus.

1092 2296 1131 2324 14
1159 2295 1202 2324 Et
1226 2293 1335 2334 soleas]
1360 2294 1466 2325 Pueri
1483 2293 1525 2325 ad
1548 2294 1654 2335 pedes
1669 2305 1750 2326 con-

1050 2344 1203 2374 vivarum
1234 2345 1342 2375 soleas
1374 2345 1634 2376 custodiebant:
1669 2355 1749 2377 con-

1046 2394 1132 2426 vivae
1150 2395 1238 2426 enim
1253 2396 1325 2426 sine
1338 2396 1462 2427 calceis
1476 2406 1600 2427 mensae
1614 2407 1750 2428 accum-

1046 2445 1192 2477 bebant:
1226 2447 1289 2478 iste
1318 2457 1397 2478 vero
1427 2449 1538 2479 luscus
1569 2458 1645 2480 suas
1674 2449 1748 2490 ipse

1047 2498 1154 2529 soleas
1183 2498 1406 2539 surripiebat‚
1422 2508 1463 2529 ne
1477 2497 1612 2530 furandi
1637 2505 1746 2531 artem

1046 2547 1250 2579 dedisceret,
