1924 3225
529 268 936 299 EPIGRAMMA'PUM
977 268 1069 300 mss.
1106 269 1190 299 νιι.
1502 260 1595 304 545

791 356 930 390 NOTAE

172 425 192 454 2
222 422 318 453 Vocas
342 421 489 462 amicam]
513 422 604 453 Male
621 426 719 453 sonat
734 421 829 453 dicta
886 422 937 453 καὶ
963 422 994 453 αἱ
1019 422 1158 464 παρθένοι
1186 424 1241 455 τὰς
1265 423 1401 461 συνήθεις
1416 425 1466 456 καὶ
1481 426 1586 465 φίλας,

131 474 203 504 viro
230 474 238 490 ‘
254 472 394 511 amica3'
425 473 572 511 mulieri,
596 472 703 504 bene:
729 483 831 514 quam
887 473 1018 514 ἑταίρας,
1031 486 1059 505 κ.
1083 486 1114 506 τ.
1132 481 1164 506 λ.
1189 475 1378 515 Καλοῦσίγε
1393 475 1450 508 τὰς
1463 481 1589 518 μισθαρ-

131 535 211 556 vero
242 524 405 555 Philaenis
432 525 572 555 amicam
603 530 717 564 vocat,
745 526 834 556 male
887 523 1009 563 νούσας,
1034 524 1167 566 ἑταίρας.
1222 527 1409 558 Athenaeus
1426 528 1480 559 lib.
1505 537 1579 560 xlv.

131 576 237 614 audit,
263 585 340 606 cum
364 575 438 615 ipsa
460 575 626 606 Philaenis
652 577 697 607 sit
713 576 832 607 tribas.
888 586 962 618 cap.
979 578 1011 608 4.
1548 568 1553 572 ¹

132 627 269 658 Καλοῦσι
293 627 368 665 ’γοῦν
393 625 443 657 καὶ
462 626 492 657 αἱ
517 626 671 668 ἐλεύθεραι
686 628 829 666 ’γυναῖκες

768 760 954 801 LXXI.

601 850 664 880 DE
699 850 909 880 FAMlLlA
944 849 1132 880 FICOSA.

133 915 314 956 FncosA
337 922 406 958 est
428 931 551 967 uxor,
571 917 738 959 ficosus
760 922 804 959 et
825 919 924 971 ipse
944 918 1154 958 maritus:

190 982 308 1024 Filia
328 984 466 1026 ficosa
485 994 565 1034 est,
586 989 628 1026 et
649 999 793 1038 gener,
826 990 959 1039 atque
979 998 1134 1038 nepos.

130 1050 229 1091 Nec
251 1051 542 1105 dispensator,
562 1066 643 1094 nec
662 1053 836 1094 villicus
858 1053 1003 1094 ulcere
1023 1051 1157 1105 turpi,

191 1117 234 1159 Ν
239 1131 289 1159 ec
312 1119 476 1172 rigidus
500 1120 662 1171 fossor,
683 1121 763 1162 sed
783 1134 862 1162 nec
883 1126 1027 1162 arator
1048 1126 1162 1174 eget.

132 1185 244 1227 Cum
265 1187 352 1227 sint
371 1188 498 1229 ficosi
519 1189 682 1242 pariter
696 1190 980 1243 juvenesque
1001 1202 1231 1243 senesque,
1562 1187 1591 1227 5

190 1254 285 1295 Res
303 1255 411 1296 mira
431 1260 511 1306 est,
533 1256 642 1297 ficos
664 1270 749 1297 non
768 1257 901 1297 habet
920 1270 1037 1297 unus
1061 1269 1178 1310 ager.

177 1342 297 1382 Conjux
312 1348 357 1375 est
360 1344 472 1386 ficosa
487 1348 516 1375 et
530 1345 596 1385 ipse
607 1347 657 1376 vir
668 1345 798 1387 ficosztS‚
810 1346 886 1387 filia
909 1349 954 1376 est
961 1345 1076 1386 ficosa,
1100 1348 1130 1375 et
1142 1354 1239 1383 gener
1251 1347 1282 1375 et
1295 1353 1391 1382 socer,
1403 1352 1458 1373 nec
1468 1342 1589 1382 dispen-

129 1391 215 1417 sator
228 1386 405 1423 ctretsoedo
420 1389 530 1424 ulem-‚e
547 1399 600 1418 nec
615 1388 835 1426 dnrusfowesor
851 1393 883 1419 ut
899 1399 953 1419 nec
965 1399 993 1418 α
986 1391 1083 1418 r.at0r
1132 1389 1209 1418 Cum
1225 1386 1358 1426 juvenes
1374 1389 1404 1417 et
1419 1395 1506 1416 senes
1526 1386 1590 1415 sint

130 1431 292 1469 aqualiter
302 1430 410 1472 ficosi,
433 1441 474 1462 m·
469 1432 690 1472 '‘tamt-idetur,
703 1432 784 1462 solus
799 1442 876 1472 ager
899 1442 960 1463 non
981 1431 1171 1473 Imbetficos.

740 1506 976 1518 eeeeeeeeeeee

174 1555 194 1584 2
208 1553 248 1584 In
264 1552 342 1583 edd.
359 1559 442 1585 vett.
458 1559 487 1586 et
500 1565 598 1595 gener
611 1558 702 1596 atque
717 1565 813 1587 socer.
828 1555 1025 1587 Lectionem
1043 1559 1194 1586 nostram
1208 1563 1249 1585 ex
1266 1552 1366 1585 codd.
1380 1552 1446 1584 suis
1463 1554 1589 1594 primns

132 1596 283 1637 reposuit
295 1597 475 1629 Gruterus.

793 1639 941 1672 NOTAE

179 1703 195 1732 l
222 1701 332 1733 Ficosa
344 1705 389 1733 est
402 1703 496 1743 uxor]
520 1703 607 1734 Tota
620 1703 692 1734 haec
706 1702 836 1734 familia
933 1706 953 1735 6
977 1704 1070 1735 Ficos
1085 1715 1143 1735 non
1167 1705 1271 1746 habet]
1296 1705 1399 1737 Ludit
1424 1705 1456 1736 in
1489 1703 1594 1735 ambi-

136 1753 230 1793 tui-pi
258 1754 369 1784 ulcere
398 1754 590 1793 laborabat,
620 1755 708 1796 quod
734 1754 835 1786 ficum
891 1764 957 1795 gua
973 1754 1224 1795 significatione
1249 1756 1352 1787 ‘ficiz’
1375 1757 1437 1788 hoc
1461 1761 1524 1794 est,
1541 1764 1594 1785 so-

135 1803 406 1836 vocantmedici.
451 1804 539 1836 Vide
556 1805 614 1835 lib.
627 1814 652 1836 1.
668 1805 837 1846 Epig.66.
891 1807 942 1837 lus
966 1816 1047 1847 ager
1074 1816 1141 1837 non
1171 1806 1275 1838 habet
1300 1806 1397 1845 siem,
1422 1807 1475 1837 vel
1497 1804 1596 1846 ficus,

136 1859 171 1885 et
187 1853 246 1886 lib.
264 1864 314 1886 ιν.
331 1854 431 1896 Epig.
447 1858 501 1886 52.
892 1866 993 1897 poma
1009 1866 1146 1898 nempe,
1166 1857 1225 1888 lib.
1242 1867 1265 1888 1.
1282 1857 1381 1899 Epig.
1396 1860 1449 1888 66.

752 1946 965 1988 LXXII.

683 2036 746 2066 An
781 2036 1042 2067 PAULLUM.

312 2101 525 2146 GRATUS
547 2104 612 2145 sic
632 2104 728 2153 tibi,
751 2102 925 2152 Paulle,
949 2104 1009 2144 sit
1031 2104 1299 2145 December:

310 2170 410 2213 Nec
430 2174 532 2214 vani
554 2173 771 2227 triplices,
793 2173 1039 2225 brevesque
1059 2185 1250 2226 mappae,

310 2238 410 2281 Nec
433 2241 573 2281 thuris
594 2240 775 2281 veniant
793 2240 915 2280 leves
937 2240 1136 2291 selibrae3

310 2307 400 2349 Sed
419 2308 571 2350 lances
591 2308 717 2359 ferat,
740 2312 817 2349 aut
837 2308 1027 2362 scyphos
1047 2321 1243 2359 avorum,

181 2407 212 2439 Ο
227 2407 348 2446 Paulle,
367 2408 413 2438 sic
432 2407 599 2439 December
609 2408 652 2438 sit
660 2407 817 2447 jucundus
832 2408 891 2439 tibi
905 2420 915 2440 .·
940 2418 994 2440 nec
1012 2408 1126 2446 futiles
1149 2408 1288 2449 triplices
1313 2408 1374 2440 tibi
1393 2409 1554 2447 donentur,
1566 2413 1597 2440 ct

138 2451 243 2482 breves
258 2461 389 2491 mappoe,
404 2460 459 2481 nec
479 2452 558 2482 letes
572 2451 695 2482 selibroe
710 2452 812 2482 thuris
826 2462 838 2488 ;
861 2455 893 2482 at
910 2452 956 2482 rel
979 2461 1049 2483 reus
1065 2453 1161 2491 dives,
1177 2452 1224 2482 vel
1244 2455 1352 2492 potens
1361 2452 1476 2482 amicus
1488 2453 1597 2483 mittat

749 2526 985 2537 eeeeeeeeeeee

183 2570 202 2598 3
226 2566 412 2607 Perplacet
431 2568 579 2600 Grutero
603 2569 706 2601 lectio
729 2571 858 2601 codicis
884 2570 1051 2602 Palatini.
1076 2571 1191 2601 levesve
1215 2570 1313 2601 lz'hroe.
1336 2569 1424 2600 Vide
1439 2569 1497 2601 lib.
1514 2578 1599 2600 vni.

140 2610 238 2651 Epig.
254 2612 308 2642 70.
329 2610 435 2642 breves
459 2611 580 2643 selibrae
601 2613 730 2644 habent
745 2614 953 2645 Βενειῐᾱηᾱὶ
973 2615 1042 2645 Ms.
1068 2619 1104 2645 et
1129 2613 1238 2645 codex
1255 2613 1477 2645 Pulmannie-
1480 2615 1513 2644 -6
1536 2612 1598 2643 Sed

797 2678 828 2709 N
835 2678 942 2709 OTAE

184 2741 201 2769 1
228 2737 282 2769 Sit
298 2739 683 2780 December]Saturnalia
696 2742 759 2774 tibi
772 2742 842 2774 sint
896 2743 998 2774 mula.

142 2788 330 2821 fructuosa.
367 2790 455 2821 Vide
487 2792 546 2822 lib.
575 2802 627 2825 1v.
658 2794 759 2835 Epig.
788 2796 840 2825 46.
938 2798 957 2825 2
986 2794 1067 2826 Vani
1087 2794 1239 2835 triplices]
1262 2794 1451 2836 Pugillares
1474 2793 1597 2825 nullius

145 2841 238 2873 ‘Sic’
276 2841 364 2872 bene
391 2843 444 2873 vel
476 2844 562 2874 male
586 2845 748 2885 precandi
775 2845 843 2876 for·
903 2845 1020 2886 pretii.
1045 2845 1146 2886 Epig.
1171 2848 1224 2876 52.
1244 2854 1358 2886 supra.

233 2895 351 2935 Delph.
367 2899 397 2926 et
419 2895 493 2927 Var.
511 2897 594 2927 Clas.
802 2899 948 2929 Murtial.
1430 2901 1449 2928 2
1474 2898 1509 2927 M
