1893 3225
455 236 863 268 EPlGRAMMATUM
903 237 996 266 Lm.
1030 234 1140 265 vm.
1433 222 1518 264 6313

67 337 209 379 Posse
234 335 373 376 Deum
395 335 524 375 rebus
543 333 705 388 pariter
728 332 961 386 Musisque
977 344 1138 374 vacare

124 403 325 455 Scimus3
357 408 402 444 et
419 403 516 444 haec
536 402 668 443 etiam
689 407 804 443 serta
834 402 1006 455 placere
1027 400 1123 441 tibi.

69 472 154 513 Fer
173 475 311 520 vates,
334 471 547 522 Auguste,
570 473 694 510 tuos:
727 482 806 509 nos
823 468 963 521 gloria
982 467 1142 517 dulcis,
1493 468 1521 506 5

124 539 224 581 Nos
244 543 320 580 tua
339 550 444 578 cura
464 537 582 591 prior
603 537 864 590 deliciaeque
885 549 1053 577 sumus.

68 607 174 649 Non
195 620 383 662 quercus
406 611 450 646 te
473 605 568 646 sola
587 605 732 655 decet,
753 618 835 646 nec
856 605 1010 645 laurea
1030 603 1216 645 Phoebi:

127 675 228 716 Fiat
247 679 288 716 et
309 688 367 715 ex
387 672 541 714 hedera
561 672 706 713 civica
724 676 878 713 nostra
899 672 992 713 tibi.

67 789 147 818 laves
162 795 278 824 versus,
292 785 429 816 novimus
456 784 559 814 Deum
580 793 667 824 posse
687 783 780 814 simul
797 784 871 814 dare
887 792 1011 823 operam
1034 781 1170 821 negotiis
1185 784 1215 812 et
1232 780 1346 820 Musis,
1361 784 1452 822 atque
1466 782 1522 812 has

67 840 182 871 quoque
194 838 322 860 coronas
333 827 390 858 tibi
399 831 510 866 gratas
524 837 597 857 esse.
643 826 674 858 Ο
690 826 845 865 Auguste,
852 825 928 864 fat-e
943 825 1006 856 tuis
1022 825 1152 855 Po‘e'tis:
1175 834 1230 855 nos
1243 834 1334 856 snare
1350 825 1452 860 decus,
1469 834 1523 855 nos

70 878 125 905 tua
138 873 225 914 prior
239 881 312 902 cura
328 874 358 901 et
369 870 488 901 delicia>
502 879 613 900 sumus.
660 870 731 900 Non
753 879 880 910 quercus
893 869 957 899 sola
972 867 1030 900 tibi
1043 867 1197 907 convenit,
1209 877 1264 898 ‘nec
1279 868 1384 899 laurea
1402 867 1525 908 Apolli-

67 917 140 948 nis:
164 918 193 946 et
212 918 319 945 nostra
329 913 427 945 civica
443 922 567 944 corona
572 913 638 955 fiat
654 912 713 943 tibi
723 923 762 944 ex
776 913 902 944 hedera.

723 993 866 1025 NOTAE

112 1064 131 1093 3
155 1061 251 1092 Posse
280 1059 401 1100 Deum]
437 1059 667 1091 Domitianum
698 1059 770 1090 scil.
827 1063 917 1099 cent,
932 1058 975 1090 ob
1002 1064 1155 1089 servatos
1183 1056 1287 1096 cives,
1310 1060 1345 1087 et
1370 1056 1524 1088 devictos

69 1122 169 1153 posse
196 1116 232 1143 et
255 1112 362 1142 Musis
388 1120 524 1151 vacare,
545 1115 581 1142 et
605 1115 771 1141 terrarum
826 1111 950 1147 hostes,
966 1108 1025 1140 sed
1043 1113 1077 1139 et
1093 1117 1227 1139 coronae
1250 1117 1292 1139 ex
1309 1106 1434 1138 hedera
1449 1117 1524 1148 quae

69 1164 185 1195 orbem
202 1162 452 1194 administrare.
826 1159 922 1190 nobis
937 1158 1054 1189 Pozitis
1079 1163 1115 1189 et
1129 1158 1258 1190 civibus
1284 1159 1351 1189 tuis
1367 1159 1525 1189 conveni-

113 1218 131 1245 5
157 1215 225 1245 Nos
247 1212 351 1253 gloria
366 1211 480 1253 dulcis]
518 1211 596 1243 Hoc
611 1216 676 1252 est,
690 1210 769 1252 ροέ-
825 1214 897 1241 unt.
941 1209 1105 1249 Virgilius
1132 1208 1321 1249 Augustum
1350 1209 1524 1249 assoquens

72 1264 133 1296 sim
151 1274 255 1295 amas.
823 1261 942 1301 Eclog.
957 1269 1042 1292 vul.
1061 1260 1109 1291 sic
1126 1261 1243 1291 canit:
1283 1259 1292 1276 ‘
1309 1262 1412 1300 atque
1438 1259 1524 1290 hanc

114 1318 132 1347 7
159 1316 231 1346 Non
246 1313 386 1355 quercus]
426 1312 503 1344 Hoc
526 1316 591 1351 est,
606 1321 673 1343 nou
690 1311 770 1342 solae
823 1310 896 1341 sine
922 1316 1077 1351 tempora
1091 1310 1218 1341 circum
1244 1309 1342 1341 Inter
1366 1309 1525 1341 victrices

76 1375 209 1397 coronae
226 1374 268 1397 ex
284 1374 410 1407 quercu
426 1364 480 1396 vel
495 1373 538 1396 ex
553 1363 645 1395 lauro
662 1367 697 1395 te
713 1361 770 1394 de·
824 1361 984 1394 hederam
998 1361 1062 1394 tibi
1076 1370 1215 1404 serpere
1230 1359 1366 1393 lauros?
