1893 3225
286 256 371 298 580

773 263 821 292 Μ.
855 262 966 292 VAL.
999 261 1274 292 MARTIALIS

288 360 390 401 Hos
412 371 585 413 quoque
606 362 803 400 secretos
833 358 1094 399 memorabit
1115 357 1263 399 Roma
1283 357 1541 413 triumphos,
1714 358 1744 399 5

346 428 445 469 Nec
467 429 608 468 minor
626 428 715 468 ista
735 432 822 469 tuae
836 427 984 467 laurea
1004 428 1132 480 pacis
1151 427 1258 467 erit:

290 496 419 546 Quod
442 495 520 536 tibi
542 494 596 535 de
617 500 774 536 sancta
794 495 940 535 credis
960 495 1125 548 pietate
1142 498 1331 535 tuorum.

347 562 568 617 Principis
589 567 657 604 est
677 563 816 603 virtus
837 561 1048 611 maxima,
1070 574 1202 602 nosse
1224 573 1344 602 suos.

286 673 425 712 umphos,
436 673 563 703 meista
579 673 684 703 laurea
699 671 784 712 pacis
798 682 817 702 α
838 674 868 702 te
883 679 1053 701 concessae.
1070 670 1172 701 minor
1192 671 1264 701 erit.
1313 668 1400 704 Quia
1415 673 1449 700 tu
1463 679 1564 702 censes
1583 671 1620 702 de
1634 674 1742 702 sancta

283 717 402 757 pietate
413 719 536 746 tuorum
551 716 662 747 civium
679 713 693 747 ¹?
709 715 847 746 maxima
861 717 907 745 est
922 714 1022 744 virtus
1038 713 1243 753 Imperatoris
1257 722 1437 752 cognoscere
1448 723 1527 744 suos.

896 798 1030 809 eeeeeee

1035 798 1131 809 eeeee

289 843 413 874 manni.
453 843 542 874 Vide
574 843 699 874 Notam
733 842 900 874 infra.—5
928 843 1134 874 Beverlandi
1161 842 1226 873 Ms.
1249 841 1508 873 memoravit.—6
1532 841 1572 872 In
1599 842 1737 875 eodem:

287 886 375 927 pacis
390 890 470 917 erat.

948 929 1086 960 NOTAE

328 997 347 1024 5
373 992 443 1023 Hos
457 991 588 1033 quoque]
612 992 750 1024 ,Iustum
764 991 806 1022 dc
825 991 989 1022 Sarmatis

286 1043 492 1083 triumphum
509 1052 611 1082 agere
627 1043 733 1073 noluit
761 1042 990 1083 Domitianus,

286 1094 348 1125 sed
360 1095 508 1125 lauream
526 1099 657 1124 tantum
673 1093 804 1133 retulit,
820 1103 918 1134 quam
933 1103 988 1123 vo-

287 1149 345 1177 cat
359 1144 470 1175 Po'eta
484 1144 686 1184 triumphuni
701 1148 889 1175 secretum:
912 1154 988 1184 por-

286 1207 325 1229 ro
360 1196 531 1228 celebrem
576 1195 651 1226 fore
689 1195 787 1235 dicit,
826 1204 989 1226 concessa

286 1256 411 1288 nempe
427 1246 625 1288 perdomitis
641 1246 800 1287 gentibus
813 1254 910 1286 pace.

1086 994 1105 1022 7
1133 991 1256 1021 Pietate
1284 989 1422 1029 tuorum]
1466 990 1543 1021 Hoc
1568 994 1634 1029 est,
1661 991 1743 1033 quid

1043 1042 1149 1073 sentis
1161 1042 1203 1072 de
1223 1042 1337 1081 populi
1354 1041 1483 1082 pietate
1497 1051 1576 1082 erga
1589 1044 1642 1073 te?

1085 1096 1104 1123 8
1129 1093 1227 1123 Nosse
1239 1092 1322 1132 suos]
1359 1092 1436 1123 Hoc
1453 1097 1517 1131 est,
1538 1102 1673 1124 snorum
1698 1094 1745 1125 ci·

1044 1144 1132 1174 vium
1145 1142 1271 1173 animos
1285 1148 1483 1183 perspectos
1497 1142 1646 1175 habere:
1671 1151 1744 1177 ete-

1042 1194 1109 1224 nim
1121 1194 1237 1224 odioso
1250 1193 1397 1234 principi
1409 1193 1543 1224 intimos
1556 1193 1658 1225 animi
1670 1205 1744 1227 sen-

1042 1254 1096 1276 sus
1112 1254 1212 1276 nemo
1230 1245 1354 1285 aperit.

973 1401 1111 1443 XVI.

857 1492 909 1521 IN
944 1492 1125 1522 CIPERU
1135 1492 1184 1521 M.

457 1560 645 1600 PISTOR
667 1561 743 1614 qui
764 1559 910 1600 fueras
932 1559 1022 1609 diu,
1045 1559 1216 1613 Cipere,

459 1628 592 1668 Nunc
613 1641 777 1669 causas
800 1628 912 1680 agis,
936 1631 980 1668 et
999 1627 1174 1668 ducena
1195 1626 1382 1680 quaeris:

459 1695 549 1736 Sed
566 1696 809 1745 consumis,
830 1700 874 1736 et
893 1708 1032 1748 usque
1055 1696 1282 1737 mutuaris.

457 1763 499 1804 A
522 1764 699 1816 pistore,
723 1764 899 1817 Cipere,
918 1776 1004 1803 non
1026 1764 1211 1812 recedis,

460 1832 517 1872 Et
534 1844 691 1885 panem
712 1830 840 1880 facis,
861 1835 905 1871 et
924 1831 1039 1871 facis
1061 1831 1262 1871 farinam.
1717 1831 1745 1870 5

331 1929 363 1960 Ο
379 1929 404 1959 C
407 1929 500 1969 ipere,
517 1930 569 1969 qui
573 1929 684 1967 fueras
697 1929 796 1969 pistor
809 1930 875 1967 diu,
895 1938 974 1960 mmo
989 1929 1067 1959 dicis
1081 1939 1200 1968 causas,
1212 1932 1241 1959 et
1257 1929 1370 1969 quoeris
1380 1931 1510 1960 ducenta
1520 1938 1530 1958 .·
1552 1931 1585 1958 at
1600 1927 1743 1967 dissipas,

290 1975 321 2002 et
340 1981 460 2012 semper
476 1973 592 2013 accipis
609 1975 727 2003 Ἱππίαι).
772 1972 803 2003 O
823 1972 947 2013 Cipere,
960 1982 1021 2002 non
1042 1976 1145 2003 mutas
1160 1982 1259 2003 mores
1272 1973 1410 2013 pistoris,
1434 1971 1557 2009 etfacis
1573 1981 1693 2011 punem,
1717 1975 1748 2002 et

281 2014 368 2052 sucis
376 2014 530 2053 farinam.

898 2067 1016 2078 eeeeee

1020 2066 1135 2079 ιιιιιι

327 2124 348 2153 2
371 2122 412 2152 In
427 2120 506 2152 edd.
523 2126 608 2153 vett.
626 2124 655 2152 et
672 2122 822 2153 ducenta:
845 2121 955 2152 codex
972 2122 1152 2153 Pulmanni
1168 2132 1176 2152 :
1201 2124 1230 2152 et
1246 2122 1438 2152 ducena—5
1464 2120 1573 2152 Codd.
1601 2121 1684 2152 Vat.
1705 2125 1741 2153 et

288 2165 443 2196 Florent.
465 2164 588 2203 etfacis
603 2166 755 2206 rapinam.

949 2207 1093 2238 NOTAE

330 2274 350 2302 2
375 2271 418 2301 Et
434 2273 550 2302 ducena
564 2270 722 2311 [ducenta]
760 2270 842 2310 Alii,
862 2272 989 2310 ducena,

285 2322 447 2352 sestertia
468 2321 612 2359 scilieet,
628 2331 687 2352 seu
718 2321 868 2353 ducenta
882 2322 988 2353 millia

286 2373 482 2404 sestertium
497 2383 505 2404 ι
521 2372 584 2404 hoc
596 2377 661 2412 est,
676 2372 724 2403 vis
737 2373 940 2413 locupletari
954 2372 987 2403 iu

288 2423 400 2454 causis
416 2423 569 2463 agendis.

330 2477 348 2504 5
375 2474 420 2504 Et
438 2483 550 2513 punem
563 2473 664 2514 facis]
699 2473 753 2505 Sic
771 2473 860 2504 hunc
877 2473 988 2504 locum

287 2522 439 2563 explicat
468 2523 651 2554 Domitius.
696 2523 826 2555 Facere
857 2533 989 2564 panem,

287 2573 409 2614 inquit,
425 2577 460 2604 et
473 2571 585 2604 facere
611 2572 755 2604 farinam
781 2573 905 2604 dicitur
922 2573 988 2614 pis-

288 2628 354 2660 tor,
381 2623 439 2664 qui
456 2623 559 2664 pinsit
584 2622 646 2663 far,
669 2628 705 2655 et
728 2625 843 2666 coquit
868 2633 989 2665 panem

286 2679 322 2705 et
348 2673 503 2705 farinam.
547 2674 675 2705 Facere
698 2674 780 2706 item
809 2684 930 2715 panem
954 2679 990 2706 et

285 2723 430 2755 farinam
446 2724 580 2759 dicitur,
606 2725 662 2765 qui
695 2724 917 2764 liberalitate,
932 2729 990 2756 aut

288 2775 527 2816 prodigalitate
543 2784 603 2805 sua
623 2774 696 2804 aliis
711 2784 832 2815 panem
851 2781 886 2806 et
909 2774 989 2806 fari-

288 2835 363 2857 nam
381 2826 614 2857 subministrat
632 2837 640 2856 ;
676 2835 752 2857 cum
768 2826 872 2866 igitur
890 2827 989 2868 Gipe-

1043 2280 1098 2301 rus
1113 2279 1201 2301 nunc
1216 2271 1340 2302 multos
1363 2275 1484 2310 pascat
1501 2269 1746 2310 prodigalitate

1041 2330 1111 2361 sua,
1121 2330 1218 2362 aeque
1233 2321 1339 2362 pistor
1350 2321 1499 2359 videtur,
1509 2330 1548 2352 ac.
1561 2321 1639 2352 olim
1656 2327 1745 2361 erat,

1041 2382 1116 2403 cum
1135 2381 1255 2412 panem
1269 2377 1304 2402 et
1319 2371 1461 2402 farinam
1474 2370 1616 2402 faceret.
1663 2371 1746 2403 Far-

1042 2421 1162 2452 nabius
1178 2431 1258 2453 vero
1275 2423 1325 2453 sic
1338 2421 1508 2462 explicat:
1532 2421 1572 2452 In
1589 2421 1745 2462 pistrino,

1042 2470 1187 2502 farinam
1200 2472 1374 2513 pinsebas,
1388 2471 1512 2503 deiude
1529 2482 1650 2513 panem
1666 2482 1745 2504 con-

1042 2521 1196 2561 fidebas,
1209 2531 1227 2553 e
1241 2523 1337 2563 cujus
1351 2522 1462 2563 pretio
1476 2533 1588 2554 rursus
1601 2522 1744 2555 farinam

1043 2573 1261 2613 comparasti,
1282 2578 1385 2614 atque
1411 2572 1496 2604 adeo
1526 2573 1559 2604 in
1581 2573 1744 2605 circulum

1042 2623 1209 2663 laborans,
1240 2623 1378 2654 vivebas
1402 2625 1438 2654 in
1471 2624 1580 2656 diem:
1618 2626 1666 2656 ita
1689 2625 1744 2657 hic

1042 2674 1176 2715 quaeris,
1191 2674 1316 2706 deiude
1341 2676 1522 2716 consumis,
1545 2686 1659 2709 rursus
1674 2687 1745 2710 mu-

1043 2725 1159 2763 tuaris,
1181 2728 1246 2757 δῖε.
1294 2726 1337 2756 Et
1360 2736 1477 2767 panem·
1494 2726 1590 2769 faciS,
1617 2728 1652 2760 id
1676 2733 1741 2769 est,

1041 2775 1216 2816 decoquis,
1230 2776 1338 2817 inquit
1354 2777 1536 2810 Hei-aldus.
