1893 3225
259 198 344 238 720
733 206 782 235 M.
818 205 932 235 vAr..
968 204 1246 235 MAssTiAms

259 303 490 344 Exutusve
513 313 622 354 puer
644 301 798 355 pennis
819 300 1105 342 labentibus?
1139 303 1215 342 aut
1235 301 1312 353 qui
1697 314 1724 340 o

318 370 426 411 Odit
446 369 680 410 amatrices
702 368 1117 424 Hermaphroditus,
1132 370 1309 422 aquas?

260 438 382 490 Quid
403 442 446 479 te
469 450 585 479 vana
598 438 760 492 juvant
781 439 951 479 miserae
973 436 1170 478 ludibria
1186 436 1378 478 chartae?

318 505 421 547 Hoc
444 506 555 558 lege,
577 506 695 560 quod
717 507 863 561 possit
886 506 1033 546 dicere
1055 505 1166 555 vita,
1185 504 1337 546 Meum
1359 510 1437 546 est.

261 574 366 615 Non
385 574 454 614 hic
478 573 744 624 Centauros,
765 587 850 615 non
869 572 1118 625 Gorgonas,
1145 573 1466 627 Harpyiasque

321 641 557 683 Invenies:
589 642 814 684 hominem
838 642 1003 695 pagina
1022 646 1176 682 nostra
1196 642 1325 695 sapit.

261 709 351 750 Sed
371 722 458 750 non
478 709 562 758 vis,
589 709 830 760 Mamurra,
855 715 960 749 tuos
983 721 1253 760 cognoscere
1274 721 1431 759 moreS,

319 778 420 820 Nec
439 780 483 818 te
507 777 621 818 scire
640 790 649 817 :
682 776 807 831 legas
829 775 935 817 α’ίτια
957 776 1239 819 Callimachi.

1670 641 1728 682 10

258 895 288 922 rt
303 892 396 931 Atys,
412 891 486 931 quid
501 891 653 922 dormitor
670 890 870 930 Endymion?
893 892 923 920 et
938 898 1016 929 puer
1031 889 1183 929 spoliatus
1195 890 1306 930 pennis
1322 887 1505 923 labentibus,
1524 893 1577 920 (ηιξ
1595 888 1729 920 Herma·

257 935 420 975 pltrorlitns
436 935 488 974 qui
503 936 569 965 odit
584 934 750 964 mnntrices
762 935 858 963 undas
872 936 884 963 ‚⁹
907 932 982 972 quid
999 932 1056 963 tibi
1065 936 1195 972 prosunt
1208 943 1290 963 ‘emm
1302 932 1434 963 ludibria
1447 932 1580 970 infelicis
1594 933 1730 963 chartoe?

259 979 314 1008 hoc
338 977 453 1017 eroli-e,
476 978 554 1017 quod
569 976 669 1017 possis
686 977 761 1015 jure
776 976 888 1011 dicere,
912 975 1022 1006 Illeztm
1047 979 1104 1006 est.
1151 976 1225 1006 Non
1245 975 1295 1006 hic
1316 976 1449 1015 reperies
1468 975 1653 1014 Centauros,
1675 985 1730 1005 *nec

261 1023 440 1059 Gorgonas,
460 1031 515 1051 nec
535 1020 717 1060 Harpyias:
740 1020 842 1049 nostri.
857 1018 930 1049 libri
945 1021 1045 1057 agunt
1060 1019 1097 1049 de
1112 1019 1245 1050 homine.
1290 1018 1353 1049 Sed
1368 1028 1427 1049 non
1444 1018 1504 1057 vis,
1520 1027 1540 1048 o
1554 1018 1732 1058 Mamurra,

259 1064 368 1095 habere,
384 1067 552 1104 compertos
568 1067 637 1094 tuos
653 1072 764 1102 mores,
778 1072 833 1093 nee
848 1065 879 1093 te
895 1071 1019 1093 noscere
1032 1072 1042 1092 .·
1064 1062 1185 1093 evolvas
1196 1072 1304 1093 causas
1319 1061 1513 1093 Callimachi.

878 1142 1053 1154 eoeaeeaeeee
1059 1142 1117 1154 ‘O‘

259 1190 398 1221 Reverl.
442 1189 548 1230 Athys
577 1188 636 1219 dat
666 1188 878 1220 Barb0u.—s
901 1188 1035 1220 ‘Recte
1062 1198 1142 1219 sane
1170 1188 1248 1219 Pal.
1272 1198 1303 1228 q.
1328 1187 1427 1228 possit
1440 1188 1472 1219 d.
1498 1187 1577 1218 cita.
1621 1185 1679 1217 Sic
1696 1190 1734 1217 et

259 1231 602 1264 Perclieimerianusss
629 1232 768 1264 Gronov.
792 1231 869 1262 Hoc
888 1237 1019 1263 rectum
1037 1235 1138 1272 putat
1155 1236 1191 1263 et
1205 1231 1383 1263 Schrevel.
1396 1236 1432 1262 et
1447 1230 1507 1262 dat
1523 1239 1601 1262 cum
1614 1228 1733 1261 Maitt.

260 1281 296 1308 et
325 1276 507 1307 Barbouio.
552 1275 622 1306 Alii
638 1276 757 1315 legunt
773 1286 803 1315 q.
817 1275 915 1315 possit
930 1276 962 1306 d.
979 1274 1106 1315 quisque
1122 1284 1198 1305 cum
1225 1274 1303 1306 cod.
1336 1274 1517 1305 Pulmann.
1564 1273 1606 1308 Q.
1631 1272 1734 1312 possis

258 1321 289 1351 «1.
308 1319 383 1358 jure
399 1319 478 1350 edd.
506 1318 683 1360 antiquiss,
702 1323 738 1349 et
762 1317 1000 1349 Farnabii.—9
1024 1318 1223 1358 Harpiasque
1240 1317 1393 1349 Barbou.
1439 1316 1638 1357 Arpgiasque
1654 1314 1735 1347 Ald.

258 1363 357 1395 Juut.
375 1362 574 1394 Colin.——l2
593 1363 692 1393 Necte
706 1361 858 1400 sacrilege
874 1361 988 1392 Sextia
1004 1361 1079 1392 cod.
1101 1361 1238 1393 Beverl.
1284 1360 1398 1392 Sextia
1412 1360 1547 1390 Ferrar.
1566 1368 1621 1390 an.
1639 1360 1735 1390 1471.

258 1406 349 1437 Arria
371 1406 491 1445 legunt
507 1404 586 1436 edd.
610 1405 723 1435 Paris.
742 1407 837 1435 1617.
856 1409 891 1435 et
908 1404 1130 1434 recentiores.
1163 1404 1220 1435 Sic
1231 1408 1348 1435 monet
1361 1403 1588 1435 Calderinus:
1611 1401 1735 1440 ‘Legas

260 1447 378 1488 Ethia]
402 1448 470 1479 Sed
502 1457 566 1478 nec
597 1447 679 1478 illud
707 1448 816 1486 leges,
845 1447 924 1487 quia
950 1446 1035 1477 illud
1054 1446 1156 1477 etiam
1173 1447 1274 1477 estin
1292 1447 1465 1477 Moribus:
1490 1446 1538 1477 ita
1550 1444 1660 1476 codex
1677 1454 1736 1475 an-

260 1493 377 1532 tiquus
409 1491 523 1522 habet.
566 1491 655 1521 Sunt
678 1491 736 1530 qui
763 1490 881 1531 legant
899 1489 995 1528 juvat
1028 1489 1142 1521 Ethea.
1178 1489 1246 1521 Sed
1276 1490 1534 1529 intelligendum
1563 1488 1606 1519 de
1632 1495 1736 1528 opere

262 1534 463 1566 Callimachi
482 1535 515 1564 in
533 1533 635 1565 Ibin!
668 1533 770 1563 Prius
786 1537 1013 1563 annotaverat
1035 1531 1106 1569 ἦθος
1130 1542 1257 1563 morem
1274 1532 1491 1573 significare:
1519 1540 1617 1572 quam
1634 1534 1736 1561 vocat

260 1579 429 1618 impressa
444 1577 623 1608 annotatio
637 1577 668 1606 in
678 1586 788 1617 marg.
805 1575 915 1617 ejusd.
933 1575 988 1606 ed.
1005 1576 1117 1607 Paris.
1146 1576 1155 1592 ‘
1172 1576 1326 1607 vitiosam
1341 1575 1660 1617 interpretationem
1677 1573 1736 1604 de-

263 1625 418 1662 pravatae
452 1619 544 1651 lect!
587 1619 685 1650 Ethia
712 1620 831 1660 legunt
856 1618 934 1650 Ald.
962 1619 1061 1651 Juut.
1085 1618 1195 1650 Colin.
1238 1619 1412 1650 Heraldus
1443 1618 1583 1649 videtur
1612 1616 1738 1658 legisse

262 1664 363 1695 AEtia.

935 1704 1077 1737 NOTAE

260 1772 422 1803 bulantur
448 1770 561 1812 poetae
587 1770 680 1801 illum
698 1778 717 1800 a
743 1770 841 1800 Luna
865 1768 970 1800 fuisse
1025 1767 1142 1808 Helle,
1171 1768 1345 1809 Ocypete,
1372 1772 1409 1799 et
1439 1768 1589 1800 Celaeno.
1644 1767 1736 1803 Vide

261 1822 470 1861 adamatum,
507 1825 610 1862 atque
644 1819 687 1851 ab
717 1829 758 1850 ea
786 1820 818 1850 in
852 1819 974 1850 Latmo

263 1873 375 1904 Cariae
401 1875 516 1902 monte
541 1870 690 1910 sopitum
717 1867 833 1909 fuisse,
849 1873 886 1900 ut
899 1878 973 1899 eum

262 1929 382 1966 posset
406 1923 582 1955 commode
597 1922 757 1954 osculari.

305 1980 324 2006 5
351 1975 516 2005 Exutusve
527 1974 617 2014 puer]
642 1973 777 2005 Icarum
803 1972 974 2013 intellige,

263 2032 380 2059 notum
394 2036 435 2057 ex
447 2026 574 2057 Ovidio
590 2026 649 2057 lib.
669 2035 754 2056 viu.
777 2025 866 2057 Met.
884 2022 975 2066 apud

262 2089 362 2121 quem
384 2082 421 2109 et
441 2076 727 2118 Hermaphroditi
757 2075 908 2107 fabulam
928 2075 975 2105 le-

262 2140 335 2171 ges,
356 2129 416 2160 lib.
433 2137 483 2160 iv,
496 2128 642 2159 Metam.

305 2184 325 2212 7
353 2180 482 2212 Miserae
494 2177 648 2218 ludibria]
673 2177 720 2209 H.
734 2187 763 2209 e.
780 2176 976 2208 fabularum

266 2232 375 2263 ludos.

309 2286 330 2314 8
355 2282 425 2313 Hoc
451 2281 533 2323 lege]
559 2279 660 2314 Quod
679 2282 815 2320 spectat
839 2277 883 2309 ad
899 2281 975 2309 tuos

265 2343 391 2366 mores,
434 2333 492 2364 De
510 2331 692 2364 Centauris
709 2330 815 2361 Ovid.
827 2330 888 2362 lib.
905 2337 974 2360 xix.

265 2385 355 2416 Met.
370 2384 549 2423 Gorgones
559 2392 639 2413 vero
652 2381 781 2413 Phorci
797 2380 888 2420 filiae,
900 2380 977 2411 Me-

267 2436 366 2476 dusa,
391 2435 561 2475 Sthenyo,
587 2433 643 2464 alii
659 2432 794 2472 Stlrino,
816 2436 851 2462 et
868 2431 977 2470 Eury-

266 2488 332 2518 ale.
378 2485 468 2517 Aliae
500 2494 636 2526 quoque
661 2483 840 2524 Gorgones
868 2480 977 2520 fuere,

266 2547 352 2579 quas
366 2540 527 2568 recenset
540 2534 677 2567 Natalis
689 2534 813 2566 Comes
834 2532 891 2564 lib.
908 2541 977 2563 vn.

267 2589 417 2631 Mythol.
434 2598 513 2629 cap.
538 2590 590 2619 12.

311 2644 332 2671 9
357 2638 592 2681 Harpyiasque]
620 2636 774 2678 Neptuni
802 2640 838 2668 et
862 2637 977 2668 Terrae

267 2691 348 2723 filiae
364 2701 374 2731 ;
400 2701 420 2722 a
435 2690 548 2731 po'etis
560 2688 736 2731 finguntur
753 2697 907 2729 rapaceS,
920 2696 979 2717 vo·

269 2743 395 2782 latiles,
437 2741 593 2783 virgineo
621 2740 730 2780 vultu,
755 2744 791 2771 et
822 2738 977 2769 manibus

271 2793 375 2825 uncis.
421 2792 507 2823 Tres
521 2795 763 2823 enumerantur
785 2801 803 2821 a
821 2789 978 2830 Virgilio,

1031 1819 1195 1851 Natalem
1210 1820 1378 1851 Comitem
1392 1819 1452 1850 lib.
1468 1829 1534 1850 vn.
1549 1829 1624 1860 cap.
1637 1822 1669 1850 6.

1074 1873 1114 1901 10
1139 1870 1307 1901 Hominem
1336 1870 1471 1911 pagina]
1503 1871 1621 1901 Mores
1646 1870 1737 1902 enim

1027 1921 1200 1951 hominum
1228 1921 1405 1962 corrigunt
1430 1926 1533 1963 atque
1555 1921 1740 1953 instituunt

1029 1972 1107 2004 libri
1121 1972 1200 2003 mei.

1077 2025 1116 2061 12
1146 2022 1250 2062 Legas
1279 2020 1377 2064 αἴτια]
1410 2021 1571 2063 Intellige
1596 2031 1740 2060 causas3

1031 2074 1096 2105 hoc
1111 2078 1165 2104 est
1180 2084 1188 2104 z
1216 2074 1327 2115 Legas
1339 2073 1476 2113 librum,
1491 2082 1591 2114 quem
1603 2072 1743 2113 scripsit

1033 2123 1262 2156 Callimachus
1287 2124 1330 2155 de
1344 2124 1463 2156 Causis
1486 2128 1523 2155 et
1538 2123 1740 2164 Originibus

1032 2178 1172 2208 Rerum.
1216 2177 1270 2209 De
1296 2177 1503 2208 Callimacho
1520 2175 1650 2207 dictum
1678 2174 1739 2207 lib.

1031 2237 1085 2259 lv.
1102 2228 1203 2268 Epig.
1218 2230 1273 2260 23.
1316 2227 1442 2258 Sensus
1457 2230 1530 2258 est:
1555 2227 1640 2258 Cum
1653 2226 1741 2257 nolis

1031 2288 1240 2320 cognoscere
1256 2283 1290 2309 te
1309 2278 1434 2319 ipsum,
1461 2278 1536 2318 lege
1553 2287 1640 2318 opus
1665 2277 1743 2308 Cal-

1031 2328 1170 2360 limachi
1187 2328 1230 2359 de
1248 2328 1367 2359 causis
1384 2338 1393 2366 ;
1409 2328 1500 2370 quod
1517 2327 1647 2358 somnia
1663 2327 1742 2358 Cal·

1031 2380 1167 2412 limachi
1195 2384 1296 2411 vocat
1323 2378 1541 2420 Propertius.
1605 2379 1742 2420 Legunt

1033 2431 1102 2471 alii,
1127 2431 1194 2462 Nec
1204 2434 1234 2462 te
1242 2430 1419 2470 scirejumt
1432 2429 1521 2461 ethea
1537 2429 1742 2461 Callimachi.-

1033 2483 1097 2514 hoc
1110 2486 1163 2514 est
1178 2492 1186 2513 :
1210 2482 1400 2523 Necjuvat
1417 2485 1452 2512 te
1475 2481 1591 2522 legere
1607 2479 1742 2520 librum,

1034 2543 1135 2575 quem
1160 2533 1203 2564 de
1224 2532 1380 2564 Moribus
1413 2531 1552 2572 scripsit
1582 2529 1741 2563 Callima·

1034 2585 1127 2625 cluis,
1154 2584 1207 2615 vel
1225 2583 1342 2624 poeta,
1368 2583 1422 2614 vel
1436 2583 1524 2614 alius
1549 2581 1741 2623 grammati-

1033 2645 1092 2667 cus
1110 2634 1158 2666 sie
1171 2634 1295 2666 dictus,
1320 2634 1405 2667 Quae
1420 2633 1525 2664 lectio
1541 2641 1610 2664 non
1627 2631 1742 2673 placet

1034 2684 1294 2727 interpretibus.
1347 2684 1439 2716 Vide
1464 2682 1659 2717 Turnebum
1683 2681 1740 2714 lib.

1035 2746 1126 2769 xxx.
1144 2745 1221 2778 cap.
1238 2739 1291 2768 30.
