1893 3225
523 265 929 298 EPIGRAMMATUM
966 267 1058 297 mn.
1092 267 1163 297 lx.
1496 259 1581 301 711

119 364 244 406 Trita
262 364 443 419 quidem
463 365 594 407 nobis
614 364 766 418 togula
787 370 871 414 est,
893 363 1095 417 vilisque,
1120 362 1348 418 putrisque
1366 377 1375 405 :

1550 365 1578 406 <ss

179 433 387 474 Denariis
411 437 558 474 tamen
578 433 689 473 hanc
711 445 798 473 non
819 445 934 481 emo,
956 432 1116 482 Basse,
1140 431 1295 472 tribus.

124 554 234 585 Habeo
250 557 386 595 togulam
409 556 540 586 laceram
556 555 691 595 quidem,
708 557 738 586 et
752 555 857 595 vilem,
872 559 901 586 ec
915 555 1075 595 putridam
1086 564 1096 584 .·
1120 553 1333 595 nihilominus,
1356 562 1376 585 o
1393 555 1503 595 Basse,
1519 554 1585 585 hoec

121 607 182 628 non
197 599 310 630 emitur
325 598 425 630 tribus
441 600 588 630 denariis.

781 652 809 683 N
818 651 920 684 OTAE

165 718 185 746 4
209 717 260 747 Ad
286 716 409 756 viduas]
432 717 570 748 Divites
594 716 751 747 nimirum
774 721 824 748 at-

123 776 190 807 quc
227 766 339 807 orbas,
384 777 464 808 quas
506 772 649 808 captare
690 767 828 799 volebat

125 818 262 850 Bassus.

168 873 186 899 5
212 869 302 899 Trita
329 869 465 910 quidem]
486 869 613 899 Sensus
643 873 717 902 est:
741 869 827 900 Mihi

127 921 218 952 forte
243 931 381 961 parvam
413 920 473 951 das
498 922 698 961 sportulam,
736 922 825 962 quod

882 716 963 747 trita
978 716 1022 746 sit
1035 715 1140 746 vestis
1151 724 1251 746 mea:
1278 720 1326 754 at,
1343 715 1424 746 licet
1439 715 1482 746 sit
1493 715 1583 747 lace-

882 777 918 798 ra
935 771 971 798 et
989 767 1073 803 vilis,
1097 770 1155 797 tua
1179 770 1293 797 tamen
1311 766 1466 806 sportula
1482 766 1583 797 trium

881 817 1099 848 denariorum
1117 826 1185 848 non
1202 816 1328 848 sufficit
1345 817 1387 848 ad
1405 817 1584 848 emendam

882 868 1038 900 similem.

799 1108 904 1149 CII.

548 1209 643 1239 ADU
657 1210 782 1239 LATU
795 1210 825 1239 R
860 1209 1159 1240 DOMITIANO.

124 1285 304 1337 APPIA,
327 1299 463 1340 quam
486 1288 622 1329 simili
643 1289 918 1330 venerandus
938 1290 982 1330 in
1008 1289 1205 1331 Hercule
1226 1290 1377 1332 Caesar

184 1353 444 1404 Consecrat,
465 1354 681 1398 Ausoniae
703 1357 901 1398 maxima
923 1357 1042 1398 fama
1061 1358 1162 1407 vice,

126 1420 175 1461 Si
194 1422 321 1475 cupis
340 1421 514 1465 Alcidae
539 1437 808 1477 cognoscere
830 1425 950 1466 facta
971 1426 1148 1478 prioris,

186 1489 351 1531 Disce:
385 1491 527 1545 Libyn
550 1492 746 1534 domuit:
769 1505 904 1534 aurea
928 1506 1065 1546 poma
1085 1493 1208 1535 tulit:

127 1557 345 1598 Peltatam
363 1559 573 1612 Scythico
595 1559 810 1601 discinxit
823 1559 1054 1601 Amazona
1074 1561 1216 1602 nodo:
1568 1561 1596 1601 5

185 1624 377 1667 Addidit
396 1625 594 1667 Arcadio
616 1632 740 1680 terga
760 1628 908 1668 leonis
929 1641 1053 1681 apro.

131 1690 465 1747 [Eripedemsyl
475 1695 542 1735 vis
565 1707 762 1744 cervam,
785 1694 1122 1748 Stymphalidas
1144 1694 1277 1735 astris

184 1759 414 1802 Abstulit:
445 1774 473 1802 a
495 1761 650 1816 Stygia
672 1775 774 1803 cum
797 1776 909 1804 cane
931 1763 1053 1804 venit
1075 1775 1205 1817 aqua.

171 1869 203 1901 Ο
219 1870 334 1911 Appia,
348 1871 517 1902 maximum
528 1873 619 1902 decus
632 1871 752 1902 riarum
764 1872 881 1910 Italiae,
895 1882 986 1911 quam
1001 1876 1160 1903 consecrat
1175 1872 1283 1903 Caesm·
1299 1873 1442 1903 colendus
1456 1873 1512 1903 sub
1523 1872 1599 1903 ima-

124 1912 201 1953 gine
218 1913 376 1950 Herculis,
399 1915 428 1944 si
452 1915 500 1945 ris
513 1924 694 1953 cognoscere
716 1918 807 1954 gesta
829 1915 944 1954 prioris
971 1915 1104 1953 Alcidae,
1127 1916 1249 1955 ‹wc-ipe:
1272 1915 1393 1954 subegit
1410 1914 1524 1956 Libyn,
1548 1915 1600 1946 ab·

126 1957 217 1987 stulit
230 1967 319 1996 poma
333 1967 426 1988 aurea
437 1968 447 1987 .·
470 1958 610 1989 detraxit
624 1957 776 1988 Amazoni
791 1959 916 1996 peltatoe
931 1958 1091 1996 cingulum
1117 1958 1315 1999 Scythicum:
1339 1959 1486 1997 adjunxit
1512 1963 1601 1997 terga

129 1999 224 2031 leonis
239 2010 313 2040 apro
329 1999 478 2032 Arcadio.
523 2000 672 2041 Abripuit
688 2010 811 2032 cervum
825 2001 987 2040 aeripedem
1001 2001 1110 2042 sylvis,
1127 2008 1163 2032 et
1179 2001 1413 2042 Stymphalidas
1428 2002 1517 2042 aquis
1528 2013 1538 2033 .·
1562 2001 1600 2032 ab

741 2081 880 2092 eeeeeee

884 2081 982 2092 ooooo

171 2125 192 2154 4
214 2123 224 2141 ‘
240 2123 381 2156 Gruter.
398 2134 441 2157 ex
457 2126 568 2158 Palat.
584 2126 649 2167 leg.
676 2131 796 2158 censet
816 2136 969 2167 raraque.-
991 2124 1145 2157 Seriver.
1162 2125 1228 2165 leg.
1254 2134 1401 2166 caraque,
1418 2134 1520 2156 versu
1536 2124 1599 2156 hoc

789 2201 929 2233 NOTAE

174 2266 191 2295 1
215 2263 337 2306 Appia]
350 2266 392 2297 In
405 2277 471 2308 qua
484 2276 622 2308 nempe,
637 2267 838 2299 Latinarum

131 2314 261 2346 viarum
297 2317 536 2358 celeberrima,
562 2319 726 2359 templum
750 2318 840 2349 Her-

132 2366 201 2396 culi
226 2373 491 2400 consecraverat
532 2369 761 2410 Domitianus,
808 2369 843 2400 in

132 2425 197 2456 quo
210 2416 281 2456 ipse
303 2418 365 2449 sub
382 2418 472 2450 illius
490 2419 638 2461 imagine
651 2420 843 2460 colebatur,

133 2466 234 2507 Epig.
257 2470 312 2499 65.
330 2479 445 2509 supra.

177 2519 196 2547 3
232 2518 271 2548 Si
295 2519 381 2559 cupis
406 2521 543 2562 Alcidoe]
588 2522 666 2554 Hoc
683 2526 751 2562 est,
770 2522 843 2553 veri

135 2567 301 2598 Herculis
316 2569 450 2601 labores
467 2572 615 2604 discere.

178 2621 199 2649 4
221 2618 323 2659 Libyn
343 2621 477 2661 domuit]
501 2622 577 2655 Hoc
593 2628 646 2655 est
663 2634 671 2655 :
695 2624 736 2655 In
751 2624 842 2656 Afri-

136 2677 177 2700 ca
205 2668 366 2700 Antaeum
393 2671 488 2711 vicit,
513 2673 607 2713 cujus
634 2680 717 2706 nota
739 2675 843 2706 histo-

137 2719 187 2750 ria
201 2731 209 2750 :
227 2725 328 2761 atque
344 2730 445 2752 aurea
457 2723 544 2753 mala
555 2733 596 2753 ex
612 2724 844 2765 Hesperidum

137 2770 238 2800 horto
270 2770 457 2813 decerpsit,
482 2774 627 2805 custode
655 2774 843 2808 interfecto

141 2819 305 2853 dracone.

937 2270 955 2297 5
981 2265 1157 2306 Peltatam]
1183 2265 1285 2296 Pelta
1308 2269 1441 2296 scutum
1457 2271 1511 2296 est
1528 2264 1604 2296 bre·

896 2320 981 2360 vius,
1004 2329 1071 2360 quo
1095 2318 1283 2349 utebantur
1297 2318 1501 2356 Amazones,
1525 2327 1603 2358 qua—

897 2383 970 2404 rum
999 2371 1153 2412 reginam
1174 2370 1400 2410 Hippolytam
1419 2369 1500 2401 vicit
1516 2370 1605 2401 Her-

899 2423 1017 2454 cules:
1053 2421 1230 2452 ‘Abstulit
1254 2420 1468 2462 Hippolytae,
1495 2424 1605 2461 sexto,

900 2484 959 2505 sua
973 2473 1109 2504 vincula
1127 2470 1248 2503 victae!

942 2523 1088 2563 Scythico
1111 2521 1206 2561 nodo]
1235 2521 1452 2562 Periphrasis
1467 2526 1521 2552 est
1536 2521 1607 2553 bal-

899 2575 971 2605 tei:
997 2575 1030 2604 in
1058 2573 1201 2614 Scythia
1225 2581 1306 2603 vero
1336 2572 1378 2603 ad
1403 2572 1543 2603 Tanaim
1571 2576 1606 2603 et

897 2624 1186 2655 Thermodontem
1228 2621 1367 2654 fluvium
1405 2623 1607 2655 habitarunt

898 2674 1106 2706 Amazones.

939 2728 960 2755 6
997 2724 1134 2756 Addidit
1161 2722 1315 2763 Arcadio]
1360 2724 1414 2754 De
1443 2724 1543 2755 leone
1569 2726 1606 2753 et

896 2784 980 2815 apro
1011 2775 1053 2806 ab
1081 2774 1235 2806 Hercule
1259 2773 1454 2806 interfectis
1479 2773 1604 2814 saepius

898 2826 1040 2858 dictum.
