1893 3225
522 239 928 270 EPffiRAMMA'l'UM
966 239 1057 268 1118.
1094 239 1143 270 X.

1464 230 1549 270 7:39

95 336 153 377 At
172 351 286 379 nunc
309 337 509 379 Ausonio
531 337 688 377 frustra
710 335 925 389 promisse
950 334 1135 384 Quirino

153 406 346 459 Hospita
364 406 513 458 Lagaei
534 406 699 445 littoris
722 404 875 443 umbra
891 403 1035 457 jaces,

92 474 307 526 Spargere
328 487 414 515 non
434 473 561 514 licuit
583 471 781 524 frigentia
801 471 971 511 fletibus
993 483 1084 518 ora,
1518 472 1544 509 5

151 541 341 594 Pinguia
361 555 438 581 nec
455 540 626 581 moestis
647 538 806 579 addere
822 537 951 577 thura
970 538 1103 590 rogis.

93 608 178 648 Sed
199 610 328 650 datur
346 614 511 650 aeterno
531 608 746 649 victurum
767 606 959 647 carmine
980 618 1149 646 nomon.

153 676 380 730 Numquid
401 679 443 717 et
461 677 558 725 hoc,
584 675 721 716 fallax
745 674 865 723 Nile,
888 686 1047 726 negare
1068 673 1234 728 potes?

91 780 213 806 centum
239 777 339 808 viris:
361 778 415 808 sed
427 786 506 807 nunc
531 775 639 806 umbra
647 773 735 812 jaces
764 773 887 812 hospita
902 772 1015 811 Lagaez'
1038 772 1158 802 littoris
1171 772 1370 812 nequicquam
1392 774 1545 812 promissa

94 820 228 849 Ausonio
254 820 398 854 Quirino.
443 819 516 850 Non
535 818 622 849 licuit
648 817 831 858 perfundere
853 817 999 856 lucrymis
1015 815 1177 854 frigidum
1208 816 1339 854 vultum,
1360 825 1414 846 nec
1436 817 1549 846 addere

91 861 326 900 pinguiathura
341 862 458 893 moestz's
479 863 582 901 rogis.-
606 862 660 891 sed
683 868 794 891 nomen
807 860 903 890 datur
918 859 1073 890 victurum
1087 861 1203 889 oeterno
1225 859 1374 890 carmine.

86 904 203 943 fallax,
214 909 339 944 potesne
354 906 449 936 etiam
461 914 601 936 recusare
615 904 669 935 hoc
683 902 698 936 ¹!

709 966 823 977 oooooo

1424 859 1454 891 Ο
1476 859 1550 890 Nile

828 965 941 977 oooooo

94 1011 185 1041 Latio
199 1021 239 1041 m.
258 1015 342 1042 vecte
358 1011 434 1042 cod.
453 1012 589 1042 Beverl.
616 1011 744 1042 Nostra
762 1012 844 1041 lect.
862 1014 916 1040 est
938 1009 971 1039 in
998 1009 1075 1040 cod.
1103 1008 1362 1039 Pulmanni.——3
1377 1010 1386 1026 ⁴
1401 1008 1469 1040 Alii
1486 1011 1550 1049 leg.

91 1054 372 1094 promissa‚1n1nus
390 1054 496 1085 bene?
521 1055 678 1086 Schrevel.
703 1054 744 1085 Id
762 1053 843 1084 dant
858 1052 936 1084 edd.
962 1057 1047 1083 vett.
1077 1061 1153 1082 curn
1168 1052 1357 1091 Delph.——5
1385 1052 1552 1090 Fulgentia

92 1096 377 1129 cod.Beverl.-7
403 1098 520 1128 Munus
537 1097 612 1128 cod.
636 1097 829 1127 Pulmanni.
874 1097 883 1112 ‘
901 1095 978 1126 Non
1000 1095 1088 1125 male
1119 1095 1253 1126 Britan.
1283 1095 1391 1125 codex
1419 1095 1550 1127 munus?

91 1139 262 1170 Schrevel.
307 1142 315 1157 ‘
332 1140 449 1172 Codex
463 1140 558 1173 Junii
572 1140 691 1171 habuit
705 1149 829 1170 munus:
855 1137 972 1169 reete.’
990 1137 1125 1169 Hei-ald.

754 1214 894 1247 NOTAE

94 1274 246 1314 turionis,
276 1285 342 1316 qna
380 1285 501 1315 nempe
541 1276 797 1316 castigabantur

94 1324 230 1357 milites,
251 1325 388 1357 Tacitus
401 1326 459 1358 lib.
472 1335 495 1358 1.
510 1325 632 1358 Annal.
646 1332 681 1358 et
693 1328 797 1358 Luca-

95 1385 155 1407 nus
169 1375 227 1406 lib.
247 1384 293 1407 v1.

135 1430 155 1457 2
183 1427 225 1457 Et
239 1426 374 1468 centum]
413 1428 466 1458 Ex
482 1427 579 1459 Livio
595 1433 630 1459 et
654 1427 798 1469 Polybio

95 1482 231 1508 constat
260 1478 439 1518 sexaginta
469 1483 603 1510 tantum
633 1479 798 1510 militibus

96 1526 271 1567 praefuisse
287 1528 519 1559 centurionem
534 1540 543 1567 ;
565 1528 623 1559 sed
636 1538 716 1559 sane
734 1529 799 1559 Po-

96 1579 152 1609 'e'ta
169 1578 333 1609 rationem
350 1578 608 1619 habetlegionis
621 1589 640 1609 a
657 1579 799 1609 Romulo

96 1628 276 1667 institutae,
302 1638 376 1669 quae
393 1629 501 1659 tribus
518 1629 687 1660 hominum
705 1629 801 1659 milli·

98 1681 158 1710 bus
175 1679 370 1718 constabat,
396 1683 431 1710 et
459 1679 642 1710 distributa
667 1684 740 1710 erat
768 1679 799 1709 in

96 1730 240 1770 triginta
254 1730 457 1770 manipulos,
481 1729 601 1771 quibus
626 1736 800 1770 praeerant

96 1782 236 1821 triginta
255 1781 486 1813 centuriones,

139 1836 156 1863 3
183 1833 317 1864 Ausonio
336 1831 477 1871 frustm]
503 1831 665 1862 Romulus
689 1831 801 1862 dictus

852 1278 906 1305 est
929 1273 1111 1306 Quirinus:
1137 1273 1214 1304 vide
1241 1274 1374 1305 Livium
1399 1275 1456 1305 lib.
1483 1283 1505 1304 r.
1524 1281 1557 1305 et

852 1324 996 1355 sumitur
1021 1323 1075 1354 liic
1093 1333 1152 1363 pro
1179 1325 1305 1364 populo
1330 1324 1499 1362 Romano,
1515 1325 1557 1355 ad

853 1385 953 1416 quem
968 1374 1155 1404 rediturum
1173 1383 1208 1404 se
1222 1374 1423 1414 promiserat
1436 1375 1559 1406 Varus.

894 1428 913 1456 4
927 1424 1052 1464 Lagaei]
1077 1425 1154 1455 Hoc
1172 1425 1412 1465 est‚AEgyptii‚
1428 1435 1445 1456 a
1464 1425 1559 1464 Lago

855 1480 951 1518 patre
967 1476 1148 1506 Ptolemaei
1179 1481 1404 1516 cognomento
1429 1477 1560 1516 Magni.

896 1529 914 1558 7
940 1526 1002 1557 Sed
1026 1525 1263 1566 datm-aeterno]
1303 1526 1392 1558 Vide
1422 1527 1478 1558 lib,
1510 1537 1560 1558 vr.

856 1577 957 1618 Epig.
984 1580 1036 1609 85.
1075 1577 1152 1608 Hoc
1182 1582 1258 1608 est:
1296 1577 1423 1608 Saltem
1443 1578 1561 1608 licebit

859 1627 1010 1658 versibus
1038 1637 1105 1658 non
1137 1628 1298 1668 perituris
1326 1627 1409 1658 Vari
1437 1638 1559 1659 nomen

856 1678 1047 1717 celebrare,
1076 1688 1141 1710 nec
1165 1678 1333 1719 AEgyptus
1364 1688 1450 1719 quae.
1468 1679 1560 1709 Varo

856 1729 1001 1760 reditum
1015 1729 1165 1769 negavit,
1186 1729 1312 1769 poterit
1327 1730 1391 1759 hoc
1407 1730 1487 1760 mihi
1505 1739 1561 1760 ne-

857 1790 960 1821 gare:
999 1779 1153 1821 AEgyptii
1182 1790 1263 1811 vero
1290 1778 1429 1811 fallaces
1458 1781 1563 1812 habiti

857 1837 950 1872 sunt,
963 1841 1025 1872 pro
1042 1831 1163 1871 quibus
1182 1831 1319 1861 sumitur
1342 1831 1450 1864 Nilus.

716 1965 942 2007 XXVII.

642 2055 708 2084 AD
744 2055 1028 2085 DiODORUM.

100 2122 325 2173 ΝΑΤΑω,
348 2121 561 2172 Diodore,
583 2125 660 2163 tuo
683 2123 875 2163 conviva
893 2126 1072 2163 senatus

156 2190 376 2241 Accubat,
401 2193 446 2230 et
467 2203 591 2231 rarus
612 2203 699 2231 non
720 2190 953 2231 adhibetur
970 2204 1102 2244 eques
1120 2204 1132 2241 ;

103 2257 161 2298 Et
181 2264 258 2299 tua
278 2258 473 2299 tricenos
494 2259 675 2312 largitur
697 2259 897 2312 sportula
918 2272 1143 2300 nummos:

159 2326 303 2367 Nemo
326 2331 475 2368 tamen
495 2331 646 2368 natum
669 2331 726 2377 te,
753 2326 963 2379 Diodooe,
985 2331 1130 2382 putat.

146 2420 178 2451 Ο
192 2421 341 2460 Diodoro,
357 2426 409 2453 tuo
424 2422 527 2453 natali
542 2422 707 2454 Senatores
718 2422 855 2454 convivae
869 2422 1065 2460 accumbunt,
1079 2426 1110 2453 et
1119 2421 1302 2462 frequentes
1325 2423 1444 2463 equites
1458 2423 1560 2453 aduro-

102 2466 225 2502 ventur,
237 2467 267 2494 et
283 2467 337 2494 tua
362 2467 501 2505 sportula
516 2465 678 2497 distribuit
701 2466 838 2506 triginta
853 2475 1009 2497 nummos.-
1034 2466 1065 2497 Ο
1084 2465 1239 2504 Diuum-e,
1260 2465 1462 2497 ‘nihilomiuus
1479 2476 1564 2497 nemo

101 2509 192 2546 putat
203 2509 234 2537 te
249 2509 370 2538 natum.

764 2550 907 2582 NOTAE

149 2605 163 2632 1
190 2601 316 2642 Natali]
351 2603 460 2635 Quem
476 2604 639 2635 conviviis
654 2603 804 2636 celebra-

106 2653 175 2684 bat.

861 2604 1080 2646 quadrantes,
1103 2604 1192 2636 unde
1214 2605 1367 2646 sportula
1391 2610 1464 2636 erat
1487 2614 1563 2638 cen-

860 2660 932 2686 tuni
950 2655 1191 2697 quadrantum,
1206 2655 1306 2695 Epig.
1319 2657 1373 2685 70.
1386 2654 1485 2685 infra.
1512 2655 1563 2685 De

148 2705 166 2733 8
196 2703 237 2733 Et
251 2706 304 2733 tua
319 2702 468 2742 tricenos]
494 2703 577 2734 Cum
593 2704 674 2735 alias
686 2704 805 2736 decem
862 2706 1014 2747 sportula
1023 2706 1094 2746 jani
1108 2705 1236 2737 dictum
1254 2705 1312 2737 lib.
1327 2715 1350 2736 ι.
1370 2705 1471 2745 Epig.
1492 2709 1543 2736 81.

106 2758 239 2784 tantum
255 2753 380 2784 nummi
403 2754 551 2785 sestertii
566 2754 730 2786 darentur
746 2765 807 2796 pro

106 2805 278 2844 sportula:

903 2760 923 2788 4
948 2757 1047 2787 Nemo
1069 2757 1188 2796 tamen]
1222 2756 1299 2786 Hoc
1327 2760 1400 2786 est:
1436 2755 1563 2785 Omnes

327 2804 449 2845 singuli
491 2804 649 2836 valebant
689 2806 807 2837 decem
862 2809 976 2836 tamen
993 2811 1028 2837 te
1045 2811 1146 2838 terrae
1162 2805 1280 2844 filium,
1297 2815 1355 2836 scu
1372 2805 1566 2845 ignobilem,
