1893 3225
257 231 344 273 670

716 241 762 269 Μ.
798 242 856 270 VA
869 241 907 269 L.
943 241 1009 270 MA
1021 242 1134 271 RTIA
1147 243 1218 272 [As

912 429 1064 471 XLV.

737 522 800 551 DE
836 521 1008 551 EADEM
1043 520 1256 550 STATUA.

372 589 601 631 ALCIDEN
625 590 757 631 modo
778 589 980 631 Vindicis
1001 590 1226 642 rogabam,

369 658 506 699 Esset
526 658 650 713 cujus
673 671 786 712 opus
807 658 1020 711 laborque
1040 657 1160 698 felix.

369 728 503 778 Risit,
524 727 647 783 (nam
670 728 784 769 solet
800 726 926 781 hoc,)
945 727 1120 781 levique
1141 729 1264 776 nutu,

369 796 529 837 Graece
550 796 782 850 numquid,
805 796 882 845 ait,
906 795 1061 845 Poeta,
1084 795 1266 835 nescis?

368 863 592 917 Inscripta
612 868 678 905 est
697 863 837 912 basis,
858 862 1112 916 indicatque
1131 875 1304 903 nomen.
1695 863 1723 902 5

367 930 562 971 Λυσίππου
581 932 694 984 lego,
718 931 888 972 Phidiae
909 931 1078 985 putavi.

297 1043 399 1074 Paulo
425 1046 498 1073 ante
517 1041 689 1083 quaerebam
714 1042 751 1072 ab
770 1042 907 1072 Hercule
928 1041 1083 1079 Vindicis,
1106 1052 1124 1072 α
1148 1051 1206 1081 quo
1223 1041 1340 1082 effictus
1361 1042 1391 1070 et
1404 1040 1548 1078 feliciter
1559 1039 1720 1078 formatus

244 1086 374 1124 suisset.
420 1086 527 1116 Risit.-
550 1095 622 1115 num
637 1085 713 1115 solet
728 1086 782 1116 hoc
794 1096 804 1115 .·
821 1088 851 1115 et
867 1085 926 1116 levi
942 1089 1019 1116 nutu
1033 1085 1202 1124 respondit,
1219 1085 1250 1115 O
1263 1083 1373 1123 Poeta,
1384 1093 1424 1114 an
1439 1084 1565 1123 ignoras
1580 1084 1721 1123 linguam

254 1126 427 1160 Graecam?
450 1128 532 1160 basis
549 1129 698 1169 inscripta
713 1132 778 1166 est,·
801 1131 893 1168 atque
920 1129 1054 1159 ostendit
1072 1137 1190 1159 nomen.
1235 1125 1366 1168 Lysippi
1389 1127 1468 1166 lego,
1493 1127 1612 1158 credidi
1635 1137 1720 1167 opus

258 1172 396 1203 Pliidioe.

864 1223 1003 1234 ‘oum

1004 1223 1106 1234 oet-N

296 1271 311 1298 l
336 1267 345 1284 ‘
362 1267 492 1299 Alcides
519 1267 650 1298 mavult
665 1266 760 1307 Lips.
806 1265 934 1298 Nescio
960 1274 1000 1296 an
1024 1265 1164 1306 legend.
1195 1266 1254 1305 sit,
1277 1265 1411 1297 Alciden
1436 1265 1507 1307 (vel
1521 1264 1664 1306 Alcides)
1679 1276 1720 1296 m.

257 1311 421 1342 Vindicem
438 1321 465 1341 r.
486 1315 522 1341 et
539 1320 618 1340 sane
643 1310 723 1341 lect.
751 1319 858 1340 meam
883 1308 1063 1340 coufirmat
1089 1309 1198 1340 codex
1217 1309 1364 1346 Petavii‚
1390 1308 1446 1340 ubi
1464 1318 1526 1350 pro
1545 1309 1720 1349 Vindicem,

250 1354 379 1395 legitur
394 1355 483 1384 male
500 1353 661 1384 Iudicem!
683 1353 827 1384 Herald.

907 1404 1051 1436 NOTAE

293 1476 308 1503 l
337 1473 469 1504 Alciden
486 1473 574 1502 modo
604 1470 762 1511 Vindicis]
788 1470 870 1507 Alii,
896 1470 953 1500 „41-

246 1525 342 1563 cides,
358 1524 445 1554 modo
466 1523 625 1553 Vindicem
642 1521 799 1561 rogabam.
836 1520 953 1550 vindi-

246 1585 319 1606 cem
337 1574 425 1605 enin]
447 1583 566 1614 rogare
592 1572 730 1603 videtur
747 1570 869 1607 Poeta,
896 1580 951 1601 cu-

240 1626 299 1665 jus
323 1625 368 1655 sit
396 1634 480 1665 opus
520 1623 705 1661 Hercules,
733 1631 834 1663 quem
863 1621 953 1651 domi

247 1675 395 1707 colebat.
426 1675 493 1706 Sed
512 1675 660 1715 priorem
676 1674 859 1705 lectionem
879 1682 953 1713 pro-

244 1727 305 1758 bat
323 1726 479 1757 Raderus
496 1726 545 1756 bis
563 1725 675 1756 verbis
690 1736 698 1757 z
733 1726 742 1741 ‘
756 1724 952 1764 Interroga-

244 1779 321 1809 bam
338 1787 402 1818 ego
419 1776 579 1815 Alciden,
597 1786 615 1807 a
630 1786 697 1818 quo
710 1781 802 1807 esset
818 1775 952 1806 artifice

244 1828 374 1859 factus.
410 1827 513 1864 Risit,
529 1827 653 1867 inquit,
667 1827 777 1865 Deus,
795 1830 844 1865 et,
860 1831 898 1856 ut
916 1825 950 1856 id

244 1879 288 1910 de
306 1879 382 1909 Deo
398 1877 562 1908 credibile
581 1877 770 1915 videretur,
799 1877 846 1907 ait
865 1877 953 1907 Her-

244 1929 355 1960 culem
370 1928 434 1958 hoc
458 1927 581 1965 solere,
606 1936 683 1957 nam
705 1926 809 1957 facies
827 1931 952 1957 statu-ae

243 1989 311 2012 non
329 1982 405 2010 erat
432 1982 544 2017 torva,
562 1977 621 2008 sed
639 1978 767 2018 hilaris,
788 1982 823 2008 et
842 1977 953 2018 epulis

1012 1469 1117 1510 apta!
1160 1469 1327 1510 Papinius
1356 1469 1414 1501 lib.
1431 1479 1479 1501 iv.
1518 1469 1711 1510 Sylvarum:

1013 1522 1022 1538 ‘
1039 1521 1118 1552 Non
1135 1526 1233 1552 torva
1249 1520 1390 1562 effigies,
1414 1521 1594 1562 epulisque
1608 1521 1718 1552 aliena

1013 1571 1186 1603 remissis.⁷
1231 1573 1277 1603 Et
1299 1572 1401 1613 paulo
1417 1571 1528 1603 infra:
1566 1572 1642 1603 ‘Sic
1657 1573 1718 1603 mi-

1013 1623 1058 1653 tis
1081 1623 1188 1663 vultu,
1205 1623 1311 1653 veluti
1337 1622 1380 1653 de
1401 1627 1544 1663 pectore
1566 1623 1717 1663 gaudens

1009 1672 1179 1704 Hortetur
1195 1672 1352 1704 mentes!

1051 1728 1070 1755 0
1093 1724 1267 1765 Λυσίππου]
1292 1723 1431 1765 Lysippi
1456 1723 1586 1764 egregii
1611 1728 1718 1755 statu-

1008 1776 1069 1806 arii
1089 1785 1174 1815 opus
1189 1775 1358 1815 intellige.

1051 1826 1193 1865 Phidiae]
1230 1825 1297 1858 Qui
1333 1824 1518 1856 statuarius
1548 1825 1618 1865 ipso
1648 1826 1716 1866 Ly-

1009 1877 1106 1917 sippo
1125 1876 1273 1907 nobilior
1298 1874 1376 1915 fuit,
1397 1880 1431 1906 et
1445 1875 1567 1907 Jovem
1582 1874 1715 1907 effinxit

1008 1927 1098 1958 inter
1116 1927 1207 1958 orbis
1224 1926 1386 1958 miracula
1403 1930 1630 1958 numeratum.

886 2128 1068 2170 XLVI.

740 2222 807 2250 AD
833 2219 968 2248 MARc
980 2218 1003 2246 E
1015 2217 1225 2247 LnlNUM.

243 2292 407 2334 MILES
431 2291 751 2345 Hyperboreos
772 2287 920 2336 modo,
944 2285 1219 2334 Marcelline,
1239 2284 1441 2333 Triones,

299 2361 356 2401 Et
370 2359 521 2402 Getici
538 2358 692 2399 tuleris
714 2356 859 2397 sidera
876 2354 999 2408 pigra
1019 2352 1136 2406 poli:

285 2470 316 2503 O
334 2469 530 2509 Marcelline,
544 2467 627 2499 brevi
642 2466 787 2498 tolerabis
801 2464 930 2496 Triones
947 2461 1181 2503 Hyperboreos,
1197 2466 1288 2503 atque
1302 2466 1390 2494 astra
1405 2463 1489 2494 lenta
1501 2463 1569 2494 coeli
1589 2462 1709 2494 Getici.

867 2538 987 2550 eeeeee

992 2537 1109 2548 ‘‘‘‘‘‘

282 2604 301 2632 2
319 2604 327 2618 ‘
345 2600 472 2631 Tulerus
484 2598 598 2629 Palat.
615 2596 705 2628 unde
723 2595 798 2636 quis
812 2594 913 2625 facile
932 2592 1055 2625 fecerit
1067 2593 1200 2625 toleras:
1217 2592 1280 2624 nisi
1297 2594 1383 2624 modo
1401 2593 1514 2634 signet
1528 2594 1710 2624 dummodo:

240 2645 297 2676 sed
315 2644 397 2675 nihil
412 2641 528 2674 muto.’
547 2642 708 2672 Grut.—6
725 2639 793 2670 Alii
808 2638 883 2679 ipse.

899 2702 1041 2734 NOTAE

282 2778 298 2806 l
326 2772 545 2815 Hyperboreos
574 2769 717 2809 Triones]
765 2768 942 2800 Describit
998 2772 1031 2798 ta
1049 2768 1257 2798 toleraturus
1281 2771 1353 2796 erat
1380 2764 1602 2796 incommoda.
1649 2765 1705 2795 De

237 2825 536 2866 Septemtrionem,
552 2821 609 2852 ubi
622 2820 843 2852 Marcellinus
859 2819 941 2850 mul-

996 2819 1174 2849 Trionibus
1199 2818 1314 2849 Stellis
1340 2827 1462 2857 nempe
1480 2815 1622 2855 dictum,
1643 2815 1701 2846 lib.
