1893 3225
522 229 740 259 ΕΡΙΟΚΛΜ
753 229 888 258 ΜΛῚύ
901 230 929 257 Μ
970 230 1062 259 [ΑΒ.
1098 229 1149 259 X·

1481 221 1566 262 737

219 325 324 375 Qua
346 326 522 367 mittunt
540 326 646 365 mihi
669 338 826 365 munus
847 330 890 365 et
912 324 1116 378 puellae)

216 393 602 447 Quinquagesima
622 393 728 442 liba,
752 394 1078 446 septimamque

221 461 389 503 Vestris
412 462 613 503 addimus
634 461 747 501 hanc
768 460 883 501 focis
905 473 1115 502 acerram.
1535 477 1562 501 a

213 530 300 571 His
318 544 399 572 vos
419 529 482 585 (si
502 534 649 570 tamen
665 529 846 582 expedit
866 527 1065 582 roganti)

213 596 368 638 Annos
390 597 537 638 addite
560 597 632 637 bis
655 609 812 650 precor
833 609 1047 646 novenos,

214 666 277 707 Ut
299 665 492 706 nondum
507 665 643 705 nimia
664 665 790 718 piger
811 670 1007 715 senecta,

212 734 300 775 Sed
324 734 428 775 vitae
456 734 595 775 tribus
618 734 735 774 areis
758 734 951 787 peractis

211 802 360 843 Lucos
383 802 549 857 Elysiae
570 805 716 855 petam
741 801 920 855 puellae.
1508 802 1560 842 10

210 869 322 911 Post
340 871 455 911 hunc
480 870 690 920 Nestora,
714 884 792 913 nec
814 870 927 911 diem
948 872 1128 924 rogabo.

95 1013 190 1044 eliam
213 1012 344 1044 mittunt
366 1015 407 1044 ad
429 1023 476 1044 me
500 1014 633 1044 donum:
669 1014 869 1053 adjungimus
893 1014 1006 1045 vestris
1033 1013 1118 1052 focis
1141 1013 1396 1054 quinquagesima
1428 1013 1503 1049 liba,
1531 1017 1559 1043 rt

97 1057 174 1087 hanc
189 1057 351 1096 septimam
373 1066 526 1087 acerram.

575 1057 635 1088 Vos
655 1057 706 1096 (si
730 1060 835 1088 tamen
850 1057 946 1095 juvat
962 1056 1149 1096 rogantem)
1163 1057 1328 1095 adjungite
1351 1056 1412 1093 his,
1443 1066 1555 1096 quas-0,

94 1109 190 1130 annos
205 1100 393 1134 octodecim·
417 1103 449 1129 ut
462 1100 596 1130 nondum
614 1100 707 1140 piger
722 1101 820 1130 nimiu
833 1103 1001 1140 senectute,
1015 1101 1067 1130 sed
1082 1100 1218 1139 peractis
1241 1099 1340 1130 tribus
1361 1100 1465 1130 aureis
1482 1101 1558 1130 titre

94 1144 203 1173 adeam
217 1143 299 1173 lucos
312 1143 423 1182 puellae
440 1143 572 1183 Elysioe.

687 1237 825 1249 eeeeeee

624 1143 700 1174 Post
714 1143 780 1173 hoec
795 1146 945 1183 tempora,
956 1153 1010 1174 nec
1019 1147 1124 1184 petam
1140 1153 1242 1174 unum
1258 1143 1350 1174 (lieni.

828 1238 927 1250 eeeee

137 1302 244 1333 Galen.
258 1300 337 1332 Ald.
354 1301 450 1333 Junt.
463 1302 572 1333 Colin.
589 1303 718 1333 Calena.
736 1302 886 1334 Farnab.
898 1302 1013 1334 Maitt.
1030 1302 1190 1332 Kalendas
1207 1301 1380 1332 Barbouii.
1405 1301 1558 1331 Calendus

89 1345 280 1384 Dema—5
297 1345 366 1375 Hos
381 1345 449 1376 Ms.
466 1345 659 1384 Pulmanni‚
674 1346 730 1386 qui
747 1346 888 1387 conjicit
911 1346 1044 1376 hum—7
1060 1345 1119 1376 Sic
1134 1343 1180 1374 id.
1198 1344 1274 1374 cad.
1302 1343 1361 1375 Ter
1372 1342 1450 1374 edd.
1468 1349 1554 1374 vett.

89 1390 97 1405 ‘
116 1388 188 1419 Alli
203 1388 270 1427 leg.
286 1391 344 1419 ter.
362 1388 505 1419 Rectius
522 1388 581 1419 bis.
621 1388 712 1419 Anni
725 1390 814 1419 enirn
831 1392 886 1420 27.
904 1388 1012 1419 additi
1029 1388 1129 1418 nimis
1145 1392 1180 1418 et
1197 1388 1288 1417 nitra
1305 1392 1419 1418 votum
1436 1386 1555 1417 Poeta*

90 1432 320 1462 extenderent
335 1430 534 1462 senectam!
560 1431 697 1464 Farnab.
713 1432 937 1463 &laevet—9
960 1431 1077 1462 Aureis
1090 1430 1167 1461 edd.
1182 1435 1268 1462 vett.
1305 1435 1312 1446 ‘
1326 1430 1422 1462 Arei-3
1435 1430 1555 1469 legunt

90 1474 160 1505 alii.
205 1475 314 1505 Vetus
335 1473 444 1505 codex
472 1474 576 1505 aureis
604 1475 735 1506 habet!
764 1476 934 1506 Pulmamz.
972 1474 1088 1505 Azareis
1117 1473 1274 1514 explodit
1300 1473 1491 1504 Seriverius
1519 1478 1554 1502 et

92 1522 209 1548 tuetur
224 1517 499 1548 Flosculus.——ll
520 1517 599 1548 Post
627 1518 693 1548 laoec
733 1522 872 1557 tempora
897 1517 976 1548 edd.
1007 1521 1094 1547 vett.
1125 1522 1160 1546 et
1189 1515 1334 1547 Farnah.
1362 1515 1488 1555 Delpli.
1519 1520 1553 1545 et

90 1559 267 1591 Barbouii.

94 1603 216 1634 Notas.

331 1560 401 1590 Pro
430 1559 566 1590 Nestora
601 1560 678 1591 cod.
708 1561 846 1591 Beverl.
875 1559 977 1591 habet
1006 1569 1063 1590 nec
1087 1559 1206 1590 horam.

1265 1558 1354 1589 Vide
1372 1558 1551 1589 variorum

748 1656 889 1687 NOTAE

127 1734 146 1761 3
173 1731 243 1766 Qua
266 1730 412 1771 mittum]
446 1731 592 1763 Munera
608 1733 787 1764 mitteban-

84 1781 196 1812 tur-ad
228 1791 305 1812 eum
330 1782 385 1822 qui
413 1783 562 1812 natalem
587 1783 676 1814 diem
704 1784 789 1814 cele·

84 1830 211 1862 braret.
257 1831 346 1862 Vide
370 1831 429 1862 lib.
447 1841 529 1863 vm.
545 1833 712 1873 Epig.64.

125 1885 145 1912 4
171 1881 433 1921 Quinquagesima
470 1882 550 1922 liba]
597 1883 673 1914 Hoc
714 1889 787 1915 est:

82 1932 159 1964 Jam
190 1932 414 1973 quinquagies
453 1933 582 1973 septies
612 1934 788 1966 sacrificiis

85 1982 224 2013 celebro
247 1983 377 2014 natales
406 1983 605 2015 Kalendas:
630 1995 705 2026 quae
730 1995 787 2016 au-

82 2038 151 2064 tem
174 2033 364 2073 hujusmodi
385 2033 559 2075 sacrificiis
587 2035 786 2066 adhiberen-

80 2089 137 2114 tur
153 2083 330 2124 explicuit,
343 2083 401 2114 lib.
419 2093 474 2115 lx.
491 2084 593 2125 Epig.
610 2087 662 2115 91.
674 2084 730 2116 ubi
743 2085 786 2116 de

81 2135 263 2175 placentiS‚
279 2143 338 2165 seu
359 2134 449 2173 libis,
466 2139 502 2166 et
516 2135 614 2166 thure
628 2135 784 2168 diximus,

77 2186 87 2202 ‘
106 2184 252 2216 Acerra'
277 2195 334 2216 vas
352 2190 417 2226 est,
429 2195 495 2227 quo
512 2186 586 2217 thus
601 2193 783 2219 crematur.

122 2240 141 2267 5
171 2235 397 2276 Vestrisfocis]
428 2235 470 2267 Id
486 2242 550 2276 est,
567 2237 688 2267 vestris
705 2237 783 2268 aris.

121 2288 140 2316 7
166 2286 227 2316 Bis
250 2296 359 2327 precor
386 2287 531 2327 novenos]
576 2287 783 2319 Octodecim

80 2345 184 2367 annos
200 2336 318 2368 addite
332 2337 579 2378 quinquaginta
591 2343 737 2378 septem,
749 2344 784 2369 et

81 2391 180 2417 erunt
192 2390 245 2418 75.
280 2386 362 2427 Alii,
379 2391 427 2418 ter
438 2397 580 2428 novenos,
599 2389 659 2419 sed
676 2390 783 2421 minus

81 2437 190 2475 bene3
231 2442 344 2469 esseut
375 2438 466 2470 enim
499 2440 576 2470 anni
601 2442 653 2471 84.
671 2445 706 2470 et
733 2440 781 2471 sic

122 2843 235 2882 Delph.
247 2846 275 2873 ct
296 2844 368 2874 ἴαν.
386 2844 471 2875 Clas,

843 1738 1002 1764 senectus
1018 1732 1199 1772 decrepita
1211 1735 1333 1762 contra
1355 1734 1470 1761 votum
1488 1729 1553 1760 Po-

844 1783 921 1815 etae.

886 1836 907 1864 9
926 1834 1038 1864 Tribus
1049 1834 1131 1864 areis
1146 1832 1280 1873 [aureis]
1302 1829 1379 1862 Hoc
1397 1836 1461 1871 est,
1475 1840 1551 1871 sep-

845 1885 1005 1925 tnagima
1020 1884 1168 1925 quinque
1185 1883 1281 1913 annis
1297 1883 1467 1922 peractis:
1493 1893 1550 1913 au-

844 1934 921 1966 reus
934 1935 1023 1965 enim
1043 1935 1159 1964 Romae
1177 1932 1415 1964 aestimabatur
1431 1933 1547 1972 viginti

842 1986 992 2026 quinque
1030 1984 1201 2021 denariis3
1244 1987 1313 2013 tres
1339 1992 1422 2013 vero
1451 1984 1545 2014 aurei

841 2035 995 2067 efficiunt
1010 2038 1064 2066 75.
1082 2034 1251 2072 denarios,
1268 2043 1442 2065 nnmerum
1457 2035 1547 2066 scili-

841 2093 897 2118 cet
912 2096 1077 2117 annorum
1102 2095 1186 2126 quos
1202 2081 1303 2125 optat
1324 2084 1445 2115 Poeta.
1492 2085 1547 2116 lta

841 2137 996 2168 Raderus
1007 2141 1044 2168 et
1054 2135 1251 2167 Farnabius.
1270 2134 1317 2166 At
1327 2144 1408 2166 vero
1419 2135 1547 2167 Turne-

841 2188 903 2219 bus
920 2188 982 2219 lib.
999 2195 1092 2218 xxx.
1105 2196 1182 2226 cap.
1195 2188 1225 2216 3.
1238 2185 1322 2226 legit
1337 2185 1440 2218 tribus
1453 2188 1543 2217 areis.

839 2239 886 2270 Et
902 2240 969 2270 t-ria
986 2238 1064 2269 vitae
1091 2236 1203 2278 spatia
1231 2236 1407 2276 intelligit,
1434 2239 1546 2278 pneri-

839 2291 922 2320 tiam
951 2298 1086 2329 nempe,
1110 2287 1343 2328 juventutem,
1367 2292 1402 2317 et
1427 2297 1545 2320 senee-

840 2347 919 2373 tam.
963 2341 1106 2373 Jndicet
1123 2341 1241 2371 lector.

882 2395 921 2423 10
949 2392 1065 2432 Elysiae
1086 2389 1210 2431 puellm]
1250 2389 1480 2430 Proserpinae,
1507 2391 1539 2421 id

838 2448 901 2482 est,
918 2443 1054 2474 moriar.

752 2844 840 2876 Mart
847 2847 897 2876 ml.
1378 2850 1397 2878 δ’
1421 2850 1448 2879 Α
