1893 3225
238 222 324 266 938

713 235 762 264 Μ.
798 235 909 264 VAL.
942 235 1219 266 MARTIALIS

237 329 413 371 Perdite
435 330 652 381 Niliacas,
675 330 844 382 Musae,
869 346 966 374 mea
982 333 1144 374 damna
1165 346 1363 388 papyros
1383 348 1393 376 :

295 398 518 447 Postulat,
536 412 657 448 ecce,
679 412 819 441 novos
843 401 967 442 ebria
988 402 1142 442 bruma
1166 402 1294 443 sales.

238 465 344 506 Non
363 478 460 506 mea
476 467 754 519 magnanimo
775 467 995 521 depugnat
1018 474 1188 510 tessera
1208 470 1313 518 talo,
1663 471 1692 511 5

293 533 428 574 Senio
447 547 529 574 nec
551 539 749 575 nostrum
770 549 870 575 cum
894 549 1000 577 cane
1022 542 1209 590 quassat
1231 539 1352 579 ebur.

237 600 354 642 Haec
375 602 478 642 mihi
500 601 650 643 charta
669 615 820 652 nuces,
841 603 935 644 hoec
955 608 1021 644 est
1042 605 1147 644 mihi
1167 605 1319 646 charta
1338 604 1560 647 fritillas:

293 668 407 710 Alea
427 682 509 710 nec
531 670 750 720 damnum,
772 683 853 711 nec
873 671 984 712 facit
1002 671 1091 712 ista
1110 671 1294 713 lucrum.

234 804 263 832 et
280 801 367 832 olivae
378 802 513 841 poenula,
532 806 586 833 aut
593 802 682 840 foeda
709 805 807 835 blatta
823 806 932 836 timeat
949 816 1076 845 egenam.
1092 806 1244 837 esuriem.-
1267 816 1304 837 en
1320 805 1503 837 Saturnalia
1519 806 1686 837 temulenta

232 847 340 879 Petunt
358 855 448 875 not-os
451 845 547 882 jocos.

234 887 335 921 quatit
347 891 483 918 nostrum
498 888 581 919 ebur.

237 928 416 961 trimentum
432 940 485 961 nec
503 934 651 971 quaestum
668 943 707 963 ex
722 933 783 964 ista
795 934 873 965 alea.

595 846 671 876 Elea
681 851 796 878 tessera
813 858 872 878 non
883 850 1023 879 decertat
1040 859 1108 879 cum
1121 859 1269 887 generoso
1284 850 1360 887 talo,
1375 860 1428 880 uec
1442 848 1525 879 senio
1538 858 1605 879 cum
1617 858 1690 879 cane

627 889 708 920 Hoec
723 891 830 921 charta
844 891 922 922 mihi
948 895 994 922 est
1018 892 1080 922 loco
1102 892 1225 923 nuciam
1240 892 1410 931 etfrz'tilli:
1434 902 1488 923 nec
1504 891 1619 932 accipio
1640 892 1690 922 de·

846 1019 1067 1033 mou

232 1070 370 1103 cod.—5
397 1073 466 1104 Telo
483 1073 557 1106 cod.
575 1074 778 1106 Beverl.—7
804 1075 904 1107 Nocet
921 1085 983 1117 pro
1000 1086 1089 1107 nuces
1105 1075 1217 1107 id.—-8
1243 1076 1317 1107 Non
1333 1075 1379 1106 id.

892 1163 922 1194 N
929 1163 1031 1194 OTAE

274 1225 307 1258 3'
318 1227 618 1271 Niliacaspapyros]
635 1231 724 1264 Quia
736 1231 769 1262 in
783 1231 933 1273 AEgypto

228 1286 416 1311 nascuntur
443 1281 574 1322 papyri,
602 1291 682 1323 quas
710 1292 770 1322 per
797 1284 932 1323 apposi-

229 1331 357 1362 tionem
382 1336 482 1362 voeat
497 1341 556 1362 sua
572 1331 714 1364 damna:
739 1333 817 1364 mali
843 1334 932 1364 enim

228 1391 346 1412 versus
371 1380 519 1421 perdunt
547 1381 651 1412 bonas
681 1382 827 1414 chartas.
871 1383 932 1415 Ju-

230 1432 359 1463 venalis
375 1433 449 1464 Sat.
468 1441 491 1464 1.
511 1442 610 1463 versu
629 1436 680 1465 15.
725 1434 733 1450 ‘
749 1433 865 1464 Stulta
880 1438 933 1464 est

229 1483 426 1522 clementia,
453 1493 528 1514 cum
555 1488 608 1513 tot
634 1482 761 1524 ubique
787 1483 932 1514 Vatibus

228 1542 400 1570 occurras,
416 1534 578 1573 periturae
596 1543 740 1574 parcere
754 1533 907 1564 chartae!

270 1587 289 1615 4
314 1584 414 1615 Ebria
446 1584 568 1625 bruma]
605 1584 799 1615 Saturnalia
834 1585 932 1615 intel—

227 1635 308 1676 lige,
338 1636 457 1677 quibus
489 1635 587 1675 genio
614 1634 837 1676 indulgebant
865 1635 932 1666 Ro-

228 1686 329 1718 mani.
376 1686 432 1717 De
447 1685 498 1716 his
516 1695 632 1726 supra.

273 1741 291 1767 5
318 1737 393 1768 Non
419 1747 486 1768 mea
502 1737 715 1777 magnanimo]
740 1736 830 1768 Vide
857 1747 932 1778 quae

219 1789 292 1829 jam
309 1788 350 1819 de
368 1788 446 1819 talis
462 1793 498 1819 et
515 1788 649 1820 tesseris
665 1788 757 1819 dicta
770 1793 859 1827 sunt,
874 1789 931 1820 lib.

228 1847 277 1870 ιν.
294 1839 389 1879 Epig.
421 1841 472 1869 14.
520 1839 749 1879 Calcagn'mus
783 1838 824 1869 de
851 1839 933 1870 Tes-

227 1890 312 1920 seris
340 1890 389 1920 sic
420 1890 489 1921 ait:
516 1889 673 1929 Duabus,
689 1889 843 1920 tribusve
866 1894 932 1921 tes·

228 1940 326 1980 seris,
357 1945 503 1982 quatuor
542 1944 654 1971 autem
687 1940 728 1970 ad
757 1940 930 1971 minimum

227 1991 303 2022 talis
321 1990 600 2022 contendebatur
629 1991 663 2021 in
693 1991 766 2022 acie
794 1991 929 2023 lusoria.

228 2040 329 2072 Unde
358 2041 435 2072 talis
463 2051 561 2082 pares
588 2051 654 2072 non
680 2047 758 2072 sunt
775 2046 929 2082 tesserae,

228 2092 286 2124 sed
317 2092 515 2132 inferiores3
538 2093 596 2124 lib.
634 2101 711 2124 xlv.
741 2093 842 2134 Epig.
876 2097 926 2126 15.

989 1233 998 1249 ‘
1017 1232 1095 1264 Non
1125 1231 1186 1263 sim
1212 1232 1356 1262 talorum
1383 1239 1521 1261 numero
1546 1239 1608 1270 par
1624 1234 1690 1260 tes·

987 1293 1073 1323 sera,
1089 1283 1167 1314 dum
1185 1283 1229 1314 sit
1245 1283 1371 1323 Major,
1396 1291 1494 1322 quam
1512 1281 1600 1319 talis,
1617 1281 1689 1311 alea

987 1344 1078 1375 saepe
1094 1333 1198 1364 mihi!
1246 1333 1333 1364 Haec
1355 1332 1443 1363 ratio
1459 1331 1500 1362 ad
1517 1331 1689 1371 explican-

988 1385 1066 1415 dum
1096 1384 1133 1414 τὸ
1163 1381 1408 1423 ‘magnanimo’
1447 1381 1525 1412 mihi
1552 1381 1689 1422 quidem

987 1436 1096 1467 levior
1137 1434 1285 1473 videtur,
1320 1433 1380 1464 sed
1417 1432 1589 1463 meliorem
1624 1441 1690 1462 non

988 1486 1112 1526 reperi.
1157 1485 1434 1518 Judicetlector.

1029 1540 1049 1568 6
1073 1535 1182 1576 Senio]
1206 1535 1352 1574 Dicitur,
1370 1544 1445 1566 cum
1471 1532 1624 1573 injactis
1641 1537 1690 1563 ta-

987 1588 1028 1618 lis
1060 1587 1212 1618 senarius
1245 1589 1409 1627 apparet3
1442 1584 1532 1615 canis
1561 1587 1690 1622 autem,

987 1647 1062 1669 cum
1079 1638 1214 1668 unicum
1231 1637 1362 1667 senario
1375 1634 1566 1676 oppositum
1584 1642 1690 1674 punc-

988 1693 1060 1720 tum
1087 1692 1243 1729 apparet.
1299 1686 1418 1717 ‘Ebur
1444 1683 1618 1724 nostrum‚’
1646 1693 1688 1715 ex

988 1748 1054 1779 quo
1092 1738 1225 1769 scilicet
1253 1736 1382 1768 fiebant
1406 1740 1559 1775 tesserae,
1590 1739 1627 1766 ut
1654 1740 1689 1766 et

988 1789 1062 1828 tali,
1090 1798 1172 1829 quos
1198 1788 1261 1818 hoc
1292 1787 1367 1818 loco
1393 1785 1539 1826 intelligi
1569 1790 1689 1816 censet

987 1841 1077 1872 idem
1093 1840 1321 1879 Calcagn'mus
1339 1839 1382 1870 de
1397 1838 1559 1869 Tesseris.

1029 1894 1047 1922 7
1072 1891 1154 1922 Haec
1183 1891 1276 1931 mihi]
1300 1891 1424 1921 Sensus
1441 1893 1512 1921 est:
1539 1890 1624 1929 Ego,
1641 1890 1689 1920 in-

985 1941 1061 1982 quit
1099 1941 1221 1981 Poeta,
1251 1940 1480 1972 Saturnalium
1518 1943 1687 1980 tempore,

984 2002 1047 2024 nec
1080 1992 1230 2031 tesseris,
1260 2001 1324 2023 nec
1348 1990 1504 2030 nucibus,
1528 2000 1593 2022 nec
1609 1992 1686 2022 talis

983 2042 1075 2082 ludo,
1104 2041 1163 2073 sed
1201 2042 1311 2073 Musis
1337 2052 1433 2073 vaco.
1484 2042 1537 2073 De
1567 2041 1685 2073 fritillo

982 2093 1117 2134 copiose
1134 2092 1264 2124 dictum
1281 2097 1334 2124 est
1349 2092 1408 2124 lib.
1426 2101 1475 2124 ιν.
1494 2092 1594 2133 Epig.
1613 2095 1664 2123 14.

929 2268 994 2309 II.

720 2365 771 2396 IN
808 2366 1196 2397 DETRACTOREM.

231 2443 474 2484 NASUTUS
498 2443 559 2482 sis
581 2456 720 2496 usque
742 2444 855 2493 licet,
877 2445 938 2484 sis
960 2445 1148 2498 denique
1170 2458 1323 2496 nasus,

287 2509 509 2560 Quantum
532 2511 718 2552 noluerit
739 2511 849 2552 ferre
872 2518 1050 2565 rogatus
1077 2512 1224 2564 Atlas,

275 2622 482 2658 Quantumvis
502 2622 545 2653 sis
560 2625 700 2663 nasutas,
715 2625 745 2653 et
762 2624 884 2654 tandem
900 2623 942 2653 sis
957 2633 1062 2663 nasus,
1083 2628 1228 2665 quantum
1242 2628 1366 2665 portare
1378 2624 1567 2656 recusaverit
1573 2626 1678 2664 jussus

997 2709 1075 2721 &ete

270 2762 321 2793 Aa
337 2765 462 2794 eundem
478 2763 530 2794 ed.
549 2763 716 2794 Barb.—-2
743 2764 893 2795 Noluerat
908 2763 972 2795 Ms.
993 2764 1127 2796 Beverl.
1145 2769 1179 2796 et
1196 2774 1242 2797 vs.
1255 2768 1285 2796 5.
1309 2766 1361 2796 sed
1377 2774 1438 2806 pro
1454 2775 1554 2805 quam,
1569 2768 1603 2796 et
1625 2773 1673 2795 vs.

230 2809 258 2838 9.
274 2806 424 2846 conditus,
442 2811 476 2838 et
494 2817 539 2839 vs.
554 2809 603 2838 10.
627 2807 710 2837 rcm't
