1893 3225
536 259 891 290 issrlcRAMMA'rU
905 259 935 287 M
972 258 1065 288 Lm.
1099 258 1203 288 xiv,
1481 247 1590 289 1053

792 363 930 394 NOTAE

179 441 192 468 l
222 437 436 479 Prometheus]
459 438 525 470 Qui
542 438 708 469 bominem
730 448 771 468 ex
787 438 833 467 lu-
892 437 942 467 Ex
959 438 1072 469 Plinio
1099 437 1155 468 lib.
1179 446 1315 469 xxxrv.
1347 448 1422 478 cap.
1441 440 1471 468 3.
1518 437 1591 470 Cle-

134 493 171 519 to
189 488 314 529 primns
331 487 469 519 finxisse
486 487 622 519 dicitur.
667 487 833 519 Horatius
889 488 1003 528 sippus
1030 487 1113 519 fullo
1126 487 1201 524 >suit
1217 487 1369 519 Gibbere
1387 493 1422 519 et
1439 487 1502 518 alio
1531 487 1592 519 foe-

136 539 195 570 lib.
213 548 236 570 1.
254 539 330 569 Ode
358 541 408 569 16.
433 539 442 556 ‘
462 538 584 570 Fertur
606 539 833 569 Prometheus
889 537 950 568 dus
969 542 1124 578 aspectu,
1149 538 1202 568 cui
1218 538 1334 579 nupsit
1349 538 1507 579 Gegania
1523 549 1594 570 mu-

135 588 260 619 addere
278 588 428 629 principi
449 589 544 620 Limo
568 592 707 619 coactus
731 588 834 629 parti·
889 588 953 620 liei·
979 589 1171 630 praedives:
1210 589 1267 620 ille
1298 599 1378 620 vero
1410 590 1592 630 Clesippus

134 640 245 671 culam
281 640 432 682 undique
466 639 674 672 Desectam.’
709 640 834 671 Ebrius
889 644 1020 671 natnrae
1039 643 1232 680 portentum
1257 644 1310 671 est
1336 639 1519 681 effigiatus,
1542 641 1591 671 in-

135 696 249 722 autem
276 690 339 721 hoc
368 695 564 731 portentum
589 700 649 722 seu
664 690 834 722 hominem
891 690 964 730 quit
994 689 1162 729 Raderus,
1193 690 1226 720 in
1249 700 1349 732 quam
1376 690 1523 732 effigiem
1541 698 1591 722 est

137 740 315 781 gibbosum
326 740 423 781 fecit,
439 741 533 781 cujus
549 741 694 781 sigillum
711 745 784 772 erat
801 741 834 771 in
889 741 952 772 hoc
966 741 1196 781 Epigramma.

133 792 371 823 Saturnaliciis
388 792 593 823 muneribus.
640 791 708 823 Alii
724 792 834 822 aliter.

691 954 1031 997 CLXXXIII.

449 1045 641 1075 HOMERI
680 1046 1275 1076 BATRAGHOMYOMACHlA.

138 1111 379 1153 PERLEGE
403 1113 598 1155 Maeonio
620 1119 817 1157 cantatas
839 1115 1030 1156 carmine
1050 1127 1193 1164 ranas,

198 1180 257 1221 Et
276 1181 457 1222 frontem
481 1183 604 1236 nugis
625 1183 795 1224 solvere
815 1184 939 1225 disce
960 1184 1082 1225 meis.

189 1296 304 1327 Evolve
317 1306 409 1328 ranas
422 1301 563 1329 cantatas
576 1298 714 1330 versibus
729 1298 874 1336 Homeri,
891 1303 921 1331 et
936 1299 1018 1330 disce
1030 1299 1208 1331 exhilarare
1215 1298 1354 1337 frontem
1364 1300 1440 1330 meis
1453 1298 1590 1339 ineptiis.

748 1384 986 1396 “eutem-tt

139 1436 445 1509 ν,ἔαἐιτ·αΙιοιηῪιισ31ιὶα
460 1440 534 1470 cod.
552 1439 753 1470 Beverl.—1
780 1439 882 1470 Nodis
896 1448 956 1479 pro
971 1439 1065 1478 nugis
1080 1438 1154 1470 cod.
1166 1438 1199 1470 in
1215 1448 1322 1480 marg.
1340 1439 1394 1470 ed.
1407 1439 1487 1470 Par.
1503 1442 1597 1470 1617.

174 1489 182 1509 1
211 1503 218 1510 .
235 1481 254 1510 Σ
268 1491 314 1512 ar.
332 1482 415 1512 hot.
798 1523 937 1555 NOTAE

182 1587 547 1629 Batrachomyomacmez]
572 1590 658 1621 Haec
684 1599 750 1621 vox
776 1589 842 1630 sig·
900 1589 1048 1620 Maeonia
1079 1592 1193 1620 autem
1217 1587 1308 1620 Asiae
1333 1588 1441 1629 regio,
1473 1588 1506 1619 in
1532 1599 1599 1630 qua

140 1637 255 1670 nificat
272 1649 418 1680 pugnam
445 1649 602 1670 ranarum
626 1645 659 1670 et
685 1640 841 1671 murium.
897 1643 996 1669 natus
1025 1648 1097 1670 esse
1126 1639 1298 1669 Homerus
1330 1638 1464 1670 dicitur.
1509 1638 1599 1669 Vide

141 1687 208 1718 Alii
226 1688 288 1720 hoc
311 1690 510 1729 opusculum
526 1690 568 1720 ab
584 1690 736 1721 Homero
752 1700 841 1721 com·
897 1689 1062 1730 Epig.10.
1080 1688 1140 1720 lib.
1158 1698 1190 1719 v.

141 1738 288 1777 positum
304 1738 486 1778 affirmant,
502 1741 557 1771 alii
582 1745 720 1780 negant.
939 1742 958 1769 2
983 1738 1187 1778 Etfrotztem]
1211 1739 1266 1770 Sic
1279 1739 1436 1778 exemplo
1451 1738 1593 1770 Homeri

185 1791 199 1817 1
242 1789 392 1829 Moeonio]
441 1791 518 1822 Hoc
556 1795 608 1822 est
647 1790 841 1822 Homerico.
896 1800 971 1821 suas
987 1790 1132 1831 ineptias
1147 1795 1289 1822 excusat
1308 1790 1428 1821 Poeta.

705 1934 1037 1976 CLXXXIV.

531 2022 769 2054 HOMERUS
804 2024 855 2052 lN
893 2023 1203 2052 MEMBRANJS.

145 2093 284 2134 IMAS
307 2097 349 2133 et
370 2093 536 2135 Priami
557 2092 700 2144 regnis
725 2091 930 2132 inimicus
952 2090 1141 2144 Ulysses

205 2159 448 2213 Multiplici
469 2159 631 2213 pariter
653 2159 830 2199 condita
851 2158 969 2211 pelle
990 2159 1141 2199 latent.

190 2277 268 2307 Ilias
283 2280 314 2307 et
335 2275 460 2316 Ulysses
475 2274 669 2305 adversarius
695 2274 800 2311 regnis
815 2273 940 2303 Priami
967 2274 1090 2304 condita
1106 2274 1270 2313 multiplici
1296 2275 1374 2314 pelle
1389 2275 1480 2305 simul
1493 2277 1592 2306 occul-

146 2323 266 2351 tantur.

758 2368 989 2378 aeaeaeaeaeaeaeaeaeaeaeae

192 2416 239 2447 fl.
253 2416 286 2446 in
301 2415 506 2455 pugillaribus
518 2425 557 2446 m.
574 2414 648 2445 cod.
662 2413 797 2445 Beverl.
814 2413 871 2454 qui
890 2413 966 2444 cod.
982 2413 1015 2443 in
1034 2423 1082 2444 vs.
1100 2416 1130 2444 2.
1144 2413 1247 2444 habet
1262 2414 1394 2444 candida
1408 2419 1442 2444 et
1454 2417 1571 2453 patent.

806 2487 945 2519 NOTAE

192 2553 208 2580 1
235 2549 382 2580 Inimicus
404 2549 541 2589 Ulysses]
558 2549 635 2580 Hoc
651 2553 715 2585 est,
732 2547 846 2588 Odys-
901 2549 1104 2580 membranis
1119 2549 1349 2580 involvuntur.
1374 2548 1521 2588 Condita]
1540 2549 1604 2579 Re-

166 2610 218 2631 ea.
902 2600 954 2632 fer
969 2601 1011 2632 ad
1028 2601 1170 2632 Iliadem
1187 2607 1222 2633 et
1247 2601 1451 2642 Odysseam.

193 2653 212 2682 2
237 2650 409 2690 Multiplici
430 2649 523 2690 pelle]
549 2649 625 2681 Hoc
643 2654 708 2687 est,
732 2649 846 2680 multis
