1893 3225
262 217 348 260 632

711 226 758 256 M·
793 226 903 257 VAL.
937 225 1213 257 MARTIALIS

436 320 599 363 Nullos
620 319 808 374 denique
828 333 905 375 per
927 321 1061 370 Deos,
1084 321 1294 375 Deasque

434 389 463 430 J
468 390 565 430 urat
587 388 763 431 Gellia:
799 389 878 430 sed
900 402 974 443 per
996 389 1192 430 uniones.

435 456 538 497 Hos
559 457 852 510 amplectitur,
874 456 957 496 hos
979 457 1286 498 deosculatur:
1694 458 1722 497 5

435 524 538 565 Hos
557 524 711 564 fratres
734 528 880 574 vocat,
900 525 982 566 hos
1003 529 1134 566 vocat
1157 537 1352 565 sorores:

440 590 540 631 Hos
558 591 672 631 natis
693 597 815 632 amat
834 592 978 632 acrius
1002 592 1187 632 duobus.

437 658 528 699 His
550 659 588 699 si
610 672 698 712 quo
718 664 866 701 careat
886 661 1058 701 misella
1083 673 1206 708 casu,

435 725 667 767 Victuram
688 730 821 780 negat
843 741 943 768 esse
965 742 1010 768 se
1032 741 1108 768 nec
1129 728 1295 767 horam.

435 793 559 834 Eheu
580 807 709 847 quam
729 795 844 836 bene
866 808 999 843 nunc,
1022 795 1275 848 Papiriane,

1666 795 1722 837 10

435 859 595 903 Annaei
614 861 775 903 faceret
794 875 949 903 manus
971 861 1141 903 Sereni!

267 982 391 1012 tandem
411 992 468 1022 per
482 983 580 1013 nullos
592 982 687 1023 Deos,
701 993 756 1014 nec
772 983 875 1013 Deas.
870 993 878 1000 ·
900 985 933 1013 at
947 993 1002 1023 per
1018 983 1152 1013 uniones.
1200 981 1296 1012 Fovet
1311 980 1364 1011 hos
1377 980 1460 1019 sinu,
1484 981 1539 1012 hos
1552 981 1723 1014 sauciatur.

267 1024 338 1055 Hos
351 1026 486 1065 appellat
502 1025 636 1064 fratres,
658 1029 749 1066 atque
772 1026 905 1066 appellat
921 1035 1006 1056 soror
1009 1036 1066 1060 es
1090 1025 1143 1055 hos
1167 1024 1273 1063 diligat
1293 1024 1501 1055 vehementius
1523 1025 1722 1056 duobuslibe-

265 1066 322 1097 ··ἰε.
367 1067 406 1098 Si
421 1078 478 1108 quo
492 1079 562 1099 casu
576 1068 769 1106 infortunata
783 1069 926 1108 privetur
946 1068 1005 1107 his,
1019 1069 1153 1110 affirmat
1166 1076 1196 1097 se
1208 1077 1265 1097 non
1283 1076 1344 1097 esse
1359 1067 1588 1108 victuram,nec
1602 1068 1721 1100 horam.

266 1109 368 1150 Eheu,
381 1120 400 1142 o
415 1111 597 1152 Papiriam,
609 1122 698 1152 quam
711 1111 783 1142 bene
796 1092 1005 1149 nuncfaceret’
1018 1121 1125 1142 manus
1140 1110 1255 1142 Annoei
1264 1109 1403 1142 Sereni!

879 1193 1014 1205 eoum

1016 1194 1113 1206 ιιιιι

308 1241 326 1268 5
351 1237 392 1268 In
406 1237 602 1279 quibusdam
615 1238 692 1271 edd.
705 1240 759 1271 hos
771 1240 992 1281 pet-osculatur.
995 1242 1057 1271 -7
1082 1240 1151 1271 Hos
1166 1240 1247 1271 ratis
1260 1243 1344 1271 amat
1357 1239 1454 1273 Junt.
1472 1249 1525 1271 an.
1542 1242 1637 1272 1512.
1639 1242 1723 1271 —10

924 1324 956 1357 N
963 1324 1071 1356 0⁷1*AE

265 1280 470 1322 Papyriane
463 1291 497 1312 m
513 1281 643 1313 eadem.

308 1389 325 1418 1
351 1387 449 1418 Sacra
477 1388 707 1430 Dindymenes]
739 1389 780 1421 Id
809 1394 873 1429 est,
901 1390 967 1431 Cy·

263 1436 359 1468 heles
376 1438 424 1469 sic
440 1438 543 1470 dietae
567 1449 587 1470 a
609 1440 784 1480 Dindymo
806 1440 967 1481 Phrygiae

263 1492 380 1519 monte
396 1488 452 1519 ubi
469 1489 654 1522 colebatur.
700 1491 841 1522 Dicitur
864 1491 968 1521 etiam

264 1538 497 1578 Berecynthia
522 1544 645 1580 mater,
670 1550 731 1581 per
747 1541 846 1581 cujus
873 1550 970 1572 sacra

259 1591 377 1631 jurare
390 1591 544 1623 solebant
555 1593 693 1634 antiqui.
718 1594 791 1625 Lib.
803 1603 853 1625 lv.
867 1594 968 1635 Epig.

263 1644 318 1673 43.
344 1641 451 1673 ‘Juro
469 1651 530 1682 per
543 1643 793 1685 Berecynthios
809 1643 968 1677 furores?

307 1695 328 1724 2
353 1693 489 1724 Niliaca>
504 1693 622 1734 bovem]
646 1695 722 1727 Hoc
737 1701 799 1736 est,
822 1706 884 1727 nec
908 1706 970 1737 per

264 1741 368 1783 Apim
384 1743 518 1784 bovem,
530 1744 593 1775 sub
606 1746 700 1786 cujus
712 1747 829 1787 specie
846 1746 970 1788 AEgyp-

266 1792 305 1823 tii
336 1793 496 1826 colebant
525 1794 667 1836 Osirim,
692 1798 747 1828 cui
768 1797 882 1839 nupsit
906 1797 970 1830 Isis

1021 1390 1257 1432 AEgyptiorum
1273 1391 1351 1422 Dea
1381 1400 1423 1422 ex
1448 1390 1486 1422 Io
1509 1399 1624 1422 vacca.
1667 1389 1723 1421 Sic

1023 1442 1223 1474 Farnabius.

1066 1495 1101 1522 11
1129 1491 1259 1532 Annoei]
1291 1491 1458 1523 Annaeum
1485 1490 1592 1522 furem
1616 1489 1722 1522 fuisse

1024 1542 1211 1584 conjiciunt
1238 1543 1469 1583 Inter-metes,
1500 1542 1555 1583 qui
1584 1542 1726 1581 utinam,

1024 1593 1135 1635 inquit
1171 1593 1296 1633 Poeta,
1324 1593 1447 1624 Gelliae
1478 1593 1618 1624 uniones
1647 1592 1725 1624 sub-

1025 1644 1192 1685 duxisset,
1219 1645 1276 1676 illa
1305 1655 1375 1686 prae
1397 1645 1514 1676 dolore
1539 1649 1725 1676 moreretur

1024 1695 1127 1736 digna
1164 1695 1300 1737 quidem
1332 1700 1455 1735 morte,
1485 1696 1610 1737 quippe
1648 1705 1724 1737 quae

1025 1745 1166 1776 uniones
1179 1746 1412 1778 vehementius
1428 1746 1559 1786 liberis,
1573 1747 1673 1778 immo
1689 1750 1728 1778 et

1024 1797 1101 1828 Diis
1117 1797 1198 1838 ipsis
1210 1801 1311 1829 amet.

853 1949 1126 1991 LXXXII.

782 2039 848 2068 AD
884 2038 1227 2069 DOMlTlANUM.

266 2107 450 2148 DANTE
481 2106 560 2148 tibi
580 2106 708 2148 turba
729 2106 951 2160 querulos,
973 2105 1192 2158 Auguste,
1213 2105 1404 2156 libellos,

324 2173 425 2215 Nos
446 2187 638 2228 quoque,
660 2174 738 2227 qui
760 2173 938 2214 domino
959 2173 1154 2214 carmina
1174 2186 1312 2226 parva
1333 2173 1501 2223 damus,

309 2284 340 2316 Ο
357 2284 510 2324 Auguste,
524 2283 616 2314 turba
630 2283 688 2315 tihi
698 2283 844 2324 offerente
856 2284 1006 2325 supplices
1018 2284 1147 2323 libellos,
1159 2293 1214 2314 nos
1226 2284 1320 2315 eiiam
1333 2284 1386 2324 qui
1399 2284 1592 2324 porrigimus
1601 2286 1723 2318 domino

878 2368 915 2378 ee
918 2368 1112 2379 noeoeane

305 2426 325 2455 2
351 2424 418 2454 Nos
434 2432 548 2463 quoque
567 2433 623 2462 pro
638 2422 782 2453 domino
775 2432 808 2453 ln
825 2419 923 2453 codd.
945 2422 975 2452 V
979 2426 1023 2453 at.
1048 2426 1084 2452 et
1113 2421 1266 2452 Florent.
1296 2422 1361 2451 bos
1376 2432 1491 2462 quoque
1507 2425 1586 2463 quod
1601 2424 1722 2456 domino

264 2465 344 2498 Ald.
374 2467 471 2499 Junt.
502 2471 536 2496 et
571 2466 680 2497 Colin.
703 2466 841 2496 carmina
867 2472 938 2521 <z{ma
967 2465 1111 2497 Juntina
1128 2471 1292 2495 nostram
1318 2466 1480 2506 margine,
1509 2467 1527 2498 i.
1553 2476 1582 2498 e.
1608 2477 1722 2508 prona,

264 2535 380 2557 errore
400 2524 535 2565 scribae,
551 2524 658 2566 quiin
675 2524 793 2556 codice
819 2524 954 2556 viderat
972 2534 1045 2576 vua,
1061 2523 1131 2554 sive
1158 2533 1234 2577 ma,
1251 2523 1273 2555 i.
1290 2533 1320 2555 e.
1341 2533 1451 2564 parva.

922 2617 1067 2649 NOTAE

308 2686 324 2714 1
351 2683 456 2713 Dante
473 2681 548 2722 tibi]
584 2683 653 2714 Per
675 2682 809 2714 libellos
837 2683 965 2724 suppli-

266 2743 322 2765 ces
340 2733 526 2774 principem
550 2733 665 2764 adibat
682 2734 849 2774 populus:
886 2743 967 2774 que-

267 2785 331 2816 ruli
365 2794 444 2816 vero
470 2784 628 2816 dicuntur
658 2784 773 2825 libelli,
798 2794 860 2825 per
883 2794 966 2825 quos

1020 2693 1140 2723 nempe
1157 2683 1393 2724 conquerimur
1409 2682 1450 2714 de
1466 2682 1651 2716 infortunio
1667 2685 1725 2717 vel

1019 2734 1155 2774 injuria,
1173 2738 1274 2775 atque
1291 2734 1450 2765 auxilium
1465 2735 1623 2775 petimus.
