1893 3225
243 227 327 268 810
721 241 768 269 M.
803 240 913 270 vAL.
950 240 1223 271 MAR‘rlAms

921 402 1012 444 XI.

725 493 790 523 AD
827 494 885 524 PU
897 493 1032 523 ERUM
1067 491 1217 522 SUUM.

245 557 431 609 TOLLE,
455 571 579 611 puer,
602 560 779 610 calices,
802 560 1028 613 tepidique
1050 562 1296 600 toreumata
1317 558 1428 609 Nili,

304 624 358 666 Et
378 626 485 667 mihi
508 640 667 669 secura
687 629 850 683 pocula
871 628 994 669 trade
1016 642 1164 677 manu,

244 691 369 734 Trita
389 697 559 747 patrum
580 696 729 746 labris,
751 700 797 736 et
818 699 947 737 tonso
967 710 1079 750 pura
1100 695 1296 737 ministro
1316 709 1326 747 ;

303 760 530 816 Antiquus
551 765 715 805 mensis
736 764 995 805 restituatur
1014 765 1164 805 honor.

244 827 311 870 Te
332 834 483 884 potare
502 831 627 872 decet
644 845 831 885 gemma,
853 833 927 886 qui
951 832 1157 872 Mentora
1178 831 1344 885 frangis
1675 832 1703 871 5

302 896 356 938 In
377 898 595 952 scaphum
616 899 819 950 moechae,
842 899 1157 954 Sardanapale,
1181 904 1284 941 tuae.

288 1017 395 1055 Serre,
410 1018 500 1057 aufer
521 1019 641 1057 calices,
661 1023 690 1050 et
707 1022 879 1050 toreumata
897 1019 994 1059 tepidi
1013 1019 1096 1058 Nili,
1113 1023 1142 1051 et
1166 1030 1258 1051 manu
1274 1023 1342 1050 tuta
1359 1019 1437 1050 mihi
1450 1019 1576 1060 porrige
1594 1021 1702 1060 pocula

245 1060 324 1091 trita
341 1062 435 1092 labris
446 1065 585 1102 patrum,
599 1066 627 1092 et
642 1073 720 1103 pura
733 1066 818 1093 tonso
835 1062 998 1098 ministro;
1012 1063 1147 1102 priscum
1163 1065 1254 1094 decus
1269 1064 1419 1094 reddatur
1433 1063 1555 1094 mensis.
1580 1064 1611 1094 Ο
1629 1063 1705 1093 Sar-

243 1104 407 1143 (Ιιιηαριιῐε,
423 1105 550 1135 mereris
562 1105 664 1136 bibere
678 1106 710 1137 in
726 1107 847 1147 poculo
861 1110 1029 1146 gemmato,
1040 1104 1224 1146 quismngis
1238 1107 1387 1138 Mentora
1395 1108 1435 1138 ad
1452 1105 1700 1138 conficiendum

245 1147 410 1187 scaphium
426 1151 487 1178 tuoe
499 1149 660 1180 adultera».

855 1202 971 1214 aeaeaeaeaeae

977 1203 1092 1214 aaaaaa

288 1254 339 1285 Ad
354 1255 564 1294 pocillatorem
589 1267 614 1287 s.
643 1256 695 1288 ed.
723 1257 904 1290 Bam—5.
932 1260 971 1290 In
985 1260 1142 1299 scaphium
1157 1259 1236 1289 edd.
1264 1263 1351 1289 vett.
1369 1264 1405 1289 et
1420 1258 1537 1291 Maitt.
1556 1257 1703 1289 Farnab‚

246 1301 281 1328 et
299 1297 399 1329 Bam.
445 1300 552 1330 Verte
570 1304 602 1330 te
619 1300 660 1330 ad
674 1301 756 1332 Not.
777 1302 871 1333 Varr.
917 1303 1142 1344 Sardanapalle
1160 1301 1239 1334 Ald.
1255 1302 1351 1334 Junt.
1367 1301 1478 1333 Colin.

909 1388 1049 1419 NOTAE

291 1452 306 1480 l
335 1450 535 1491 Toy-eumata]
565 1451 654 1482 Vide
685 1451 784 1493 Epig.
809 1455 861 1483 39.
888 1453 946 1484 lib.

246 1508 297 1530 lv.
323 1500 433 1531 Poeta
460 1502 617 1541 iutelligit
634 1512 711 1533 vasa
739 1503 949 1543 crystallina,

245 1560 321 1591 quae
334 1561 374 1581 cx
389 1552 537 1593 AEgypto
550 1553 690 1583 Romam
705 1552 949 1585 afferebantur.

288 1604 307 1632 2
337 1601 451 1633 Secura
479 1604 585 1644 manu]
619 1604 696 1634 Hoc
732 1608 796 1641 est,
829 1605 950 1644 pocula

245 1662 320 1692 quae
333 1662 350 1683 e
365 1653 518 1684 manibus
530 1655 626 1694 lapsa
641 1664 708 1685 non
726 1654 950 1695 frangantur3

246 1704 299 1734 vel
317 1714 457 1744 quorum
475 1704 664 1736 fractorum
689 1715 794 1746 parva
815 1706 858 1737 sit
876 1706 951 1746 jac-

248 1759 337 1785 tura.

290 1807 307 1834 3
343 1805 430 1836 Trita
459 1807 599 1847 patrum]
627 1805 758 1839 Quibus
789 1807 839 1838 usi
871 1814 950 1839 suut

247 1864 404 1894 majores.

291 1906 335 1936 Et
352 1909 437 1937 tonso
448 1907 541 1947 pura]
567 1907 763 1939 Ministrata
779 1918 844 1940 nou
864 1918 881 1938 a
898 1919 951 1940 co-

246 1962 339 1987 mato
362 1962 397 1988 et
427 1957 591 1998 delicato,
615 1959 674 1989 sed
700 1970 718 1990 a
745 1959 819 1990 rudi
847 1964 950 2001 atque

245 2007 391 2048 simplici
405 2019 522 2049 puero.

1002 1454 1161 1493 napalnm
1173 1453 1264 1484 illum
1280 1461 1391 1493 regem
1404 1451 1706 1491 effoeminatum,de

1005 1514 1070 1545 quo
1098 1505 1271 1535 Diodorus
1303 1504 1436 1535 Siculus
1454 1503 1514 1534 lib.
1536 1500 1707 1543 v111.)qui

1005 1554 1132 1595 frangis
1154 1555 1306 1586 ‘Pocula
1328 1555 1511 1585 Mentorea
1522 1552 1707 1584 nobilitata

1004 1604 1129 1645 manu,’
1149 1610 1185 1636 ut
1203 1605 1290 1636 dixit
1308 1605 1366 1635 lib.
1386 1614 1438 1635 lx.
1464 1605 1565 1645 Epig.
1584 1607 1638 1636 60.
1669 1609 1708 1635 ut

1004 1666 1128 1697 nempe
1156 1656 1284 1687 matula
1314 1655 1517 1686 conficiatur
1541 1660 1609 1686 tuae
1627 1665 1707 1686 moe-

1005 1707 1091 1745 chae,
1109 1706 1227 1746 dignus
1245 1716 1292 1747 es,
1313 1706 1370 1747 qui
1388 1705 1484 1737 bibas
1500 1705 1632 1746 impuro
1649 1705 1707 1736 illo

1006 1758 1128 1799 poculo
1155 1758 1297 1797 gemmis
1325 1762 1456 1788 ornato.
1501 1756 1569 1788 Alii
1586 1757 1634 1788 sic
1661 1757 1707 1787 le-

1006 1813 1102 1848 gunt,
1154 1809 1195 1839 Te
1231 1811 1340 1848 potare
1369 1809 1453 1838 decet
1479 1817 1618 1847 gemma,
1656 1807 1709 1847 qui

1006 1859 1153 1890 Mentora
1171 1858 1327 1898 frangis?
1364 1859 1404 1888 In
1427 1858 1550 1898 scaphio
1573 1857 1709 1897 moeclzae,

1006 1909 1229 1950 Sardanapalo,
1247 1913 1319 1940 tuoe.
1338 1909 1415 1940 Hoc
1432 1913 1504 1939 est:
1523 1908 1633 1948 Magis
1644 1907 1709 1939 tibi

1006 1960 1166 1991 convenit
1182 1960 1308 1990 matula
1324 1963 1391 1990 tuae
1410 1958 1565 1997 uioechae,
1590 1958 1624 1988 in
1641 1967 1708 1999 qua

1005 2010 1112 2047 bibas,
1145 2021 1243 2053 quam
1281 2010 1401 2052 pocula
1432 2014 1602 2050 gemmata
1631 2018 1706 2050 quae

291 2062 307 2088 5
347 2060 410 2094 Qui
440 2060 604 2101 Mentora]
626 2061 701 2092 Hoc
726 2065 799 2091 est:
832 2060 900 2100 Tu,
929 2069 948 2091 o
1001 2062 1138 2103 frangis.

247 2110 491 2151 Sardanapale‚
509 2111 613 2153 (fone
631 2110 752 2143 alludit
764 2110 805 2142 ad
826 2112 950 2144 Sarda-

831 2316 880 2345 IN
918 2315 1120 2344 ZOILUM.

247 2381 341 2422 JUs
362 2381 441 2423 tibi
462 2386 662 2423 natorum
686 2383 757 2423 vel
781 2386 965 2436 septem,
988 2382 1134 2431 Zoile,
1156 2381 1306 2421 detur:

307 2449 426 2490 Dum
449 2454 631 2490 matrem
652 2463 777 2490 nemo
800 2450 874 2490 det
896 2449 991 2499 tibi,
1012 2462 1140 2490 nemo
1161 2452 1348 2502 patrem.

293 2549 323 2579 Ο
343 2549 444 2589 Zoile,
457 2549 654 2588 obtineasjus
670 2549 717 2580 vel
731 2552 847 2590 septem
861 2549 1038 2586 liberorum,
1051 2549 1137 2579 modo
1152 2549 1253 2579 nullus
1267 2548 1325 2578 tibi
1341 2548 1392 2578 det
1406 2548 1593 2589 genitorem,
1609 2550 1708 2581 nullus

244 2592 441 2632 genitricem.

908 2634 1050 2666 NOTAE

292 2703 305 2731 1
334 2701 395 2731 Jus
416 2699 489 2740 tibi]
515 2700 594 2732 Nou
613 2699 794 2740 petebatur
811 2700 870 2740 jus
887 2699 950 2730 nisi

248 2751 349 2782 trium
368 2751 562 2791 liberorum,
575 2751 632 2782 lib.
648 2760 686 2782 11.
704 2751 804 2792 Epig.
818 2753 871 2782 91.
892 2751 950 2789 At,

250 2803 357 2844 inquit
372 2802 495 2842 Poeta,
508 2802 560 2833 vel
577 2806 720 2843 septem,
734 2803 785 2833 vel
805 2803 948 2843 plurium

1008 2699 1189 2730 liberorum
1213 2699 1272 2739 jus
1296 2698 1452 2730 obtineat
1479 2699 1608 2740 Zoilus,
1624 2709 1707 2731 sem-

1007 2760 1068 2791 per
1099 2755 1212 2782 tamen
1239 2750 1400 2782 obscurus
1430 2751 1508 2791 erit,
1539 2756 1576 2783 et
1605 2756 1706 2784 terrae

1006 2801 1104 2835 filius.
