1893 3225
547 227 951 258 EP1GRAMMATUM
995 227 1036 256 Ll
1051 230 1085 258 Β.
1122 228 1193 257 ix.

136 322 242 363 Heu
263 336 363 377 quae
387 324 532 376 lingua
552 324 671 365 silet!
705 335 792 363 non
813 322 934 363 illam
956 322 1076 363 mille
1098 327 1282 365 catastae

1514 221 1525 256 (
1530 218 1598 258 5:27

1572 326 1600 365 <Ji

194 390 460 440 Vincebant‚
483 404 562 432 nec
585 403 685 444 quae
709 391 839 431 turba
859 389 1047 443 Serapin
1068 396 1211 431 amat:

135 459 234 500 Neo
257 459 462 499 matutini
484 459 641 500 cirrata
662 462 842 499 caterva
860 457 1071 509 magistri,

195 527 293 567 Nec
317 541 417 580 quae
440 527 692 580 Strymonio
716 525 771 566 de
792 538 919 579 grege
941 525 1038 578 ripa
1057 529 1198 567 sonat.

139 594 254 644 Qnae
275 607 390 635 nunc
411 594 668 635 Thessalico
694 593 865 634 Lunam
888 592 1104 633 deducere
1124 593 1324 644 rhombo,

197 661 312 711 Quae
331 662 445 703 sciet
464 661 545 702 hos
567 662 667 702 illos
686 661 875 702 vendere
896 660 999 700 lena
1021 662 1171 701 toros?

1548 664 1604 703 10

138 729 206 771 Sit
226 730 306 771 tibi
327 734 442 771 terra
460 730 586 779 levis,
607 729 819 783 mollique
842 729 1002 781 tegaris
1025 741 1170 779 arena,

198 798 269 839 Ne
291 804 370 839 tua
390 811 477 839 non
499 798 669 852 possint
688 810 836 838 eruere
858 810 964 837 ossa
984 810 1129 838 canes.

140 913 207 941 erut
231 909 331 939 tribus
344 909 507 939 mensibus.
554 908 629 939 Heu
651 917 718 948 quoe
732 906 841 946 lingua
856 905 962 937 tacet!
985 906 1070 937 mine
1084 910 1215 937 catasta>
1230 917 1288 937 non
1302 906 1489 947 superabant
1505 906 1607 945 illum,

140 963 195 983 nec
211 952 301 982 turba
317 962 384 991 qna>
400 952 508 991 diligit
526 951 679 991 Serapin:
703 961 757 981 vec
773 953 897 980 caterva
917 949 1022 990 crispa
1038 951 1187 981 matutini
1205 950 1365 988 magistri,
1389 959 1442 980 nec
1459 951 1526 989 ripa
1540 960 1606 990 (μα’

141 996 244 1026 reboat
263 995 476 1034 clangoribus
491 994 600 1034 gregis
622 993 803 1034 Strymonii.
850 994 928 1028 Quae
945 1002 1027 1032 saga
1045 1002 1123 1023 nunc
1135 993 1210 1023 sciet
1226 992 1350 1022 rhombo
1370 993 1540 1023 Thess-alico
1557 996 1607 1023 de—

139 1038 242 1078 ripere
262 1038 394 1075 Lunam,
415 1047 482 1078 quoe
497 1038 565 1068 lena
588 1038 714 1067 vendere
731 1037 784 1066 hos
810 1040 843 1066 et
866 1036 935 1066 illos
951 1033 1059 1066 toros?
1106 1035 1296 1076 Experimis
1312 1038 1428 1066 terrum
1451 1036 1558 1075 levem,
1575 1040 1606 1066 et

141 1082 260 1121 tegaris
274 1080 359 1112 molli
375 1090 481 1121 arena,
495 1084 529 1110 ut
546 1090 636 1111 canes
654 1080 773 1110 valeant
795 1078 930 1119 effodere
946 1081 1001 1109 tua
1015 1088 1094 1109 ossa.

755 1151 892 1162 eeeeeee

897 1151 991 1162 ccccc

141 1200 307 1231 terum-9
329 1197 369 1229 In
387 1197 506 1230 codice
519 1197 711 1229 Vaticano:
735 1198 864 1228 deducet
876 1197 914 1227 αἱ)
930 1197 1014 1228 urbe.

801 1271 946 1303 NOTAE

184 1344 202 1372 5
227 1339 353 1377 Lingua
365 1337 451 1379 silet]
485 1337 778 1380 Loquacissimam
794 1335 845 1367 fu·

146 1391 214 1423 isse
228 1390 394 1422 ostendit.
441 1389 510 1421 Alii
526 1389 606 1420 siles.

187 1442 281 1473 Mille
311 1441 456 1481 catastoe]
495 1442 548 1472 De
577 1444 709 1472 catasta
735 1439 847 1477 lignea

146 1495 315 1534 machina,
339 1493 398 1524 lib.
415 1503 464 1523 vx.
494 1492 595 1533 Epig.
610 1495 663 1523 29.
682 1492 738 1522 nbi
763 1491 852 1521 sei-vi

146 1551 272 1578 natura
301 1555 362 1575 sna
384 1543 613 1585 loquacissimi
636 1543 772 1573 venales
796 1551 852 1572 ex-

149 1596 374 1638 ponebantur.

191 1650 211 1678 6
235 1646 336 1677 Turba
359 1644 507 1685 Serapin]
546 1644 656 1674 Deum
676 1642 852 1684 AEgyptio-

150 1708 236 1735 rum,
267 1697 364 1737 cnjus
399 1696 551 1727 solennia
585 1694 674 1726 festa
701 1695 852 1726 celebra-

149 1748 232 1780 bant
264 1746 416 1787 AEgyptii
462 1746 590 1786 magnis
638 1745 852 1776 clamoribus.

150 1798 276 1833 Strabo
294 1798 353 1828 lib.
373 1806 467 1827 xv11.

193 1853 211 1881 7
231 1850 300 1880 Nec
316 1846 478 1887 matutini]
499 1846 572 1877 Hoc
586 1851 650 1884 est,
662 1856 724 1878 nec
742 1845 852 1887 pueri,

152 1901 210 1942 qni
228 1909 357 1932 summo
373 1908 470 1929 mane
489 1897 688 1938 magistrum
701 1897 852 1928 adibant.

152 1952 231 1984 Juv.
255 1951 325 1982 Sat.
353 1959 419 1980 vu.
443 1949 615 1990 alloquens
638 1949 851 1990 magistrum:

152 2004 161 2018 ‘
180 2000 370 2032 Dummodo
391 2009 457 2030 non
483 2003 605 2039 pereat
626 1999 738 2030 media
764 1997 853 2039 quod

153 2052 262 2084 noctis
277 2050 320 2082 ab
335 2051 417 2081 hora
432 2049 573 2088 Sedisti,
597 2059 664 2089 qna
688 2059 786 2080 nemo
804 2048 854 2080 fa—

154 2104 228 2142 ber,
244 2112 310 2143 qna
326 2110 424 2131 nemo
435 2099 589 2137 sedebat,
601 2099 667 2132 Qui
681 2099 783 2130 docet
796 2099 854 2130 ob-

152 2155 246 2195 liquo
266 2153 377 2183 lanam
402 2150 572 2181 deducere
589 2149 703 2189 ferro‚'
725 2152 789 2181 ἃς.

197 2207 216 2234 8
241 2201 422 2243 Strymonio
433 2201 470 2232 de
482 2200 597 2240 grege]
621 2201 782 2241 Strymon
797 2199 859 2231 fln-

902 1337 976 1368 vius
1007 1342 1060 1368 est
1086 1337 1253 1377 Thi-aciae,
1289 1337 1331 1368 ad
1365 1347 1463 1377 quem
1493 1338 1608 1368 mnltae

901 1392 980 1419 sunt
999 1398 1112 1428 grues.
1136 1389 1300 1429 Virgilius
1313 1390 1473 1429 Georgi
1491 1392 1499 1406 ‘
1514 1390 1610 1429 Sir>-

907 1439 1096 1479 moniaeqne
1113 1439 1244 1479 grues;‘
1279 1450 1353 1481 quae
1372 1440 1539 1480 gregatim
1566 1439 1613 1469 vi-

909 1499 989 1520 vere
1006 1489 1127 1520 solent.

950 1543 970 1571 9
998 1540 1185 1581 Thessalico]
1207 1541 1380 1572 Thessalia
1404 1542 1481 1572 olim
1511 1550 1612 1572 vene·

908 1590 995 1621 ficiis
1025 1596 1127 1631 atque
1155 1591 1442 1622 incantationibus
1473 1591 1538 1623 fuit
1566 1591 1612 1622 fa-

907 1651 1009 1672 mosa.
1056 1641 1214 1672 Rhombus
1232 1642 1332 1672 turbo
1347 1647 1433 1680 erat,
1457 1651 1554 1682 quem
1579 1642 1611 1672 iu

908 1691 1021 1722 orbem
1051 1691 1197 1734 agebant
1225 1692 1398 1723 veneficae.
1442 1688 1613 1723 ‘Theocri-

910 1748 964 1772 lns
975 1742 1006 1771 in
1018 1741 1311 1773 pharmaceutria.
1326 1742 1488 1773 Horatius
1502 1742 1612 1783 Epod.

911 1796 961 1824 17.
987 1794 996 1809 ‘
1012 1793 1155 1823 Canidia
1177 1803 1278 1833 parce
1304 1793 1443 1823 vocibus
1476 1792 1612 1823 tandein

907 1843 1029 1882 sacris,
1059 1844 1241 1883 Citnmqne
1270 1849 1360 1874 retro
1387 1844 1494 1881 solve,
1520 1844 1613 1874 solve

910 1893 1103 1924 turbinem?
1146 1894 1191 1924 Et
1207 1898 1323 1924 noster
1345 1893 1456 1924 Poeta
1474 1893 1531 1924 lib.
1549 1902 1614 1924 xii.

909 1944 1009 1984 Epig.
1025 1947 1078 1974 57.

955 1997 994 2024 10
1018 1993 1118 2033 Lena]
1143 1993 1306 2024 Amorum
1325 1997 1377 2024 est
1389 1992 1615 2025 conciliatrix.

955 2048 994 2076 li
1021 2045 1071 2075 Sic
1087 2044 1160 2084 tihi]
1197 2045 1251 2075 De
1268 2045 1330 2075 liae
1350 2044 1434 2074 bene
1453 2045 1616 2084 precandi

909 2095 1053 2126 mortuis
1081 2093 1225 2125 formula
1254 2094 1381 2125 dictum
1400 2094 1455 2124 lib.
1479 2105 1501 2126 1.
1519 2095 1618 2135 Epig.

911 2150 964 2177 80.
1002 2155 1101 2186 qnam
1133 2145 1166 2175 in
1198 2145 1305 2175 diram
1337 2145 1616 2185 imprevationem

913 2197 1028 2228 vert'n.

784 2305 987 2348 XXXI.

582 2397 628 2427 ΙΝ
667 2397 711 2426 Pl
723 2395 919 2426 ETATEM

956 2393 1197 2423 NlGRlNAE.

162 2466 501 2508 CAPPADocuM
527 2465 662 2506 saevis
684 2462 911 2504 Antistius
934 2460 1098 2502 occidit
1119 2461 1209 2501 oris

220 2534 458 2575 Rusticus:
490 2547 516 2575 o
538 2533 651 2574 tristi
675 2530 854 2573 crimine
876 2534 992 2570 terra
1013 2528 1205 2569 nocens!

206 2632 366 2664 Antistius
380 2631 528 2662 Rusticus
542 2631 664 2663 interiit
692 2628 864 2662 crudelibus
878 2627 1056 2667 regionibus
1074 2627 1305 2668 Cappadocum:
1332 2624 1363 2656 O
1380 2625 1469 2656 tellus
1492 2634 1545 2656 rea
1559 2623 1622 2655 diri

772 2702 1011 2714 euuteenoee·

211 2751 259 2782 De
275 2749 416 2781 Antistio
438 2748 615 2788 inscriptio
632 2753 684 2780 est
700 2748 732 2779 in
757 2747 837 2779 Ald.
859 2749 956 2780 Junt.
972 2747 1081 2779 Coliu.
1110 2748 1172 2777 ὄις.
1218 2745 1270 2776 Βε
1286 2743 1426 2775 Antistio
1445 2742 1571 2774 Rustico
1588 2741 1620 2772 iu

166 2794 280 2826 Plant.
296 2792 433 2825 Junian.
454 2791 604 2821 Pulman.
625 2792 726 2832 Lang.
743 2791 826 2822 aliis.

255 2846 365 2887 Dclph.
381 2848 409 2876 et
428 2844 500 2876 ναν.
515 2844 597 2875 Clas.

819 2843 966 2874 Mur-liat,

1470 2838 1537 2870 2T
