1893 3225
249 202 334 243 642
728 214 777 244 M.
812 213 921 243 VAL.
956 211 1229 243 MAR‘riALis

769 412 818 442 ΙΝ
857 407 1189 442 CANTHARUM.

368 480 560 529 COENES,
582 478 817 528 Canthare‚
839 492 936 519 cum
955 478 1064 518 soris
1086 477 1281 521 libenter,

369 547 564 596 Clamas,
586 551 632 587 et
652 545 900 594 maledicis,
922 548 964 585 et
983 544 1177 584 minaris.

370 615 581 668 Deponas
604 614 776 654 animos
798 616 956 662 truces,
976 624 1205 653 monemus
1225 625 1233 651 :

368 682 505 723 Liber
525 695 609 722 non
629 686 772 735 poteS,
796 684 841 721 et
856 680 1040 733 gulosus
1061 692 1170 719 esse.

300 792 330 823 Ο
350 792 519 830 Canthare,
533 802 601 822 cum
616 791 746 821 libenter
760 799 857 820 caenes
874 789 969 828 foris,
993 787 1188 826 vociferari&
1203 791 1231 817 et
1249 786 1412 828 obtrectas,
1429 790 1458 818 et
1474 788 1613 820 minaris.
1637 788 1718 820 Sua-

257 837 362 868 demus
377 845 472 867 exuas
491 838 621 866 mentem
634 833 789 871 ferocem.-
812 833 917 873 nequis
932 842 995 863 esse
1017 833 1106 872 liber,
1127 834 1218 870 atque
1241 830 1349 862 helluo.

867 905 885 916 o
889 904 1061 916 “mre“
1065 903 1103 915 ‘e

300 954 339 984 In
356 953 527 984 Cantarum
542 952 621 983 Ald.
638 952 733 984 Junt.
749 951 860 983 Colin.
879 950 1008 989 Gryph.
1025 951 1088 981 &c-

919 1025 1061 1056 NOTAE

300 1094 320 1122 4
345 1091 439 1122 Liber
454 1102 512 1122 non
537 1091 637 1132 potes]
672 1091 808 1122 Etenim
837 1092 965 1132 parasi-
1020 1090 1097 1121 dii-i.
1132 1089 1262 1121 Lib.11.
1280 1089 1379 1130 Epig.
1395 1091 1450 1119 53.
1495 1088 1504 1105 ‘
1523 1087 1624 1118 Liber
1641 1087 1720 1128 eris,

260 1146 314 1173 tus
329 1141 497 1181 debefiis,
511 1151 530 1171 a
547 1141 668 1182 quibus
680 1141 856 1183 invitatur,
872 1142 964 1173 blan·
1020 1150 1156 1172 coenare
1174 1139 1270 1180 foris,
1284 1140 1324 1180 si,
1340 1140 1503 1180 Maxime,
1517 1138 1624 1169 nolis!

928 1250 1048 1292 XII.

674 1341 736 1370 DE
770 1340 958 1371 EARINO
994 1329 1306 1371 DoMiTiAN1.*

436 1407 620 1449 NOMEN
645 1421 744 1449 cum
767 1410 914 1458 violis,
942 1410 1144 1462 rosisque
1166 1414 1335 1457 natum,

439 1475 542 1526 Quo
563 1489 667 1529 pars
691 1478 861 1529 optima
882 1483 1161 1530 nuncupatur
1181 1477 1306 1526 anni3

434 1544 632 1597 Hyblam
655 1544 772 1596 quod
794 1545 925 1597 sapit,
956 1543 1225 1598 Atticosque
1248 1543 1391 1592 flores,

435 1611 572 1661 Quod
594 1611 723 1651 nidos
740 1611 828 1651 olet
850 1611 967 1651 alitis
991 1613 1224 1664 superbae:

431 1680 606 1722 Nomen
627 1683 800 1719 nectare
822 1679 993 1720 dulcius
1014 1680 1164 1729 beato,
1697 1678 1725 1718 5

436 1747 540 1798 Quo
559 1747 712 1788 mallet
734 1746 926 1800 Cybeles
947 1760 1059 1800 puer
1080 1748 1247 1797 vocari,

437 1815 495 1857 Et
516 1816 589 1869 qui
612 1815 776 1868 pocula
798 1820 1016 1868 temperat
1033 1814 1250 1855 Tonanti:

437 1881 571 1932 Quod
592 1883 629 1923 si
652 1882 891 1923 Parrhasia
913 1896 1043 1923 sones
1065 1883 1107 1923 in
1129 1883 1245 1931 aula,

311 1981 342 2012 Ο
371 1990 478 2011 nomen
500 1984 607 2011 natum
631 1991 699 2011 cum
723 1981 814 2011 violis
838 1985 868 2011 ct
891 1983 983 2022 rosis,
1008 1992 1066 2022 quo
1081 1982 1297 2012 denominatur
1322 1981 1437 2021 optima
1456 1990 1530 2021 pars
1544 1981 1630 2019 anni,
1650 1981 1727 2020 quod

263 2025 378 2054 redolet
403 2024 541 2063 Hyblam
563 2026 594 2054 et
608 2024 707 2064 flores
729 2024 863 2061 Atticos,
888 2027 968 2064 quod
990 2027 1050 2056 olet
1066 2026 1153 2055 nidos
1168 2025 1234 2055 avis
1248 2025 1410 2064 saperbae:
1434 2034 1453 2055 o
1469 2034 1577 2055 nomen
1603 2025 1726 2054 suavius

257 2066 350 2102 felici
372 2070 508 2107 nectare,
523 2076 579 2106 quo
595 2066 744 2107 appellari
760 2068 866 2098 mallet
876 2076 953 2106 puer
971 2068 1111 2109 Cybelen,
1127 2070 1156 2098 et
1168 2068 1222 2109 qui
1238 2068 1344 2098 miscet
1363 2069 1472 2108 pocula
1487 2067 1560 2098 Jovi
1576 2078 1585 2097 .·
1611 2068 1687 2107 quod
1699 2067 1726 2096 si

874 2142 894 2153 *e
898 2143 913 2152 e
917 2143 1074 2154 “NJ-‘N
1078 2144 1097 2154 e

308 2186 329 2214 2
352 2183 535 2215 Pulmanni
559 2183 695 2214 codex:
721 2184 898 2215 nominatur
923 2185 1094 2216 anni.—l5
1132 2188 1176 2217 Et
1202 2197 1274 2227 quos
1305 2186 1373 2227 ἅρες
1406 2186 1475 2227 ἅρες
1507 2186 1668 2218 mendose
1691 2186 1725 2217 in

926 2259 955 2291 N
965 2259 1065 2292 OTAE

310 2320 328 2337 ’ἦ
352 2320 403 2351 De
437 2321 569 2363 Earino]
619 2322 708 2362 Ἔαρ,
732 2323 853 2355 Latine
883 2324 967 2361 Ver;
1064 2326 1248 2367 Atticosque
1276 2327 1390 2368 flores]
1440 2327 1534 2359 Quos
1572 2326 1726 2357 delibant

266 2370 412 2402 Earinus
428 2381 509 2410 ergo
535 2382 656 2403 vernus
683 2379 746 2413 est,
773 2375 871 2415 eujus
898 2379 967 2406 tres
1024 2384 1105 2416 apes
1121 2376 1153 2406 in
1170 2377 1338 2417 Hymetto
1355 2376 1485 2408 Atticae
1502 2382 1629 2408 monte.

266 2420 383 2460 primae
414 2421 554 2460 syllabae
583 2421 704 2453 breves
733 2433 797 2454 non
829 2430 969 2464 possunt
1065 2428 1085 2457 4
1108 2426 1207 2457 Alitis
1221 2426 1374 2467 superboe]
1409 2428 1487 2458 Hoc
1514 2432 1580 2466 est,
1597 2428 1725 2468 phoeni-

263 2469 394 2511 ingredi
412 2476 566 2503 tenerum
582 2482 728 2504 versum.
1023 2475 1083 2507 cis.
1127 2476 1216 2507 Vide
1234 2477 1293 2509 lib.
1308 2486 1358 2509 w.
1383 2478 1484 2519 Epig.
1503 2481 1557 2509 55.
1572 2483 1608 2509 et
1625 2478 1724 2519 Epig.

308 2523 328 2551 2
353 2521 438 2551 Pars
453 2522 584 2561 optima]
609 2523 679 2553 Ver
703 2522 793 2554 enim
811 2524 968 2564 pulcher·
1021 2528 1074 2557 86.

267 2570 352 2601 rima
375 2576 428 2602 est
443 2571 520 2602 anni
538 2576 734 2612 tempestas,
763 2584 829 2614 qua
846 2583 967 2614 nempe
1064 2579 1084 2606 6
1111 2576 1240 2617 Cybeles
1267 2577 1357 2617 puer]
1401 2578 1491 2619 Atys
1517 2589 1651 2620 nempe,
1682 2579 1723 2610 de

265 2621 365 2651 violae
383 2626 419 2652 et
437 2631 533 2661 rosae,
549 2626 650 2662 atque
668 2632 763 2653 omne
778 2622 896 2654 florum
911 2634 967 2664 ge·
1023 2636 1087 2667 qno
1104 2627 1162 2658 lib.
1178 2636 1216 2657 11.
1234 2628 1335 2668 Epig.
1352 2631 1403 2660 86.

267 2679 328 2700 nus
342 2672 505 2703 nascitur.
1066 2680 1083 2707 7
1112 2678 1154 2708 Et
1171 2678 1222 2717 qui
1235 2679 1359 2719 pocula]
1396 2677 1615 2721 Ganymedes
1634 2680 1722 2711 scili-

310 2722 328 2750 3
355 2720 508 2761 Hyblam]
544 2721 701 2752 Montem
733 2723 874 2761 Sicilire,
912 2723 967 2754 nbi
1025 2731 1092 2757 cet.

267 2770 366 2802 multi
380 2770 493 2809 fiores,
510 2771 598 2802 unde
616 2773 713 2803 melle
730 2773 888 2805 abundat.
