1893 3225
527 249 932 280 EPiGRAMMA'PUM
970 250 1063 280 mn.
1099 251 1168 281 ix.
1481 242 1565 283 643

276 344 567 401 Respondent
587 344 793 395 Veneres,
816 343 1143 399 Cupidinesque
1162 360 1170 387 ε

279 413 455 454 Nomen
477 413 642 463 nobile,
665 413 813 468 molle,
834 413 1076 453 delicatum
1509 417 1563 456 10

279 481 422 522 Versu
442 481 588 522 dicere
609 494 695 521 non
719 480 813 521 rudi
836 482 1060 523 volebam:

279 548 369 589 Sed
391 553 439 589 tu
461 548 630 601 syllaba
651 552 887 589 contumax
908 561 1142 602 repugnas.

280 616 448 657 Dicunt
469 615 662 656 Earinon
682 622 823 657 tamen
845 616 1014 667 Poetae,

280 684 365 724 Sed
388 683 551 733 Graeci,
573 685 732 737 quibus
754 689 825 725 est
845 684 956 724 nihil
978 689 1197 737 negatum,

278 751 332 791 Et
354 764 465 804 quos
476 750 584 807 Ἆρες
606 751 715 807 ’Ἃςες
737 752 866 792 decet
887 764 1064 792 sonare:
1508 756 1562 795 15

278 817 423 858 Nobis
443 832 531 859 non
552 819 657 860 licet
676 832 775 859 esse
797 822 887 859 tam
910 818 1105 868 disertis,

276 885 369 935 Qui
390 885 546 927 Musas
567 887 757 928 colimus
780 886 1036 928 severiores.

104 1007 239 1046 loquaris
255 1007 288 1037 in
304 1008 375 1038 aula
394 1008 553 1046 Palatina,
566 1009 690 1039 Gratiae
700 1012 730 1039 et
747 1008 915 1048 Cupidines
929 1009 1112 1048 respondent
1123 1019 1133 1039 .-
1147 1007 1282 1039 volebam
1295 1008 1447 1039 celebrare
1458 1011 1561 1040 tenero

100 1050 236 1080 carmine
250 1060 358 1080 nomen
374 1052 504 1089 clarum,
520 1054 670 1089 tenerum,
685 1052 870 1082 delicatum.-
892 1056 924 1081 αι
941 1055 988 1089 tu,
1012 1062 1031 1081 0
1054 1051 1172 1091 syllaba
1186 1055 1361 1091 contumax,
1373 1052 1559 1083 adversaris.

106 1092 318 1122 Nihilominus
341 1093 449 1123 Poetoe
471 1095 576 1124 dicunt
603 1095 754 1132 Earinon,
770 1098 802 1125 at
825 1094 944 1133 Gran-i,
965 1094 1072 1134 quibus
1093 1104 1265 1124 concessum
1281 1097 1326 1124 est
1346 1094 1507 1133 quidlibet,
1529 1099 1559 1126 et

103 1135 211 1174 quibus
232 1136 372 1166 convenit
397 1137 497 1166 dicere
522 1135 591 1176 ἆρες
608 1136 695 1176 cipes:
720 1147 779 1167 non
808 1141 852 1168 est
869 1147 1040 1167 concessum
1054 1137 1140 1167 nobis
1160 1146 1223 1168 esse
1244 1140 1308 1168 tam
1337 1138 1558 1177 eloquentibus,

106 1178 156 1217 qui
172 1187 352 1209 veneramur
377 1179 490 1209 Musas
510 1180 688 1211 severiores.

711 1231 949 1243 eeeeeeeeeeee

102 1285 180 1316 edd.
192 1289 276 1317 vett.
289 1285 403 1317 Plant.
418 1286 553 1318 Junian.
565 1287 669 1326 Lang.
688 1287 814 1327 Delph.
827 1287 1002 1317 Schrevel.
1017 1286 1118 1317 etiam
1136 1285 1288 1325 Barbon,
1302 1286 1382 1317 Par.
1400 1290 1559 1318 an.1754.

104 1329 214 1368 prima
231 1330 317 1359 enim
336 1330 368 1359 in
385 1328 453 1369 ἅρες
467 1331 691 1361 communiter
709 1336 901 1370 usurpatur,
918 1329 978 1360 sed
995 1330 1087 1360 vario
1100 1332 1344 1360 a(·centu.·—16
1365 1329 1404 1360 In
1422 1329 1558 1370 quibus-

104 1372 196 1410 dam,
214 1373 371 1408 desertos,-
395 1382 460 1402 non
484 1373 533 1403 ita
561 1373 646 1404 bene
666 1384 673 1403 ε
698 1373 776 1403 vide
803 1373 924 1403 Heius.
941 1372 981 1402 ad
1001 1372 1105 1403 Ovid.
1124 1371 1267 1402 Heroid.
1283 1371 1393 1411 Epist.
1411 1381 1487 1403 xiv.
1504 1375 1557 1404 64.

103 1419 138 1444 et
154 1414 306 1446 Broukh.
325 1416 366 1445 ad
383 1416 545 1455 Propert.
563 1425 602 1447 11.
623 1419 655 1446 9.
672 1419 724 1446 40.
748 1415 932 1447 Commode
959 1421 1069 1445 tamen
1097 1419 1210 1455 potest
1234 1413 1383 1446 defendi.
1424 1415 1560 1454 Saepius

102 1457 190 1488 enim
207 1458 277 1488 licet
300 1463 464 1498 sequente
489 1468 601 1489 accus.
620 1465 654 1488 et
670 1457 836 1489 infinitivo
858 1458 1009 1498 ponitur.
1053 1457 1143 1488 Vide
1171 1457 1272 1488 Obss.
1288 1457 1389 1488 Misc.
1416 1458 1560 1488 Tom.v.

102 1509 136 1540 p.
159 1503 205 1531 13.
223 1506 258 1531 et
272 1501 346 1531 Vv.
364 1501 442 1532 DD.
459 1500 500 1531 ad
516 1501 602 1532 Caes.
628 1501 668 1531 B.
687 1502 725 1532 C.
744 1505 839 1532 111.l.
856 1501 1010 1531 omnibns
1025 1504 1138 1530 autem
1160 1499 1226 1529 illis
1245 1499 1278 1529 in
1296 1500 1379 1530 locis
1395 1500 1558 1540 supprimi

103 1542 254 1573 dativum
280 1544 438 1581 nominis,
461 1544 555 1583 cujus
583 1545 797 1574 accusativus
821 1544 1019 1584 plerumque
1042 1552 1220 1583 expressus
1238 1542 1295 1579 sit,
1317 1552 1460 1583 eumque
1481 1552 1559 1582 sup-

102 1585 262 1625 plendum
292 1594 378 1621 esse,
408 1586 525 1616 docuit
551 1587 711 1617 Duker-us
739 1587 780 1616 ad
812 1587 886 1617 Liv.
904 1595 974 1617 xm.
989 1589 1041 1617 36.
1058 1588 1089 1616 6.
1114 1585 1186 1615 Cic.
1205 1585 1317 1625 Ligar.
1339 1585 1462 1616 ‘liceat
1484 1595 1558 1616 esse

104 1628 266 1668 miseros,'
293 1638 353 1669 pro
379 1629 502 1660 ‘liceat
518 1629 614 1660 nobis
628 1639 688 1660 nos
704 1638 776 1660 esse
793 1629 953 1660 miseros.'

758 1720 902 1752 NOTAE

145 1788 166 1815 9
189 1783 400 1825 Respondent]
440 1783 515 1815 Hoc
545 1788 619 1815 est:
665 1794 740 1815 cnm
766 1788 803 1814 tu
904 1786 941 1813 15
957 1782 1050 1823 ’Ἆρες
1068 1781 1171 1823 Ἄρες]
1195 1782 1271 1813 Hoc
1292 1785 1358 1823 est,
1380 1793 1396 1812 o
1418 1782 1521 1822 Mars,
1544 1794 1560 1813 o

101 1835 261 1876 loqueriS,
289 1835 395 1865 omnis
422 1835 572 1866 suavitas
603 1838 705 1875 atque
735 1834 801 1865 ele·
858 1834 960 1864 Illars.
986 1833 1124 1864 Homer.
1140 1833 1240 1863 Iliad.
1255 1837 1288 1864 E.
1304 1832 1337 1862 in
1350 1834 1459 1873 primo
1472 1834 1559 1873 pede

103 1886 218 1927 gantia
233 1884 308 1916 fluit
325 1886 366 1916 ab
379 1894 437 1915 ore
454 1889 524 1916 tuo.
858 1884 1019 1924 producit
1035 1883 1231 1925 primam,in
1244 1883 1393 1914 secundo
1408 1884 1561 1924 corripit.

146 1940 187 1968 13
213 1938 352 1967 Eorinon
375 1935 493 1975 tomen]
529 1935 635 1976 Cujus
659 1936 802 1976 primam
902 1938 943 1965 16
968 1934 1065 1965 Nobis
1079 1944 1138 1965 non
1153 1933 1239 1973 licet]
1275 1933 1403 1964 Eadem
1420 1934 1560 1966 lieentia

102 1988 237 2020 brevem
253 1986 444 2029 producunt
461 1986 574 2018 Graeci
590 1985 718 2017 Poetae.
859 1986 910 2018 uti
926 1986 1020 2017 nobis
1036 1986 1146 2027 po'etis
1164 1984 1294 2017 Latinis
1306 1995 1370 2016 non
1386 1985 1480 2017 licet.

761 2145 907 2187 XIII.

690 2235 754 2264 DE
790 2234 974 2265 EODEM.

105 2304 154 2345 Si
179 2304 301 2344 daret
321 2306 559 2344 autumnus
579 2302 684 2343 mihi
706 2315 881 2351 nomen,
901 2298 1100 2357 Ὀπῶςινος
1119 2312 1288 2341 essem:

164 2371 359 2412 Horrida
380 2372 417 2411 si
439 2372 602 2411 brumae
625 2370 784 2419 sidera,
807 2367 1031 2424 Χειμέρινος.

105 2439 265 2480 Dictus
288 2440 342 2479 ab
365 2438 525 2480 aestivo
551 2436 692 2493 Θέρινος
713 2437 792 2478 tibi
814 2449 961 2476 mense
983 2448 1184 2477 vocarer:

162 2506 381 2560 Tempora
402 2507 472 2548 cui
490 2519 646 2547 nomen
668 2517 798 2546 verna
817 2504 987 2553 dedere,
1009 2503 1109 2557 quis
1131 2503 1226 2543 est?

151 2616 189 2647 Si
204 2616 342 2646 ducerem
357 2626 463 2646 nomen
476 2616 514 2646 ab
525 2619 683 2654 autumno,
704 2615 901 2646 Autumnalis
920 2623 1015 2644 essem
1033 2624 1046 2651 ,·
1067 2612 1094 2643 si
1115 2612 1152 2643 ab
1167 2611 1303 2642 horridis
1322 2610 1417 2640 astris
1431 2608 1560 2650 hyemis,

110 2658 286 2699 Hyhernus.
329 2658 554 2689 Denomz'natus
574 2659 612 2688 ab
628 2659 736 2689 aestivo
751 2667 852 2688 mense
863 2657 1036 2698 appellarer
1057 2666 1076 2686 α
1091 2658 1122 2686 te
1133 2655 1285 2685 AEstivus.
1332 2653 1412 2689 Quis
1433 2656 1490 2692 est,
1506 2654 1557 2692 qui

107 2711 217 2733 nomen
232 2700 324 2732 duxit
349 2711 367 2731 a
393 2711 481 2731 verno
503 2700 664 2741 tempore?

712 2752 950 2764 “once-‘eece

152 2820 171 2848 3
197 2816 273 2847 ΑΜ.
300 2816 396 2848 Junt.
421 2816 530 2847 Colin.
548 2816 680 2857 Gryph.
707 2817 863 2848 Pnlinan.
903 2816 1008 2855 Lang.
1034 2817 1098 2846 &tn
1123 2813 1198 2844 mihi
1223 2822 1322 2844 mense
1338 2820 1475 2851 vocarer,
1499 2810 1557 2840 im-
