1893 3225
310 248 395 291 838
785 258 833 286 M.
865 257 976 287 vAL.
1009 255 1287 285 MAR‘rlALis

313 353 374 395 At
396 359 440 395 tu
462 352 648 394 consilio
668 351 863 392 videaris
883 353 933 391 ut
952 363 1058 390 usus
1081 350 1229 399 amici,

371 420 446 461 Sic
467 432 648 468 morere,
669 423 718 459 ut
737 419 903 459 sactum
925 422 969 458 te
989 421 1116 471 putet
1136 430 1237 457 esse
1258 420 1443 470 patrem.

312 540 424 572 rieule.
474 539 519 570 At
536 543 570 571 ut
599 543 632 571 tu
656 540 792 571 videaris
813 543 933 571 secutus
956 539 1117 570 consilium
1131 538 1235 578 amici,
1250 537 1295 568 sic
1308 537 1460 576 occumbe,
1481 539 1516 567 ut
1535 536 1587 567 ille
1609 536 1714 567 credat
1738 539 1769 567 te

305 583 431 621 factum
444 585 629 622 genitorem.

970 635 1110 668 NOTAE

356 709 375 737 8
403 705 587 746 Utfactum]
612 705 687 737 Hoc
705 709 768 746 est,
779 715 909 737 morere
925 705 1015 737 facto
1071 705 1251 746 relinquas.

317 760 537 796 testamento,
569 756 601 786 in
630 766 696 797 quo
732 757 904 797 captatori
934 756 1015 787 nihil

993 904 1118 946 LVI.

813 1003 862 1033 IN
899 1003 1180 1034 CHAEREMON
1192 1004 1273 1033 EM.

320 1078 467 1129 QUOD
485 1082 667 1124 nimium
688 1083 861 1133 laudas,
885 1082 1142 1124 Chaeremon
1165 1083 1328 1132 Stoice,
1349 1087 1549 1133 mortem,

377 1147 461 1188 Vis
481 1150 675 1191 animum
695 1151 825 1192 mirer
846 1152 1184 1205 suspiciamque
1207 1156 1345 1192 tuum.

318 1214 451 1257 Hanc
473 1217 553 1257 tibi
575 1218 773 1259 virtutem
794 1219 935 1260 fracta
950 1220 1058 1260 facit
1077 1232 1237 1260 urceus
1259 1231 1381 1269 ansa,

376 1283 433 1324 Et
455 1284 594 1325 tristis
613 1286 735 1327 nullo
758 1288 834 1340 qui
856 1292 978 1341 tepet
999 1288 1100 1340 igne
1122 1287 1262 1328 focus.

318 1350 377 1391 Et
397 1355 533 1403 teges,
555 1358 600 1393 et
623 1353 782 1404 cimeX‚
803 1358 846 1395 et
866 1355 970 1395 nudi
990 1355 1160 1410 sponda
1183 1354 1370 1408 grabati,

375 1417 430 1459 Et
451 1420 611 1470 brevis,
636 1425 770 1475 atque
793 1423 947 1463 eadem
969 1427 1099 1463 nocte
1122 1423 1280 1474 dieque
1304 1427 1416 1474 toga.

320 1484 358 1525 Ο
380 1499 509 1538 quam
531 1500 717 1540 magnus
738 1490 868 1529 homo
893 1503 956 1539 es,
977 1489 1054 1543 qui
1074 1489 1185 1530 foece
1205 1489 1403 1529 rubentis
1425 1487 1555 1537 aceti,

375 1552 433 1594 Et
454 1555 635 1608 stipula,
658 1560 702 1596 et
720 1557 844 1608 nigro
866 1570 987 1610 pane
1013 1569 1160 1598 carere
1182 1556 1335 1610 potes!

320 1620 588 1662 Leuconicis
610 1623 800 1676 agedum
821 1629 990 1665 tumeat
1010 1625 1092 1665 tibi
1115 1625 1280 1665 culcita
1300 1623 1428 1673 lanis,

374 1687 743 1744 Constringatque
765 1696 868 1732 tuos
891 1705 1084 1746 purpura
1104 1696 1228 1733 texta
1251 1697 1373 1734 toros
1392 1704 1401 1731 :
1718 1690 1773 1731 10

361 1819 392 1851 Ο
413 1820 592 1851 Cheraemon
616 1821 731 1860 Stoice,
756 1823 835 1862 quod
857 1822 988 1852 nimium
1013 1823 1206 1852 commendas
1231 1826 1372 1860 mortem,
1398 1822 1446 1852 vis
1470 1825 1507 1852 ut
1530 1821 1624 1852 mirer
1638 1821 1775 1851 animum

319 1866 419 1900 tuum,
434 1867 463 1894 et
486 1873 620 1895 venerer.
671 1865 788 1895 Urceus
797 1864 906 1902 fracta
921 1874 995 1895 ansa
1008 1864 1067 1894 tibi
1082 1865 1225 1895 conciliat
1241 1865 1318 1895 hanc
1333 1864 1494 1901 virtutem,
1509 1865 1638 1902 etsocus
1652 1867 1776 1895 moestns

318 1905 370 1945 qui
387 1907 469 1936 nullo
497 1907 568 1945 igne
584 1910 677 1946 tepet,
694 1911 723 1938 et
742 1911 842 1947 teges,
870 1911 899 1938 et
923 1908 1034 1945 cimex,
1049 1911 1078 1938 et
1097 1909 1212 1947 sponda
1228 1909 1303 1938 nudi
1316 1908 1454 1947 grabati,
1471 1911 1501 1938 et
1516 1907 1615 1937 brevis
1631 1911 1716 1945 toga,
1728 1910 1776 1937 at-

317 1958 372 1988 que
388 1950 493 1979 eadem
511 1949 561 1979 die
577 1959 612 1979 ac
627 1954 724 1981 nocte.
750 1951 779 1980 Ο
790 1960 879 1990 quam
894 1960 1024 1989 magnus
1039 1959 1070 1980 es
1085 1950 1182 1989 homo,
1196 1951 1248 1989 qui
1263 1951 1344 1980 vales
1356 1950 1483 1990 privare
1498 1953 1528 1980 te
1537 1949 1618 1988 soece
1634 1949 1772 1980 rubentis

317 1991 408 2031 aceti,
421 1995 451 2022 et
472 1991 599 2031 stipula,
616 1996 646 2023 et
660 1993 753 2032 nigro
776 1992 879 2032 pune!
915 1993 1059 2031 Agedum
1075 1992 1185 2023 habeus
1201 1992 1360 2024 culcitram
1378 1997 1545 2023 tumentem
1568 1993 1647 2023 lanis
1659 1992 1776 2031 Lingo-

317 2033 407 2073 uicis,
423 2037 453 2065 et
462 2043 602 2075 purpura
615 2038 704 2066 texta
718 2039 817 2066 arctet
829 2038 895 2066 tuos
906 2036 1010 2067 lectos.
1023 2035 1041 2052 *
1058 2035 1076 2053 ⁸
1124 2036 1153 2065 Ο
1169 2046 1258 2076 quam
1269 2041 1304 2066 tu
1319 2039 1404 2076 optes
1419 2039 1466 2066 ter
1477 2045 1569 2075 agere
1585 2045 1680 2066 armos
1694 2035 1774 2065 Nes-

933 2119 1169 2131 eee‘eaeaeooaeee

361 2181 379 2209 5
396 2178 498 2218 Atque
513 2178 583 2210 cim.
601 2178 679 2211 Ald.
696 2180 794 2213 Junt.
819 2181 927 2213 Colin.
954 2186 989 2213 et
1011 2181 1060 2213 sic
1082 2181 1158 2213 cod.
1178 2182 1211 2213 in
1235 2191 1339 2222 marg.
1358 2182 1414 2213 ed.
1430 2181 1510 2212 Par.
1529 2184 1623 2212 1617.
1670 2180 1771 2213 Quod

320 2225 503 2252 annotator
518 2221 552 2252 in
570 2223 677 2263 ejusd.
702 2233 808 2264 marg.
836 2225 1050 2256 damnat.-—9
1077 2225 1132 2256 Sic
1157 2226 1224 2256 Ms.
1250 2226 1282 2255 in
1311 2225 1418 2264 ejusd.
1444 2234 1550 2264 marg.
1595 2222 1776 2262 Lingonicis

319 2263 396 2294 edd.
415 2269 499 2295 vett.
544 2264 754 2297 Leucocinz'cz's
770 2266 844 2298 cod.
869 2268 1004 2299 Beverl.
1028 2268 1107 2298 Vid.
1132 2273 1201 2299 not.
1219 2267 1364 2298 inst—10
1389 2267 1489 2297 Malit
1505 2267 1547 2297 de
1572 2267 1668 2306 Rooy
1695 2267 1775 2296 Con-

318 2309 508 2347 sternutque.
532 2308 622 2339 Pexa
638 2309 723 2341 Mss.
740 2309 876 2341 Beverl.
902 2315 937 2341 et
960 2310 992 2341 in
1015 2320 1122 2351 marg.
1144 2310 1197 2341 ed.
1215 2310 1294 2341 Par.
1322 2312 1415 2340 1617.
1442 2314 1477 2340 et
1500 2308 1578 2340 edd.
1600 2309 1773 2339 Schrevei.

979 2407 1120 2439 NOTAE

365 2491 383 2517 5
409 2488 453 2518 Et
482 2491 579 2528 teges,
601 2488 670 2529 εμπ]
696 2489 795 2530 Epig.
823 2493 876 2521 33.
908 2501 1022 2532 snpra.
1075 2487 1482 2530 memumLIngonicum.'
1526 2488 1776 2521 'I'urnebuslib-

319 2536 328 2553 ‘
348 2538 423 2569 Nec
451 2543 543 2578 toga,
571 2549 633 2570 nec
649 2539 743 2570 focus
756 2545 820 2580 est,
841 2551 905 2572 nec
922 2543 1022 2573 tritus
1080 2549 1162 2571 vm.
1177 2550 1250 2580 cap.
1264 2543 1294 2571 4.
1309 2539 1392 2578 legit
1404 2538 1604 2568 Leuconicis.-
1622 2542 1775 2570 tomenta

323 2588 442 2619 cimice
454 2589 587 2620 lectus.'
1078 2591 1166 2621 enim
1186 2591 1375 2621 Leuconica
1390 2589 1437 2619 sic
1454 2588 1627 2619 existimat
1642 2587 1733 2620 dieta
1756 2599 1775 2619 a

369 2641 410 2671 Et
424 2640 499 2670 nudi
510 2641 638 2681 sponda]
661 2641 760 2682 Epig.
784 2645 837 2673 93.
853 2643 911 2675 lib.
926 2653 950 2674 1.
1076 2641 1269 2672 Leuconico
1283 2641 1369 2670 loco.
1418 2638 1483 2669 Alii
1509 2638 1705 2669 existimant
1727 2639 1774 2669 la-

366 2694 384 2721 7
412 2691 441 2721 Ο
456 2691 559 2731 quam]
576 2691 642 2721 Per
656 2691 807 2723 ironiam.
1077 2701 1134 2722 nas
1159 2692 1206 2722 sic
1224 2691 1332 2722 dictas
1350 2700 1369 2720 a
1385 2688 1540 2720 candoris
1564 2690 1773 2729 praestautia.

364 2743 385 2771 9
408 2741 587 2772 Leuconicis
598 2741 808 2782 [Lingonicz's]
820 2742 907 2774 Vide
921 2743 1020 2784 Epig.
1075 2742 1162 2774 Vide
1181 2742 1282 2773 etiam
1301 2741 1398 2782 Epig.
1416 2742 1470 2770 54.
1488 2739 1546 2770 nb.
1559 2747 1582 2770 1.

325 2795 395 2824 159.
419 2791 476 2823 iib.
503 2800 577 2823 Χιν.
593 2793 688 2832 cujus
712 2793 831 2825 lemma
853 2799 905 2825 est
928 2795 1019 2825 ‘To-
