1893 3225
226 176 338 216 1056
704 192 754 222 M.
791 194 900 224 mn.
935 195 1214 228 MARTiAms

886 288 1026 320 NOTAE

266 348 281 375 1
307 345 417 376 Livius
433 346 554 387 ingens]
580 347 620 378 Et
652 358 670 378 a
697 350 779 389 styli
804 351 928 392 majes·
983 354 1215 396 multitudine,
1244 367 1383 398 quorum
1407 365 1543 393 centum
1567 368 1602 395 et
1617 375 1682 397 am-

222 398 305 435 tate,
323 401 357 426 et
373 402 509 428 centum
523 398 749 440 quadraginta
765 400 926 433 librorum
983 406 1071 446 plius
1089 408 1274 448 perierunt.

866 577 1037 621 CXCI.

787 665 1114 701 SALLUSTIUS.

224 729 322 770 Huc
346 731 440 781 crit,
464 735 512 773 ut
531 733 759 786 perhibent
781 735 1013 777 doctorum
1036 739 1172 781 corda
1196 742 1399 793 virorum,

278 798 454 841 Primus
478 799 683 843 Romana
705 801 892 857 Crispus
914 805 960 845 in
980 805 1178 849 historia.

264 909 330 940 Hic
344 910 472 951 Crispus
494 912 553 942 erit
577 912 696 951 primus
711 912 744 943 in
764 913 897 944 historia
914 914 1068 957 Romana,
1082 918 1247 949 secundum
1254 919 1411 958 judicium
1426 921 1564 954 virorum
1579 924 1681 956 erudi-

221 955 332 984 torum.

887 999 1029 1032 NOTAE

265 1057 280 1084 l
309 1055 411 1085 Corda
437 1055 590 1096 virorum]
635 1057 838 1090 Quintiliani
866 1059 926 1091 lib.
980 1060 1041 1092 lib.
1059 1070 1092 1092 v.
1109 1061 1256 1094 Cornelii
1282 1064 1398 1096 Taciti
1421 1065 1479 1097 lib.
1496 1075 1553 1097 111.
1569 1066 1660 1099 Hist.

221 1114 261 1136 11.
275 1115 348 1145 cap.
365 1108 397 1136 6.
416 1110 450 1136 et
467 1105 526 1137 lib.
545 1115 594 1138 lv.
623 1117 695 1148 cap.
712 1111 743 1139 2.
783 1108 924 1141 Senecae
1024 1114 1044 1143 2
1073 1113 1216 1156 crispus]
1240 1115 1436 1148 Sallustius.

222 1155 280 1186 lib.
298 1165 355 1187 111.
378 1155 536 1188 Declam.
564 1161 599 1188 et
626 1158 846 1190 Controvers.
870 1162 923 1191 25.

431 1400 587 1430 OVIDII
625 1401 1048 1435 METAMORPHOSIS
1082 1406 1132 1435 IN
1173 1406 1482 1437 MEMBRAMS.

221 1467 342 1508 HAEC
365 1468 459 1519 tibi,
481 1469 716 1523 multiplici
737 1483 836 1524 quae
859 1474 1027 1513 structa
1048 1477 1117 1515 est
1138 1487 1284 1516 massa
1304 1476 1485 1526 tabella,

276 1535 482 1577 Carmina
505 1536 704 1578 Nasonis
724 1538 918 1592 quinque
940 1539 1180 1595 decemque
1203 1544 1326 1595 gerit.

264 1641 335 1672 Hoc
351 1642 489 1673 volumen
506 1644 587 1682 quod
612 1642 668 1674 tibi
685 1647 875 1684 compactum
891 1648 935 1676 est
962 1645 1069 1677 multis
1093 1646 1230 1687 paginis,
1253 1648 1381 1679 includit
1397 1649 1572 1689 quindecim
1588 1649 1681 1681 libros

224 1684 374 1715 Nasonis,

266 1794 279 1821 1
307 1792 430 1832 Massa]
478 1793 631 1824 Plurium
669 1793 822 1825 foliorum
866 1806 925 1836 pu-
980 1796 1053 1827 bri:
1095 1797 1158 1828 hoc
1174 1799 1262 1830 enim
1287 1799 1362 1830 loco
1387 1800 1535 1830 carmina
1555 1800 1682 1840 signifi-

217 1844 352 1882 gillares
372 1845 538 1884 intellige,
562 1845 595 1875 iu
618 1846 738 1886 quibus
763 1853 861 1877 erant
877 1847 924 1877 in—
980 1852 1059 1879 caut
1074 1848 1191 1880 libros.

218 1895 301 1925 clusi
318 1895 511 1936 quindecim
537 1896 859 1937 Metamorplioseon
889 1897 924 1928 li-

837 2045 1066 2087 CXCIII.

781 2137 1127 2167 T1ssi'12Li's.

220 2200 373 2242 Usswr
397 2206 637 2243 amatorem
664 2204 872 2245 Nemesis
895 2205 1067 2246 lasciva
1084 2205 1326 2255 Tibullum,

280 2270 328 2310 Iu
354 2275 443 2310 tota
458 2271 577 2323 juvit
599 2285 728 2324 quem
750 2273 860 2313 nihil
882 2287 981 2313 esse
1001 2273 1147 2314 domo.

264 2380 410 2410 Nemesin
424 2380 568 2410 lascivam
584 2381 662 2411 ursit
675 2385 795 2412 amator
811 2382 960 2421 Tibullus,
973 2383 1022 2413 cui
1034 2387 1164 2422 gratum
1173 2383 1241 2421 fuit
1254 2384 1332 2414 nihil
1348 2394 1412 2414 esse
1429 2385 1458 2413 in
1476 2387 1541 2414 tola
1556 2386 1654 2415 domo.

835 2466 1065 2477 ‘tremate

262 2501 282 2527 '2
309 2498 411 2533 Quum
424 2498 499 2529 cod.
518 2499 655 2530 Beverl.

877 2542 1021 2574 NOTAE

264 2607 280 2635 1
308 2605 463 2646 Nemesis]
509 2607 642 2638 Deliam
678 2612 790 2639 tamen
823 2613 921 2640 vocat
979 2608 1026 2638 illi
1043 2609 1111 2639 sint
1127 2610 1240 2640 onmia
1256 2620 1357 2650 curae,
1374 2611 1531 2651 Etjuvet
1551 2609 1583 2640 in
1606 2614 1681 2640 tota

220 2655 293 2694 ipse
309 2656 477 2697 Tibullus,
492 2658 547 2688 cui
568 2659 656 2689 idem
680 2659 800 2690 tribuit
823 2659 882 2690 lib.
897 2670 920 2691 1.
977 2669 1030 2690 me
1048 2660 1127 2690 nihil
1141 2670 1212 2691 esse
1231 2660 1356 2692 domos

223 2707 321 2746 Epig.
340 2711 369 2738 5.
386 2708 476 2748 quod
495 2709 632 2740 Neulesi
659 2709 781 2741 tribuit
798 2711 920 2742 Marti-
1018 2716 1037 2743 2
1062 2714 1152 2744 Juvit
1178 2713 1279 2754 quem]
1313 2714 1440 2745 Totum
1470 2713 1597 2754 quippe
1621 2713 1678 2744 do-

220 2757 281 2787 alis
306 2759 366 2789 hoc
394 2760 485 2790 loco:
527 2761 534 2776 ⁶
555 2760 616 2791 Illa
641 2765 737 2801 regat
766 2766 920 2801 cunctos,
976 2774 1048 2795 mus
1066 2765 1241 2805 imperium
1256 2774 1359 2806 penes
1377 2765 1509 2796 Deliam
1528 2770 1612 2795 crat.
