1893 3225
256 224 340 265 910
729 235 777 262 M.
812 234 924 263 vAL.
959 234 1234 264 MAR'FlALIS

258 331 374 372 Haec
396 331 501 371 licet
520 330 766 383 hospitibus
789 343 868 384 pro
890 343 1067 371 munere
1090 330 1278 371 disticha
1299 331 1461 381 mittas,
1682 333 1711 372 5

315 398 361 439 Si
385 399 464 438 tibi
486 403 575 439 tam
595 411 733 447 rarus,
758 411 890 452 quam
912 399 1032 448 mihi,
1055 412 1260 439 nummus
1283 399 1377 439 erit.

256 464 428 505 Addita
448 479 528 518 per
549 466 704 506 titulos
726 480 809 507 sua
829 468 1010 508 nomina
1030 468 1162 507 rebus
1185 467 1374 507 habebis
1392 480 1401 506 :

315 534 579 585 Praeteoeas,
601 535 638 575 si
660 535 765 588 quid
788 549 876 576 non
897 535 1005 576 facit
1025 535 1080 575 ad
1102 535 1390 576 stomachum.

256 671 331 696 tum.
376 666 440 697 Fas
461 669 506 697 est
522 665 646 696 mittere
675 664 849 706 hospitibus
872 665 937 696 hoec
959 666 1096 697 disticha
1118 676 1173 706 pro
1196 667 1286 704 dmm,
1300 665 1329 696 si
1355 664 1498 696 habueris
1513 669 1575 696 tam
1597 674 1708 704 paucos

254 719 402 749 nummos,
417 719 506 749 quum
520 718 587 747 ego.
636 709 708 739 Tibi
725 716 816 740 eruut
833 709 958 740 nomina
973 719 1030 740 sua
1046 710 1192 749 adjuncta
1206 709 1296 740 rebus
1310 718 1365 748 per
1380 708 1508 739 titulos.-
1530 708 1668 749 omittas,
1682 709 1710 739 si

255 753 330 792 qnid
340 762 399 783 non
411 753 512 792 placet
527 751 693 782 stomacho.

862 804 1097 815 tremerent&

253 869 295 901 ob
307 879 442 900 causam
457 869 610 900 omnibus
627 869 759 900 obviam
776 879 835 901 nos
849 873 942 900 recte
959 869 1107 900 tribuere
1125 869 1309 900 varietates
1322 868 1431 899 codici
1445 869 1581 899 Beverl.
1622 867 1708 899 Vide

253 922 330 953 qnae
346 912 491 943 diximus
507 913 548 943 ad
565 921 632 943 xn.
649 915 702 943 70.
719 915 749 944 9.
774 918 810 943 et
827 913 965 944 consule
982 913 1062 943 alias
1090 912 1158 953 huj.
1186 913 1253 943 Ms.
1279 912 1477 951 varietates,
1499 917 1533 942 ut
1558 916 1711 942 nostram

250 956 454 986 sententiam
473 961 530 986 aut
546 955 684 986 damnes
701 962 758 986 aut
771 954 960 987 confirmes.
1007 956 1168 987 Ceterum
1186 965 1228 986 ex
1247 956 1306 985 hoc
1321 955 1576 995 Epigrammate
1595 964 1708 994 aequa-

252 999 331 1029 liter
346 998 454 1029 diviso
471 999 536 1029 duo
555 997 680 1029 conflat
695 998 750 1029 ed.
777 999 880 1030 Barb.
908 1004 944 1030 et
968 999 1040 1029 haec
1059 999 1125 1029 duo
1142 997 1227 1029 facit
1252 1003 1289 1029 ut
1302 997 1403 1029 eund.
1422 998 1557 1028 titulum
1577 1007 1648 1037 prae
1671 1006 1708 1027 se

252 1040 375 1071 ferant.
394 1042 501 1072 omiti
514 1052 646 1072 eramus
665 1046 782 1072 notare
800 1042 847 1072 sic
861 1042 1011 1072 scribere
1024 1042 1079 1072 De
1098 1042 1192 1081 Rooy
1211 1041 1252 1072 ad
1266 1051 1312 1072 vs,
1325 1044 1355 1072 3.
1381 1044 1389 1058 ‘
1403 1042 1519 1080 Longe
1534 1039 1709 1070 venustius

252 1084 315 1123 [sc.
333 1095 430 1124 quam
451 1085 591 1119 sztum·
606 1088 650 1115 est
663 1085 807 1115 nimium:
830 1084 878 1125 11.]
900 1085 1089 1115 Scriverius
1115 1085 1154 1120 Q.
1170 1088 1215 1115 est
1229 1081 1384 1115 nimium?
1405 1094 1436 1124 p.
1462 1084 1580 1114 Malim
1596 1088 1710 1113 tamen

253 1126 420 1162 Quacum?
441 1131 487 1158 est
504 1128 641 1158 nimium.
659 1127 706 1158 Ρ.’
735 1128 778 1157 Et
791 1128 877 1158 hanc
894 1128 1026 1158 emend.
1043 1127 1127 1158 tanti
1146 1128 1293 1158 aestimat
1311 1127 1437 1157 amicus
1461 1126 1517 1157 τοῦ
1544 1127 1597 1157 De
1612 1127 1707 1166 Rooy

251 1170 284 1199 in
302 1170 457 1209 Epistola
478 1170 518 1200 ad
538 1180 613 1200 eum
632 1171 776 1210 scripta,
803 1176 839 1200 ut
857 1170 963 1209 dicat,
987 1171 1137 1212 quamvis
1165 1170 1438 1200 emendationem
1466 1169 1538 1209 ipse
1567 1169 1708 1207 eruerit,

250 1219 363 1243 tamen
387 1223 422 1243 se
439 1211 540 1244 fateri
560 1213 774 1244 restitutione
801 1215 875 1254 ejus
893 1214 978 1245 adeo
1006 1212 1239 1245 effascinatum
1269 1218 1305 1243 ut
1332 1211 1430 1244 flocci
1446 1212 1618 1253 propriam
1636 1221 1706 1251 prm

247 1256 306 1286 illa
322 1256 462 1296 pendat.

908 1310 1048 1342 NOTAE

292 1388 310 1415 5
345 1383 491 1415 Disticha
510 1384 633 1424 mittas]
658 1384 743 1415 Vide
762 1395 835 1426 quae
863 1385 948 1415 dixi·
1004 1391 1119 1415 meuta
1137 1385 1301 1425 intellige.

250 1445 324 1466 mus
341 1435 439 1466 initio
454 1435 553 1475 hujus
570 1434 646 1464 libri
667 1445 674 1464 :
698 1435 799 1466 xenia
820 1435 948 1476 quippe
1046 1439 1065 1466 8
1093 1437 1163 1466 Non
1176 1436 1260 1472 facit
1287 1436 1341 1476 ad]
1365 1435 1442 1465 Hoc
1460 1435 1501 1465 de
1525 1435 1593 1465 suis
1608 1435 1708 1465 versi-

250 1485 540 1526 liospitibnsmitti
553 1485 720 1516 solebant.
1006 1486 1066 1516 bus
1082 1485 1168 1516 dicit
1186 1485 1313 1523 Poeta3
1337 1484 1394 1515 sed
1410 1485 1534 1515 alludit
1553 1484 1595 1515 ad
1613 1494 1707 1515 escu-

291 1540 311 1566 6
335 1535 373 1566 Si
388 1536 448 1566 tibi
463 1535 542 1575 tam]
566 1536 695 1566 Malum
717 1537 853 1569 scilicet
879 1547 948 1568 om·
1005 1536 1098 1566 lenta
1110 1536 1297 1576 xeniorum,
1313 1546 1387 1577 quae
1403 1536 1466 1567 hoc
1483 1535 1570 1567 libro
1585 1536 1709 1567 descri-

250 1586 346 1617 nibns
361 1585 433 1617 fere
450 1585 558 1626 po‘e'tis
575 1585 751 1618 familiare.
1006 1588 1144 1618 buntur.

293 1639 309 1666 7
336 1636 401 1666 Per
416 1635 538 1676 titulos]
564 1637 737 1668 Lemmata
773 1646 829 1668 seu
853 1647 950 1678 argu-

890 1884 917 1912 T
938 1884 969 1913 H
989 1884 1016 1913 U
1038 1884 1073 1913 S.

251 1951 415 1991 SERUS
435 1957 484 1991 ut
505 1951 706 1992 aethereae
729 1950 1022 1992 Germanicus
1043 1952 1225 2005 imperet
1246 1953 1377 2002 aulae,

314 2018 455 2072 thue
479 2019 554 2059 diu
578 2020 717 2068 terris,
740 2019 797 2059 da
819 2019 895 2072 pia
916 2019 1046 2059 thura
1067 2019 1188 2059 Jovi.

295 2137 384 2178 (ffer
397 2139 450 2179 pia
463 2140 556 2170 thura
571 2140 658 2177 Jorz‘,
673 2143 707 2170 ut
727 2139 932 2170 Germanicus
948 2144 1055 2179 regnet
1071 2140 1124 2170 diu
1139 2139 1170 2170 in
1185 2140 1291 2180 terris,
1302 2140 1390 2170 tarde
1407 2138 1439 2168 in
1457 2138 1539 2169 coelo.

860 2223 1094 2235 eeeeeeeeeeee

295 2280 308 2306 l
335 2278 437 2308 Sertis
464 2279 585 2309 (etherii.
602 2279 668 2310 Ms.
698 2278 834 2309 Beverl.
871 2279 956 2310 Aula
982 2278 1060 2309 Ald.
1085 2277 1182 2310 Junt.
1211 2277 1319 2309 Colin.
1349 2276 1464 2308 Maitt.
1511 2276 1600 2307 Aura
1625 2274 1706 2306 Vat.

254 2319 410 2351 Nostram
426 2322 505 2352 lect.
524 2321 583 2352 dat
599 2321 672 2353 cod.
685 2322 812 2352 Thuan.

906 2384 1047 2416 NOTAE

293 2453 308 2480 1
347 2448 566 2488 Germanicus]
589 2449 823 2480 Domitianum
851 2449 948 2479 intel·
1004 2448 1080 2479 haee
1097 2447 1257 2479 disticha.
1289 2448 1378 2479 Vide
1396 2449 1417 2479 l.
1436 2457 1515 2480 vm.
1535 2449 1634 2490 Epig.
1649 2453 1704 2483 39.

250 2501 359 2540 ligunt
385 2498 614 2539 interpretes;
650 2500 740 2530 unde
767 2499 946 2539 colligunt,
1045 2502 1064 2530 2
1095 2500 1156 2530 Pia
1183 2499 1292 2540 thura]
1326 2501 1494 2541 Religioni
1517 2511 1640 2542 nempe
1665 2508 1702 2534 et

251 2559 315 2581 non
351 2550 511 2581 extremis
547 2549 717 2580 Martialis
747 2550 855 2588 annis,
887 2549 946 2580 sed
1002 2550 1141 2590 Superis
1157 2550 1327 2582 destinata
1353 2557 1441 2582 sunt.
1488 2551 1618 2583 Plinius
1645 2552 1705 2584 lib.

251 2603 327 2632 vivo
352 2600 459 2633 adhuc
485 2600 694 2641 Domitiano,
718 2601 846 2642 scripta
873 2610 945 2632 esse
1003 2610 1070 2632 xu.
1088 2611 1163 2642 cap.
1180 2604 1210 2633 4.
1234 2601 1305 2642 agit
1321 2601 1363 2633 de
1378 2602 1486 2633 thure.
