1893 3225
530 230 937 261 EPJGRAMMATUM
976 230 1071 261 Llss.
1106 232 1177 262 rx.
1507 224 1594 265 (570

138 323 239 364 Non
256 324 429 378 jaculo,
452 339 541 367 non
561 339 664 366 ense
685 324 781 375 fuit,
803 325 994 366 laesusve
1014 327 1191 379 sagitta,

197 394 384 435 Casside
405 395 508 435 dum
529 395 639 435 liber
660 392 1007 447 Parthenopaeus
1027 399 1122 434 erat

130 465 344 518 Quisquis
367 465 422 505 ab
441 463 524 504 hoc
546 462 675 503 suerit
694 461 824 512 fixus,
847 462 1058 502 morietur
1078 475 1238 503 amore.

187 534 225 573 O
248 533 370 582 felix,
394 532 431 572 si
452 544 584 585 quem
605 535 697 570 tam
720 529 837 569 bona
853 529 946 570 fata
965 530 1162 570 manent!
1539 530 1592 570 10

130 603 250 644 Dum
278 613 386 654 puer
405 612 469 649 es,
491 598 664 648 redeas,
687 597 790 638 dum
813 597 963 638 vultus
981 597 1204 649 lubricus;
1236 604 1280 639 et
1301 603 1343 639 te

188 669 293 711 Non
315 668 455 722 Libye
476 666 625 716 faciat,
649 665 728 707 sed
751 670 829 706 tua
851 664 1012 715 Roma,
1034 666 1190 708 virum.

128 781 295 812 cassidem.-
318 780 416 809 nudus
429 781 490 814 eat,
514 780 549 808 ut
565 787 690 808 securus
704 777 809 808 irruat
832 778 864 809 in
879 777 1061 809 certamina.
1108 777 1353 818 Parthenopoeus
1370 776 1504 814 nonfuit
1525 779 1590 808 vul-

129 827 256 854 neratus
271 823 390 863 jaculo,
412 832 465 852 nec
487 821 607 860 gladio,
630 824 685 851 aut
708 822 841 860 sagitta,
861 822 933 852 dum
958 831 1017 851 non
1043 824 1110 851 erat
1136 820 1275 851 munitus
1296 820 1399 860 galea.
1447 821 1593 860 Quisquis

127 866 332 907 fueritfiztus
356 865 394 895 ab
420 865 488 901 hoc,
508 863 624 904 peribit
649 873 763 895 amore.
812 866 841 895 0
858 864 955 901 felix,
979 864 1007 893 si
1031 864 1081 894 cui
1107 864 1283 894 destinatur
1305 873 1372 893 sors
1396 866 1461 893 tam
1484 863 1559 893 bonu
1577 864 1591 894 ,Ι

128 910 310 947 revertaris,
334 909 406 938 dum
419 917 498 948 puer
520 917 563 947 es,
583 907 657 937 dum
675 906 778 946 facies
801 906 934 947 lubrica,
955 917 1010 937 nec
1033 906 1147 944 Africa
1166 906 1272 945 saciat
1294 909 1324 937 te
1337 908 1449 946 virum,
1470 908 1522 937 sed
1538 909 1591 936 tua

130 953 241 982 Roma.

740 1003 976 1015 eeeaeaemcaeeo

172 1052 187 1079 1
209 1047 277 1079 Alii
303 1047 624 1088 Splendophoms.-7
649 1047 719 1078 Pro
734 1056 801 1077 ense
817 1045 1023 1076 Beverlandi
1040 1046 1106 1076 Ms.
1133 1045 1298 1077 hasim—8
1316 1046 1394 1076 Cum
1410 1046 1431 1076 l.
1458 1045 1588 1077 id.—ll

126 1091 193 1122 Alii
210 1093 283 1121 dum
300 1092 403 1121 vultu:
431 1090 520 1132 quod
534 1090 637 1122 etiarn
650 1090 682 1120 in
696 1094 828 1121 textum
839 1098 935 1120 suum
952 1090 1084 1130 recepit
1099 1089 1238 1120 Barbou
1252 1088 1332 1119 Par.
1349 1091 1443 1120 1754.

792 1176 933 1208 NOTAE

169 1243 460 1284 sparthenopoeus]
475 1241 834 1273 FormosissimusMe-
933 1245 971 1273 11
1010 1242 1122 1273 Vultus
1145 1241 1298 1282 lubricus]
1334 1241 1455 1273 Horat.
1480 1243 1536 1273 lib.
1567 1252 1591 1273 1·

128 1293 345 1335 leagriatque
362 1293 532 1325 Atalantae
547 1292 636 1324 filius
648 1292 834 1335 fuit‚quem
891 1293 968 1325 Ode
983 1297 1035 1326 19.
1060 1295 1069 1312 ‘
1088 1295 1134 1326 Et
1149 1295 1262 1325 vultus
1277 1293 1414 1324 nimium
1439 1293 1592 1324 lubricus

128 1346 170 1375 ad
201 1345 328 1376 bellum
360 1344 559 1376 Thebanum
597 1343 791 1384 profectum
815 1354 834 1375 a
888 1344 1018 1386 aspici!
1050 1345 1215 1376 Lubricus
1232 1354 1312 1375 vero
1337 1344 1465 1375 dicitur
1488 1349 1593 1375 meta-

129 1397 266 1427 vulnere
291 1394 448 1426 defendit
471 1394 702 1436 pulchritudo.
745 1395 832 1426 Vide
889 1395 996 1436 phora
1009 1396 1112 1427 ducta
1127 1406 1146 1427 a
1160 1396 1213 1427 via
1226 1395 1368 1434 lubrica,
1385 1395 1416 1425 in
1429 1404 1495 1435 qua
1509 1393 1594 1425 diffi-

128 1447 188 1477 lib.
208 1455 258 1477 w.
281 1446 381 1486 Epig.
405 1449 459 1478 77.
504 1446 685 1486 Papinium
711 1445 770 1477 lib.
786 1455 833 1476 rv.
886 1446 953 1477 cile
983 1450 1037 1477 est
1068 1446 1140 1477 sine
1172 1446 1391 1486 prolapsione
1421 1445 1592 1476 insistere.

126 1498 318 1538 Sylvarum.
364 1496 546 1536 Euripides
562 1496 610 1526 sic
623 1496 672 1527 ait
684 1496 717 1526 in
735 1496 834 1527 Phoe-
888 1496 945 1528 Sic
958 1496 1096 1528 difficile
1111 1502 1163 1527 est
1188 1495 1372 1527 formosum
1391 1497 1520 1526 vultum
1540 1506 1592 1526 as·

130 1547 226 1578 nissis
245 1558 252 1577 :
270 1545 339 1577 ‘¹05’
357 1546 425 1577 ἐστὶ
439 1548 674 1587 Παρθενοπαῖος,
685 1545 835 1577 Ἀταλάν-
888 1548 1018 1589 picere,
1042 1549 1122 1590 quin
1145 1558 1261 1579 amore
1278 1547 1505 1580 labefactetur
1521 1548 1590 1577 ani-

134 1610 190 1635 της
205 1598 304 1637 γόνος.
890 1607 976 1629 mus.

772 1674 956 1717 LVIII.

680 1765 732 1794 IN
769 1765 1037 1795 HEDYLUM.

243 1834 343 1875 Νη
367 1837 433 1874 est
454 1832 597 1874 tritius
620 1832 789 1887 Hedyli
810 1833 1017 1883 lacernis,

243 1902 349 1942 Non
371 1915 491 1943 ansae
513 1904 714 1942 veterum
737 1899 1076 1950 Corinthiorum,

248 1969 290 2010 Ν
293 1984 343 2011 ec
367 1983 467 2011 crus
490 1968 706 2023 compede
727 1969 940 2010 lubricum
961 1969 1161 2020 decenni,

246 2037 348 2079 Non
369 2044 511 2092 ruptae
532 2038 723 2079 recutita
744 2038 864 2079 colla
883 2039 1027 2088 mulae,

244 2106 342 2147 Nec
363 2120 463 2160 quae
487 2106 751 2147 Flaminiam
773 2110 924 2146 secant
943 2106 1150 2156 salebrae,
1563 2109 1591 2147 5

246 2174 344 2215 Nec
367 2175 441 2229 qui
462 2175 682 2215 littoribus
703 2175 842 2215 nitent
861 2174 1020 2229 lapilli,

172 2282 265 2313 Nihil
279 2286 326 2313 est
342 2282 453 2313 tritius
468 2282 600 2313 lacernis
616 2282 752 2323 Hedyli,
773 2292 835 2312 non
857 2291 940 2312 ansae
956 2281 1155 2321 antiquorum
1181 2282 1427 2321 Corinthiorum,
1448 2293 1503 2315 nec
1517 2294 1590 2314 crus

130 2326 274 2356 attritum
290 2326 422 2356 vinculis
442 2327 542 2356 decem
566 2335 727 2363 annorum,
750 2329 779 2355 et
795 2324 930 2355 recutita
952 2325 1030 2355 colla
1047 2328 1147 2365 ruptoe
1165 2326 1268 2363 mulce,
1289 2335 1343 2356 nec
1367 2326 1496 2356 salebrae
1523 2336 1591 2367 qua*

130 2372 235 2399 secant
251 2369 282 2399 F
282 2369 455 2407 laminiam,
477 2379 531 2399 nec
546 2368 647 2409 lapilli
659 2369 712 2409 qui
726 2369 886 2409 splendent
900 2368 935 2399 in
951 2367 1120 2406 littoribus,
1136 2378 1191 2399 nec
1206 2369 1269 2408 ligo
1282 2370 1386 2400 nitens
1400 2369 1463 2400 vite
1482 2369 1590 2407 Tusca,

743 2441 980 2453 eeeeeeeeee

177 2485 215 2516 In
232 2486 359 2517 Edilum
376 2486 454 2518 Ald.
470 2487 565 2519 Juut.
584 2486 759 2518 Colin.-9
781 2485 863 2517 Ant.
890 2486 933 2518 de
956 2487 1052 2528 Rooy
1080 2486 1220 2528 conjicit
1236 2487 1304 2518 Nec
1318 2487 1405 2528 pigri
1426 2491 1496 2518 rota
1511 2489 1592 2519 lasea

788 2561 933 2593 NOTAE

178 2618 193 2645 l
221 2615 278 2645 Nil
299 2619 342 2645 est
367 2616 491 2656 tritius]
538 2616 671 2648 Cinaedi
710 2625 832 2657 nempe
885 2619 941 2648 23.
957 2626 1071 2657 supra.

134 2675 235 2706 quem
248 2669 347 2696 acute
363 2665 485 2705 carpit.
929 2670 949 2698 4
974 2667 1121 2698 Recutita
1134 2666 1228 2707 colla]
1251 2666 1339 2698 Cute
1355 2676 1490 2708 nempe,
1515 2678 1589 2709 qua:

177 2720 195 2746 2
225 2715 370 2746 Veterum
402 2716 646 2757 Corinthiorum]
666 2718 759 2748 Vasa
783 2716 833 2748 in-
886 2717 1005 2751 labore
1020 2723 1057 2749 et
1076 2717 1278 2749 verberibus
1291 2718 1449 2749 detracta
1465 2716 1590 2756 fuerat,

136 2767 251 2807 tellige
264 2767 357 2798 facta
369 2777 410 2798 ex
427 2769 537 2799 veteri
561 2778 628 2799 aere
644 2769 831 2801 Corinthio.
887 2772 1064 2799 renovata.

177 2823 195 2850 3
218 2819 374 2860 Neccrus]
386 2820 570 2852 Servorum
586 2830 721 2862 nempe,
736 2821 836 2862 Epig.
933 2823 951 2850 5
976 2818 1130 2859 Salebrae]
1154 2818 1242 2850 Sunt
1257 2818 1333 2850 loca
1345 2817 1540 2859 inaequalia,
1556 2823 1592 2849 et
