1893 3225
758 229 806 258 M.
842 229 950 259 VAL.
984 230 1261 262 MARTIALlS

394 323 539 365 Affers
559 324 710 366 nescio
731 338 841 379 quas
859 326 966 366 mihi
988 327 1188 377 tabellas,

394 392 452 432 Et
473 392 599 443 dicis,
622 391 763 433 Modo
784 393 967 434 liberum
988 407 1082 435 esse
1096 395 1215 449 jussi

395 464 583 506 Nastam
600 478 612 516 ;
632 465 852 520 (servulus
874 470 942 507 est
960 467 1067 508 mihi
1086 474 1294 521 paternus
1309 468 1343 523 ς)
1700 474 1728 513 5

395 532 530 585 Signa
548 546 557 573 :
589 546 687 574 cras
707 534 876 583 melius,
898 534 1113 587 Luperco,
1135 536 1224 576 fiet.

394 599 678 653 Nuncsignat
698 614 821 641 meus
844 603 1039 642 annulus
1060 603 1274 655 lagenam.

277 721 354 752 mihi
377 721 476 752 nescio
490 731 565 761 quas
578 721 716 761 tabellas,
737 727 765 753 et
789 724 878 761 dicis,
904 724 997 754 Modo
1013 724 1082 754 dedi
1098 725 1273 755 libertatem
1286 735 1296 754 .·
1318 724 1412 754 habeo
1427 725 1542 755 Zenam
1565 728 1727 764 paternum

275 765 449 802 servulum5
471 765 583 804 signa:
608 775 626 796 o
643 765 794 806 Luperce,
815 766 950 807 crasfiet
966 767 1085 805 melius,
1097 777 1175 798 nunc
1192 777 1275 798 meus
1289 769 1419 798 annulus
1439 769 1546 807 signat
1562 769 1715 807 lagenam.

888 845 1002 856 oooooo

1007 845 1122 856 eeeeee

321 902 338 929 5
358 899 490 938 Legunt
504 899 559 930 alii
574 898 702 930 liberum
717 899 867 937 essejussz'
881 900 998 930 Zenam
1009 912 1018 930 .-
1034 910 1138 931 servus
1152 901 1181 930 is
1196 903 1239 930 est
1255 900 1332 930 milti
1344 903 1502 940 paternus.
1517 900 1727 931 Pulmannus

276 942 379 974 etiarn
391 942 505 973 Zouas.
551 942 591 972 In
606 942 684 973 Ald.
699 942 797 974 Junt.
812 943 921 973 Colin.
947 948 1016 974 est:
1033 944 1126 984 jussi,
1142 943 1243 974 Zenas
1257 944 1406 974 servulus.

934 1031 1072 1062 NOTAE

321 1107 339 1134 3
365 1103 574 1144 Nescioquas]
589 1104 829 1144 Supposititias
842 1114 976 1146 nempe,

277 1164 357 1195 quas
373 1154 644 1185 manumissionis
660 1164 733 1184 esse
757 1154 893 1185 dicebat
912 1156 975 1185 Lu-

278 1215 412 1246 percis,
442 1215 518 1236 cum
534 1210 644 1236 tamen
661 1210 774 1236 essent
792 1210 975 1236 testamen-

275 1256 373 1287 tariae
382 1254 476 1287 falsae
487 1265 620 1296 nempe,
637 1260 696 1287 aut
707 1256 841 1286 aliunde
855 1257 975 1287 astrin-

275 1310 407 1346 gentes.

315 1360 337 1387 6
361 1355 476 1396 Signa]
499 1356 617 1397 Inquit
643 1357 830 1397 Lupercus,
845 1362 881 1388 nt
899 1367 977 1388 con-

276 1411 346 1437 stet
363 1405 404 1436 de
421 1406 690 1437 manumissione.

323 1456 403 1486 Cras
417 1455 523 1486 melius
542 1455 620 1498 fiet]
652 1457 736 1488 Cum
773 1457 876 1488 sobrii
912 1458 975 1488 eri-

1030 1116 1123 1144 mus;
1153 1110 1233 1136 tunc
1261 1104 1349 1135 enim
1368 1103 1580 1144 distinguere
1603 1105 1733 1144 poteri-

1030 1167 1114 1194 mus,
1143 1166 1184 1186 an
1202 1165 1322 1186 revera
1348 1154 1389 1185 de
1410 1154 1571 1185 libertate
1596 1158 1729 1186 tantum

1031 1211 1161 1247 agatur.

1073 1260 1091 1288 7
1118 1258 1210 1287 Nunc
1221 1257 1340 1297 signat]
1358 1256 1411 1287 Ne
1421 1255 1508 1286 servi
1525 1255 1638 1286 vinum
1651 1255 1731 1286 hau-

1032 1308 1130 1338 riant.
1177 1307 1298 1338 Horat.
1315 1307 1372 1337 lib.
1386 1315 1426 1337 u.
1446 1307 1555 1346 Epist.
1570 1309 1602 1337 2.
1626 1307 1634 1321 ‘
1649 1306 1732 1336 Pos-

1031 1363 1081 1388 set
1096 1359 1149 1398 qui
1164 1358 1337 1396 ignoscere
1354 1357 1471 1397 servis,
1483 1357 1528 1388 Et
1539 1356 1633 1397 siguo
1647 1357 1729 1388 laeso

1030 1418 1096 1439 non
1113 1408 1260 1439 insanire
1277 1407 1431 1449 lagenae!

845 1648 1143 1690 LXXXIX.

856 1739 922 1768 AD
957 1739 1149 1769 RvFUM.

275 1805 394 1846 DUM
416 1817 486 1845 me
507 1808 722 1858 captares,
742 1805 951 1845 mittebas
971 1818 1151 1846 munera
1170 1806 1322 1847 nobis:

339 1872 578 1924 Postquam
602 1872 775 1925 cepisti,
799 1872 878 1912 das
899 1873 1022 1922 mihi,
1044 1873 1173 1922 Rufe,
1194 1873 1313 1914 nihil.

275 1939 340 1980 Ut
359 1942 539 1992 captum
561 1944 727 1988 teneas,
750 1946 883 1992 capto
907 1954 1083 1994 quoque
1103 1954 1285 1982 munera
1304 1942 1444 1991 mitte,

333 2006 403 2046 De
426 2019 564 2047 cavea
584 2006 725 2059 fugiat
747 2020 801 2047 ne
822 2008 935 2048 male
957 2013 1109 2060 pastus
1129 2021 1247 2061 aper.

315 2121 402 2152 Dum
417 2131 464 2152 me
477 2122 620 2157 illiceres,
642 2123 681 2152 ad
698 2132 744 2152 me
761 2122 905 2153 mittebas
917 2124 1017 2157 domi,-
1040 2126 1200 2162 postquam
1216 2123 1363 2163 captasti,
1386 2133 1403 2153 ο
1422 2122 1519 2161 Rufe,
1542 2122 1621 2153 nihil
1634 2123 1729 2152 donus

272 2164 360 2195 mihi.

274 2217 378 2238 cavea.

410 2164 453 2195 Ut
466 2168 572 2196 teneas
585 2166 734 2205 illectum,
748 2167 837 2196 mitte
861 2167 956 2196 etiam
972 2167 1051 2196 dona
1066 2167 1182 2206 illecto,
1204 2176 1241 2197 ne
1263 2176 1336 2207 aper
1352 2166 1430 2196 male
1447 2169 1559 2206 pastus
1564 2165 1675 2204 fugiat
1691 2174 1732 2195 εει·

884 2261 901 2272 0
908 2261 961 2272 ‘N
966 2261 1118 2272 Nur-eeaeaee

319 2313 361 2345 In
376 2314 437 2346 hoc
453 2314 712 2355 Epigrammate
727 2315 808 2345 nihil
825 2315 1071 2356 variant‚quod
1089 2315 1206 2355 sciam,
1223 2315 1301 2346 libri
1320 2319 1378 2346 aut
1398 2315 1614 2346 membranae.

930 2389 1070 2421 NOTAE

317 2455 337 2483 Δ
363 2452 416 2483 De
431 2452 537 2492 cavea]
552 2452 630 2483 Hoc
649 2463 668 2483 a
685 2453 785 2483 simili
799 2452 883 2483 dicit
894 2452 978 2484 Po'ef-

275 2506 322 2543 ta,
334 2507 373 2534 ut
386 2503 472 2533 enim
484 2501 556 2533 fera
573 2504 720 2533 esuriens
735 2503 835 2544 fugit,
853 2504 900 2535 sic
917 2513 980 2545 ego

273 2554 478 2586 renuntiabo
493 2558 560 2585 tuae
572 2554 744 2586 amicitiae.
792 2555 854 2586 Est
866 2560 979 2586 autem

1032 2463 1135 2485 cavea
1151 2458 1285 2495 septum
1302 2454 1334 2484 in
1352 2464 1416 2495 qno
1440 2453 1521 2485 ferae
1551 2453 1729 2485 includun-

1032 2508 1089 2534 tur
1106 2515 1113 2535 :
1139 2509 1192 2535 est
1209 2505 1311 2534 etiam
1327 2504 1419 2535 locus
1434 2503 1493 2536 ubi
1517 2504 1661 2546 populus
1679 2513 1728 2535 se-

1033 2554 1114 2585 dens
1129 2553 1224 2586 ludos
1240 2554 1430 2596 spectabat.
