1893 3225
257 226 345 267 742
743 234 791 262 M.
824 234 936 263 x‘Ai..

972 233 1244 262 MARTl-›xms

378 331 606 371 Praeneste
629 342 710 370 nec
733 329 814 379 sic,
837 328 1073 370 Antiumve
1094 328 1286 368 miratur.

380 398 483 439 Non
503 397 664 438 blanda
685 397 829 447 Circe,
853 397 1132 438 Dardanisve
1155 396 1313 436 Caieta

379 465 712 514 Desiderantur,
734 478 814 505 nec
839 465 1024 514 Marica,
1047 477 1125 504 nec
1150 463 1280 512 Liris,

384 533 484 575 Nec
504 534 548 574 in
571 533 764 574 Lucrina
783 533 877 573 lota
899 532 1117 573 Salmacis
1140 544 1264 572 vena.

1666 530 1719 569 10

381 601 473 642 Hic
498 614 672 642 Summa
695 601 781 641 leni
803 600 1024 652 stringitur
1045 599 1200 640 Thetis
1220 603 1376 649 vento3

383 669 425 710 N
430 682 479 710 ec
499 669 677 722 languet
695 682 872 722 aequor:
905 669 1008 709 viva
1030 668 1107 708 sed
1130 667 1255 720 quies
1278 667 1409 707 Ponti

382 737 557 778 Pictam
578 736 792 790 phaselon
815 736 1051 790 adjuvante
1073 736 1157 775 sert
1179 748 1308 786 aura3

382 806 505 846 Sicut
525 805 686 858 puellae
706 818 793 845 non
815 804 1002 844 amantis
1024 808 1222 844 aestatem

382 873 514 914 Mota
534 872 710 913 salubre
732 885 928 925 purpura
949 871 1070 911 venit
1091 870 1238 923 frigus.

382 940 481 982 Nec
502 946 596 981 seta
616 942 750 992 longo
769 940 924 993 quaerit
944 940 989 979 in
1009 940 1116 979 mari
1137 938 1350 992 praedam,

386 1007 474 1048 Sed
497 1021 524 1048 a
541 1007 676 1048 cubili
696 1007 949 1060 lectuloque
967 1006 1184 1059 jactatam

383 1076 617 1129 Spectatus
640 1074 725 1114 alte
745 1074 905 1114 lineam
930 1074 1065 1115 trahit
1087 1074 1243 1127 piscis.

385 1143 434 1184 Si
457 1143 630 1196 quando
650 1142 823 1183 Nereus
846 1143 975 1182 sentit
995 1141 1118 1182 AEoli
1137 1154 1327 1194 regnum,

384 1210 518 1251 Ridet
539 1209 762 1263 procellas
782 1213 876 1250 tuta
893 1209 947 1250 de
970 1222 1050 1250 suo
1072 1222 1239 1249 mensa.

1670 1207 1726 1247 20

270 1347 382 1376 cessus,
396 1346 451 1367 nec
463 1336 508 1367 sic
524 1337 688 1368 Praeneste
700 1340 754 1367 ant
769 1336 911 1368 Antium.
952 1337 1018 1368 Nec
1026 1341 1123 1376 grata
1142 1337 1246 1375 Circe,
1262 1339 1316 1366 aut
1332 1336 1494 1367 Dardanis
1512 1334 1623 1366 Caieta
1636 1344 1729 1375 expe·

271 1384 391 1419 ututur,
413 1390 467 1410 nec
486 1379 623 1419 Marica,
646 1390 700 1410 nec
715 1380 812 1418 Liris,
836 1389 889 1410 nec
906 1379 1059 1410 Salmacis
1074 1381 1137 1410 lota
1153 1380 1186 1409 in
1205 1381 1288 1410 unda
1304 1379 1451 1410 Lucrina.
1497 1378 1564 1410 Hic
1577 1387 1729 1408 summum

270 1432 354 1453 mare
366 1423 571 1462 permulcetur
580 1433 656 1453 aura
670 1424 779 1454 suavi:
802 1432 857 1452 nec
872 1432 977 1462 oequor
988 1424 1113 1461 languet
1125 1433 1135 1452 .·
1158 1425 1190 1452 at
1207 1423 1277 1453 vira
1288 1423 1371 1462 quies
1388 1422 1483 1453 Ponti
1495 1425 1601 1461 portat
1613 1421 1730 1460 pictam

268 1466 426 1505 phaselum
442 1475 517 1495 aura
537 1467 714 1505 adjuvante.

768 1466 811 1495 Et
831 1466 967 1496 salutare
973 1465 1085 1504 frigus
1100 1465 1182 1496 venit
1198 1465 1278 1495 sicut
1294 1469 1377 1495 mola
1393 1474 1532 1504 purpura
1546 1464 1655 1504 puelloe
1669 1473 1730 1493 non

271 1508 406 1538 amantis
420 1509 563 1539 calm-em.
611 1509 677 1539 Nec
691 1511 759 1538 sela
783 1509 897 1547 qua’rit
912 1510 1050 1547 praedam
1071 1509 1160 1547 longe
1174 1507 1208 1538 z'n
1232 1508 1323 1547 mari,
1348 1511 1380 1538 at
1393 1508 1490 1548 piscis
1515 1507 1599 1538 visus
1614 1506 1648 1536 in
1661 1516 1732 1546 pro-

263 1550 366 1588 fundo
389 1551 488 1582 trahit
504 1551 778 1588 lineamjactatum
792 1561 811 1581 a
832 1551 969 1581 cubiculo
991 1554 1018 1581 et
1041 1551 1162 1581 lectulo.
1210 1550 1248 1581 Si
1270 1551 1388 1590 quando
1417 1551 1541 1581 Nereus
1571 1549 1731 1590 experitur

268 1597 454 1633 potestatem
468 1594 566 1633 AEoli,
586 1594 706 1634 piscina
721 1603 828 1625 secura
842 1596 880 1625 de
904 1603 958 1624 sua
981 1604 1084 1624 mensa
1100 1594 1235 1624 irridens
1249 1597 1444 1634 tempestates
1459 1592 1599 1623 rhombos
1618 1592 1732 1632 pascit,

896 1685 1053 1697 emm«
1060 1685 1119 1696 ‘ee

316 1742 508 1782 Apollinaris
523 1742 682 1773 nesciunt
694 1740 773 1773 edd.
793 1743 945 1772 vem—7
969 1740 1161 1780 Autumique
1175 1740 1250 1771 cod.
1269 1740 1493 1771 niwerh—15
1519 1739 1575 1770 Sic
1592 1738 1637 1769 id.
1655 1739 1732 1770 cod.

276 1786 382 1817 Multa
395 1785 473 1817 edd.
493 1790 579 1816 vett.
603 1785 711 1815 ‘Sunt
736 1785 792 1825 qui
810 1785 926 1823 legant
947 1784 1066 1819 Multa,
1093 1783 1150 1813 sed
1174 1783 1315 1823 inepte!
1338 1783 1581 1813 Sumeret—16
1604 1782 1735 1812 Saetam

274 1829 319 1859 id.
338 1828 502 1860 ooth—20
516 1829 645 1859 Ridens.
663 1848 688 1858 ..
704 1837 760 1858 sua
776 1827 855 1858 edd.
868 1831 954 1858 vett.
972 1827 1044 1857 sine
1062 1832 1190 1866 puncto
1208 1830 1287 1867 post
1300 1835 1412 1856 mensa.
1438 1826 1536 1856 Rides
1552 1824 1629 1856 cod.
1653 1825 1732 1855 Pul-

935 1906 1074 1939 NOTAE

317 1986 336 2014 Β
362 1983 432 2014 Non
450 1983 561 2013 blanda
572 1982 678 2022 Circe]
702 1982 979 2013 Promontorium

278 2043 462 2072 animuum,
479 2034 579 2074 Epig.
597 2036 648 2065 36.
665 2033 723 2064 lib.
741 2042 823 2064 vm.

318 2084 515 2115 Dardanisve
527 2085 652 2125 Caieta]
670 2085 758 2117 Quia
774 2095 793 2115 a
809 2084 978 2125 Trojanis,

277 2135 331 2175 qui
352 2134 561 2165 Dardanidae
587 2134 669 2166 dicti
697 2140 790 2174 sunt,
817 2134 978 2166 condita:

275 2185 375 2215 hodie
389 2184 498 2216 Ca'e'ta.
544 2185 667 2225 Virgil.
684 2184 817 2216 AEneid.
836 2194 901 2215 vn.

319 2239 339 2266 9
364 2235 432 2266 Nec
447 2234 585 2275 Marica]
611 2237 696 2267 Quae
712 2236 831 2275 Lirim,
847 2236 903 2266 alii
917 2236 981 2276 Ly-

276 2285 352 2324 rim,
369 2294 499 2316 amnem
520 2286 719 2326 Campaniae
744 2286 929 2326 incolebat,
946 2291 981 2317 et

276 2338 349 2377 regi
391 2338 508 2368 Fauno
540 2338 669 2378 nupsit,
699 2338 797 2380 eique
823 2338 980 2369 Latinum

277 2387 425 2427 peperit.
459 2388 580 2427 virgil.
601 2387 734 2419 AEneid.
756 2397 824 2420 vu.
859 2388 980 2418 ‘Hunc

281 2437 475 2478 [Latinum]
500 2437 616 2468 Fauno
638 2443 674 2468 et
704 2438 866 2478 Nympha
891 2437 984 2478 geni-

280 2495 350 2518 tum
381 2487 556 2518 Laurente
596 2487 731 2518 Marica
762 2486 984 2527 Accipimus!

277 2537 333 2568 Ad
348 2538 437 2568 illius
454 2538 560 2568 amnis
587 2538 678 2578 ripas
704 2539 815 2569 lucum
841 2538 984 2568 Maricae

278 2599 413 2620 sacrum
452 2588 561 2619 fuisse
599 2594 762 2628 testatur,
801 2589 861 2619 lib.
897 2596 983 2620 xnr.

279 2640 384 2680 Epig.
402 2642 454 2671 82.

322 2693 363 2720 10
390 2690 455 2721 Nec
467 2690 500 2721 in
511 2689 664 2730 Lucrina]
683 2690 733 2720 De
746 2690 822 2720 lacu
835 2690 983 2721 Lucrino

278 2742 402 2783 saepius
415 2747 542 2782 actum,
556 2742 653 2783 cnjus
667 2752 769 2783 aquas
783 2742 984 2774 delicatissi-

280 2803 351 2824 mas
368 2798 546 2834 comparat
565 2793 728 2824 Salmacis
747 2792 844 2833 fonti,
861 2793 902 2824 de
915 2803 980 2834 quo

1036 1982 1180 2013 Ovidius
1204 1982 1260 2013 lib.
1283 1991 1315 2013 v.
1344 1983 1431 2013 Met.
1458 1981 1592 2013 Etenim
1620 1981 1654 2013 iu
1672 1982 1738 2012 Lu-

1035 2034 1130 2064 crino
1147 2043 1213 2064 non
1231 2034 1315 2064 lavit
1331 2033 1507 2064 Salmacis.

1080 2087 1117 2114 15
1144 2083 1249 2123 Mota]
1276 2084 1352 2114 Hoc
1376 2089 1443 2122 est,
1472 2088 1541 2112 tam
1570 2088 1667 2122 grata
1684 2087 1738 2113 est

1036 2134 1206 2166 Formiani
1233 2133 1357 2165 littoris
1379 2143 1472 2173 aura,
1498 2143 1537 2164 ac
1558 2134 1615 2164 illa
1637 2143 1739 2174 quam

1035 2185 1158 2225 puellae
1173 2184 1326 2215 excitant
1341 2188 1431 2214 mota
1446 2188 1539 2214 veste
1551 2193 1739 2223 purpurea,

1034 2236 1087 2266 vel
1100 2234 1246 2265 flabello.

1078 2288 1120 2316 16
1144 2286 1212 2316 Nec
1236 2284 1319 2324 sela]
1350 2284 1489 2315 Lineam
1518 2284 1736 2324 piscatoriam

1034 2335 1277 2376 interpretare.

1080 2389 1121 2417 18
1144 2387 1309 2427 Spectatus
1333 2385 1409 2425 alce]
1433 2385 1509 2417 Hoc
1534 2391 1586 2417 est
1615 2386 1647 2417 in
1665 2397 1740 2427 pro-

1040 2436 1158 2476 fundo,
1171 2438 1250 2477 quia
1262 2446 1349 2477 aqua
1359 2436 1460 2466 maris
1475 2436 1543 2467 illic
1554 2437 1738 2476 pellucida.

1085 2491 1124 2519 19
1147 2489 1184 2519 Si
1209 2489 1329 2528 quando
1354 2486 1488 2527 Nereus]
1513 2488 1610 2518 Deus
1629 2488 1743 2527 maris,

1041 2537 1275 2579 Nympharum
1301 2543 1410 2577 pater,
1435 2543 1471 2568 et
1489 2546 1550 2577 pro
1567 2536 1641 2576 ipso
1657 2537 1740 2567 mari

1040 2589 1197 2620 sumitur.
1242 2589 1356 2619 AEolns
1375 2598 1435 2618 rex
1451 2592 1629 2618 ventorum
1645 2597 1653 2617 z
1679 2587 1740 2618 hoc

1038 2644 1104 2679 est,
1127 2640 1153 2670 si
1170 2649 1262 2670 mare
1280 2638 1542 2680 tempestatibus
1563 2637 1739 2669 horrescit.

1081 2694 1123 2721 20
1150 2691 1242 2721 Ridet
1266 2689 1431 2730 procellas]
1460 2689 1549 2722 Quia
1564 2689 1595 2719 in
1608 2688 1739 2729 piscina

1039 2747 1220 2773 servantur
1237 2742 1360 2782 pisces.
