1893 3225
252 250 336 292 878
728 259 777 289 M.
812 259 922 289 VAL.
956 260 1227 290 MAR'rlAms

253 358 393 411 Cujus
415 356 636 410 Pimplaeo
657 356 753 410 lyra
777 355 937 398 clarior
957 357 1051 397 exit
1072 357 1127 397 ab
1145 361 1269 398 antro
1286 359 1304 397 ’ἰ

309 425 455 476 Quem
476 424 580 478 plus
604 423 752 464 Pierio
776 425 828 465 de
850 438 978 478 grege
999 425 1204 465 Phoebus
1228 427 1376 466 amat?

252 494 309 535 Et
330 494 367 534 si
387 493 515 543 forie,
537 493 611 533 sed
633 492 718 533 hoc
740 493 817 533 vix
839 498 904 532 est
926 506 1118 546 sperare,
1142 494 1334 543 vacabit,

305 561 475 602 Tradat
491 566 538 602 ut
560 561 656 614 ipse
679 561 781 602 duci
803 562 997 601 carmina
1018 566 1187 612 nostra,
1210 575 1343 615 roga3

250 630 457 680 Quatuor
478 633 520 670 et
541 633 709 670 tantum
731 629 1020 683 timidumque
1041 631 1304 683 brevemque
1325 631 1524 672 libellum

305 697 596 739 Commendet
616 697 760 738 verbis
779 711 788 738 ε
820 697 955 738 Hunc
977 701 1055 738 tua
1072 697 1219 738 Roma
1239 697 1359 750 legit.

1678 497 1705 536 2'!

246 818 373 852 Aonio?
393 819 481 857 cujus
505 819 573 860 lyra
596 818 728 849 nobilior
743 819 809 850 exit
837 819 874 849 ab
897 823 988 850 antro
1015 819 1182 859 Pimplaeo,
1204 819 1272 859 quis
1292 821 1329 850 (Ie
1353 829 1451 859 greg-e
1477 820 1586 851 Pierio
1606 822 1706 861 magis

245 864 393 903 dilig-itur
409 873 427 893 (ι
452 860 593 893 Phoebo'!
617 866 658 900 et,
684 863 710 892 si
719 862 808 900 sorte
816 861 1001 902 feriabitur,
1024 864 1076 892 sed
1092 864 1147 893 vix
1163 863 1217 893 hoc
1229 865 1412 902 sperandum
1433 866 1491 900 est,
1515 873 1568 894 ora
1583 869 1616 894 ut
1638 865 1704 905 ipse

245 906 359 947 offerat
374 915 478 936 versus
493 909 614 935 nostros
633 905 830 945 Imperatori,
847 908 877 935 et
893 907 1082 936 commendet
1098 905 1309 936 meticulosum
1324 909 1354 937 et
1369 907 1488 937 brevem
1506 906 1618 938 librum
1631 918 1706 948 qua-

245 954 316 980 tuor
332 953 451 980 tuntum
463 949 585 979 verbis:
612 948 678 978 Tua
694 948 794 979 Roma
811 948 888 988 legit
904 948 994 979 huno.

900 1035 1044 1068 NOTAE

285 1104 304 1131 4
331 1100 440 1131 Pierio
455 1101 492 1130 de
512 1100 625 1141 grege]
648 1100 727 1132 Hoc
752 1104 816 1140 est,
831 1110 849 1131 e
867 1099 945 1141 po'e-
1001 1101 1093 1131 nium
1111 1099 1172 1131 lib.
1189 1110 1221 1130 v.
1239 1100 1341 1141 Epig.
1357 1103 1388 1132 6.

242 1151 359 1189 tis‚lil›.
379 1160 404 1188 1,
423 1151 523 1190 Epig.
540 1154 594 1182 77.
1046 1151 1147 1191 Daci]
1173 1151 1311 1191 Nervae,
1327 1156 1385 1182 aut
1408 1150 1523 1192 potius
1544 1152 1705 1193 Trajano,

282 1205 302 1232 6
331 1202 449 1233 Tradat
464 1201 514 1242 ut]
538 1202 634 1233 Idem
652 1202 785 1241 rogavit
802 1201 945 1233 Parthe-
1003 1206 1040 1233 ut
1054 1202 1184 1243 opinor.
1208 1202 1296 1233 Vide
1312 1202 1370 1234 lib.
1388 1211 1428 1233 11.
1446 1202 1546 1244 Epig.
1565 1207 1594 1234 l.

911 1373 1030 1414 XII.

769 1463 818 1492 lN
855 1463 1183 1493 PosTHUMUM.

353 1531 528 1572 OMNIA
550 1531 784 1586 promittis,
808 1543 909 1571 cum
931 1533 1025 1570 tota
1043 1533 1174 1570 nocte
1194 1530 1347 1570 bibisti
1366 1544 1376 1571 ε

409 1599 546 1641 Mane
568 1601 672 1640 nihil
694 1604 898 1653 praestas.
959 1597 1224 1647 Posthume,
1245 1611 1372 1639 mane
1393 1598 1508 1640 bibe.

280 1718 445 1750 Polliceris
460 1720 586 1757 cuncta,
600 1726 666 1747 cum
677 1715 797 1756 potasti
811 1718 877 1746 tota
890 1717 998 1745 nocte.-
1023 1724 1111 1744 mmze
1125 1714 1206 1745 nihil
1217 1717 1351 1754 proestas
1361 1724 1371 1744 :
1396 1724 1415 1745 o
1439 1714 1617 1753 Pusffiume,
1626 1716 1700 1754 pota

235 1772 335 1792 mane.

844 1820 1082 1832 eeeeeeeeeeee

273 1891 325 1921 Aa
341 1890 516 1921 Pollionem
531 1888 730 1920 inscribitur
741 1888 774 1918 in
792 1887 868 1919 cod.
883 1887 1079 1918 'rimam—2
1110 1885 1210 1917 Pollio
1237 1885 1446 1916 Beverlandi
1462 1885 1529 1915 Ms.

886 1994 1029 2027 NOTAE

277 2066 297 2094 2
320 2063 417 2095 BIane
441 2062 523 2104 bibe]
548 2063 597 2094 Ut
624 2063 815 2103 promittas,
835 2066 937 2103 atque
994 2060 1064 2091 enti
1081 2060 1169 2091 enim
1199 2059 1260 2091 tibi
1283 2059 1447 2101 promissa
1468 2057 1631 2090 excidunt
1652 2067 1694 2089 ex

233 2115 353 2146 eodem
377 2114 433 2147 die
455 2124 585 2146 memor
612 2118 779 2155 praestes;
813 2113 937 2145 dormi-
993 2112 1167 2143 memoria.

886 2278 1034 2320 XIII.

794 2370 861 2398 AD
895 2368 1062 2398 AUCTU
1073 2368 1120 2396 M.

345 2436 540 2486 GENUS,
563 2434 722 2486 Auete,
744 2436 857 2478 lucri
877 2436 1039 2476 divites
1059 2435 1219 2475 habent
1239 2434 1362 2482 iram,

344 2505 523 2554 Odisse,
544 2517 676 2557 quam
699 2504 877 2554 donare,
899 2503 1036 2544 vilius
1057 2506 1245 2543 constat.

273 2627 304 2659 Ο
324 2627 438 2668 Aucte,
459 2625 619 2667 locupletes
638 2625 815 2666 percipiunt
837 2634 938 2665 genus
953 2624 1031 2655 lucri
1047 2634 1086 2655 ex
1100 2623 1161 2656 ira.
1213 2623 1314 2654 Vilius
1328 2626 1447 2654 constat
1464 2623 1574 2663 odisse,
1598 2633 1688 2664 quam

229 2672 355 2703 donare.

882 2710 1024 2743 NOTAE

273 2782 287 2808 l
317 2779 423 2810 Genus
436 2777 530 2818 lucri]
555 2777 721 2808 Nimirum
733 2777 856 2807 divites
870 2775 931 2806 fin·
985 2785 1040 2808 nr.
1059 2775 1155 2816 Epig.
1171 2777 1222 2806 37.

229 2830 353 2869 gebant
373 2832 467 2869 iram,
486 2840 525 2860 ne
543 2830 665 2870 aliquid
679 2829 855 2864 donarent,
873 2829 931 2859 lib.
