1960 3230
556 239 965 270 EPIGRAMMATUM
1002 240 1099 270 Lm.
1134 240 1219 270 v11.
1528 231 1612 273 519

160 336 376 386 Plurima,
398 349 498 389 quae
522 338 677 389 posset
697 334 870 374 subitos
890 333 1107 374 effundere
1128 334 1319 384 nimbos,

217 404 479 445 Muneribus
500 404 621 444 venit
642 402 792 454 tegula
814 402 952 442 missa
967 402 1068 442 tuis.

159 471 398 522 Horridus,
417 463 534 519 ecce,
554 476 687 511 sonat
708 470 865 512 Boreae
886 469 1072 510 stridore
1096 470 1344 511 December
1361 483 1370 511 ε
1594 473 1622 513 5

215 539 370 590 Stella,
392 540 503 592 tegis
525 539 694 589 villam,
715 552 804 579 non
824 539 936 592 tegis
958 538 1210 591 agricolam.

154 672 243 712 aquis
257 671 457 712 hyemalibtm,
472 674 523 702 tuo
538 672 615 702 dono
631 672 735 702 multoe
752 670 865 709 teguloe
881 672 922 701 ad
942 680 989 701 me
1008 669 1114 701 allatae
1133 672 1215 709 sunt,
1239 679 1306 710 quae
1327 673 1449 709 possent
1480 670 1621 702 emittere

152 715 283 790 gneius.
301 715 539 789 IfjnlDecember
555 715 682 745 horrens
696 715 812 754 fremit
823 713 959 754 strepitu
972 714 1153 754 Aquilonis:
1175 722 1195 744 o
1211 711 1325 753 Stella,
1335 712 1418 753 tegis
1429 712 1546 754 villam,
1561 724 1620 744 ηοη

185 768 237 798 gzs
249 768 354 798 agrzco
368 768 428 789 am.

768 809 808 820 Ν
811 809 1011 820 mon-ee

197 869 217 897 2
241 865 359 897 Codex
376 865 594 896 Florentinus
609 875 617 896 z
648 866 733 896 nulla
750 869 874 896 nataret
888 865 1052 905 aquis.—3
1075 863 1143 895 Alii
1161 864 1292 903 legunt,
1314 862 1478 901 defendere
1492 863 1623 894 nimbos'

154 910 177 941 i.
194 919 224 940 e.
240 918 370 940 arcere.
415 908 503 939 Vide
516 909 597 940 Jan.
615 908 788 940 Guilielm.
802 909 988 940 Verisimil.
1011 908 1070 939 lib.
1084 917 1141 938 111.
1155 909 1295 947 cap.25.
1319 908 1328 923 ⁶
1341 906 1408 938 Qui
1424 906 1478 937 hic
1489 908 1622 938 mavult

154 954 270 992 legere
286 952 460 989 cusmidem,
485 953 744 992 interrogandus
772 956 859 991 erat,
888 952 1019 982 talesne
1050 955 1149 991 putet
1179 949 1283 981 fuisse
1304 948 1429 980 formas
1440 948 1621 980 imbricum

155 995 389 1033 tegularnmve
406 1001 572 1034 veterum,
588 1000 691 1035 atque
720 995 837 1025 sarculi
853 995 960 1025 nostri
974 995 995 1025 θ’
1021 994 1189 1025 Gruterus,
1235 994 1244 1010 ‘
1258 992 1430 1033 Cogitavi,
1445 1001 1508 1033 pro
1521 991 1621 1033 effun-

153 1040 237 1077 dere,
273 1037 462 1078 dzffimdere,
498 1038 527 1070 h.
568 1047 596 1069 e.
631 1044 790 1078 receptos
825 1038 1059 1078 collectosque
1102 1037 1226 1067 imbres
1255 1035 1291 1066 in
1327 1039 1442 1075 partes
1464 1034 1619 1066 diversas

153 1080 312 1120 fundere,
345 1082 435 1121 quod
463 1082 574 1112 solent
605 1082 744 1121 tegula),
774 1087 878 1121 atque
910 1081 995 1111 adeo
1027 1078 1203 1110 minuere?
1226 1078 1305 1110 Ant.
1321 1079 1358 1110 de
1388 1078 1487 1119 Rooy.
1532 1078 1621 1109 Vide

154 1125 272 1155 Burm.
296 1123 337 1154 ad
363 1123 471 1155 Ovid.
484 1123 631 1156 Hei-oid.
655 1125 766 1165 Epist.
783 1133 864 1155 v111.
881 1126 933 1155 61.
980 1125 989 1141 ⁴
1002 1123 1102 1154 Flere
1121 1123 1204 1154 licet
1227 1125 1340 1154 certez
1365 1120 1481 1153 fiendo
1499 1119 1619 1152 diffun-

153 1167 264 1198 dimus
279 1166 391 1199 iran1.’

716 1300 996 1343 XXXVII.

488 1403 556 1433 AD
590 1401 898 1440 GAs'rmcUM,
932 1401 998 1430 DE
1030 1401 1217 1430 THETA.

157 1479 312 1521 NOSTI
335 1482 608 1523 mortiferum
629 1482 880 1536 quaestoris,
902 1481 1115 1530 Casu-ico,
1136 1480 1342 1533 signum?

212 1548 294 1589 Est
314 1562 463 1603 operae
484 1551 673 1603 pretium
695 1550 868 1591 discere
892 1551 1016 1591 theta
1036 1561 1216 1590 novum.

155 1614 433 1670 Exprimeret
453 1618 628 1670 quoties
648 1622 867 1658 rorantem
889 1617 1048 1669 frigore
1069 1629 1244 1665 nasum,

211 1683 412 1725 Letalem
426 1684 568 1738 juguli
582 1684 779 1738 jusserat
801 1697 901 1725 esse
920 1688 1090 1724 notam.

195 1814 227 1846 Ο
247 1814 402 1854 castrice,
417 1825 457 1845 an
471 1814 529 1845 tibi
541 1818 697 1855 comperta
709 1819 753 1846 est
765 1817 865 1847 letalis
881 1820 953 1847 nota
963 1814 1151 1858 quoestorz‘s?
1175 1817 1302 1856 expedit
1313 1816 1432 1852 discere
1445 1815 1531 1846 theta
1546 1816 1615 1846 inu-

151 1857 291 1890 sitatum.
339 1858 469 1893 Quoties
478 1862 656 1898 emungeret
668 1869 775 1890 nasum
790 1860 961 1891 stillantem
969 1859 1108 1900 frigore,
1119 1860 1327 1900 imperaverat
1341 1869 1406 1891 esse
1421 1858 1615 1897 mortiferum

763 1955 999 1967 meme

196 2026 213 2054 1
238 2024 332 2055 Nosti
345 2024 540 2061 mortiferum
555 2024 717 2056 exhibent
730 2025 830 2057 codd.
845 2029 880 2057 et
892 2025 970 2056 edd.
982 2029 1069 2057 vett.
1105 2025 1202 2056 Nosti
1221 2024 1401 2063 morfferum
1413 2024 1470 2056 ed.
1492 2024 1613 2065 Langii

153 2077 206 2099 an.
227 2070 321 2098 1617.
336 2072 371 2098 et
388 2068 419 2098 in
435 2069 587 2108 margine
605 2068 799 2106 mortiferum
823 2078 885 2108 pro
908 2079 939 2099 v.
957 2070 979 2100 l.
1000 2079 1042 2099 ex
1063 2068 1116 2099 ed.
1129 2068 1321 2099 Pnlmanni.
1368 2067 1612 2105 Nostrilegunt

147 2111 214 2141 alii.
233 2110 319 2141 Vide
333 2111 412 2142 Var.
426 2112 610 2142 Notas.—4
623 2111 704 2142 Ant.
717 2112 757 2142 de
768 2109 1321 2153 Rooyscribitjugulo,dandi10asu.
1336 2109 1543 2152 ‘,Genitivo‚'
1555 2111 1614 2148 ait,

151 2153 160 2169 ‘
176 2153 262 2184 forte
276 2154 488 2187 occasionem
505 2154 647 2185 dederat
663 2155 797 2186 initialis
814 2155 913 2185 litera
930 2156 1021 2186 vocis
1035 2155 1219 2196 sequentis,
1232 2164 1307 2195 quae
1324 2163 1378 2184 res
1394 2153 1517 2193 saepius
1534 2162 1613 2194 pro-

150 2197 351 2237 perantibus
369 2197 511 2228 librariis
527 2197 702 2238 imposuit.
749 2198 942 2237 ‘Jugulum’
969 2208 1030 2238 pro
1054 2197 1299 2238 ‘jugulatione‘
1320 2198 1403 2237 (quo
1419 2206 1516 2227 sensu
1541 2196 1573 2227 h.
1590 2196 1612 2226 l.

151 2240 351 2279 capiendum
365 2238 456 2271 foret
472 2241 500 2270 si
523 2240 703 2271 Genitivns
728 2242 952 2281 retineretur)
974 2240 1138 2282 sequioris
1168 2241 1232 2271 aevi
1261 2239 1487 2280 scriptoribus
1516 2248 1612 2269 usur-

149 2287 267 2324 patum
283 2294 291 2314 z
321 2282 399 2314 vide
422 2283 597 2324 Wopkens
613 2284 647 2314 in
664 2283 780 2314 Sednl.
802 2284 904 2315 Obss.
922 2283 1024 2316 Misc.
1037 2284 1127 2316 Nov.
1144 2283 1242 2315 Tom.
1256 2292 1306 2315 lv.
1330 2293 1363 2323 p.
1379 2284 1452 2314 271.
1470 2292 1513 2313 an
1527 2281 1610 2313 item

806 2380 948 2412 NOTAE

196 2459 210 2487 l
240 2455 443 2496 Mortiferum
457 2455 633 2496 quoestoris]
653 2457 745 2496 Lege
760 2465 800 2487 11.
815 2454 851 2488 ff.
908 2455 1037 2488 sulibus
1054 2455 1113 2496 jus
1140 2454 1268 2495 dicere,
1295 2457 1480 2496 propterea
1503 2463 1611 2495 qnaes-

153 2506 196 2538 de
208 2507 435 2547 originejuris
447 2506 594 2537 officium
612 2507 792 2548 quaestoris
805 2508 853 2539 sic
907 2511 1000 2538 tores
1025 2506 1323 2538 constituebantur
1344 2515 1365 2537 a
1394 2506 1534 2546 populo,
1552 2506 1610 2546 qui

153 2556 328 2588 definitur.
362 2557 572 2588 ‘Constituti
602 2562 680 2588 sunt
708 2562 853 2598 quaesto-
909 2558 1111 2598 capitalibus
1127 2557 1227 2588 rebus
1244 2560 1442 2597 praeessent.
1479 2555 1526 2586 Hi
1553 2566 1610 2596 ap-

154 2617 222 2647 res,
239 2607 296 2648 qui
318 2607 472 2648 pecuniae
497 2612 696 2648 praeessent,
718 2612 754 2639 et
769 2607 854 2639 dicti
909 2608 1129 2648 pellabantur
1169 2611 1358 2648 quaestores
1396 2605 1572 2646 parricidii
1587 2606 1614 2637 :'

153 2661 233 2689 sunt
250 2657 294 2688 ab
313 2667 367 2697 eo,
382 2657 468 2698 quod
487 2658 697 2698 inquirendae
714 2663 749 2689 et
776 2668 855 2689 con-
909 2658 953 2689 de
977 2658 1098 2699 quibus
1126 2657 1198 2698 agit
1229 2656 1342 2697 poeta.
1390 2656 1499 2687 Tlieta
1528 2666 1609 2687 vero

154 2707 333 2740 servandae
345 2707 499 2748 pecuniae
511 2717 614 2739 causa
625 2708 731 2739 creati
743 2713 853 2740 erant:
906 2709 1036 2750 signum
1051 2712 1126 2739 erat
1148 2707 1279 2748 mortis,
1296 2716 1373 2749 quae
1396 2716 1508 2748 graece
1522 2704 1609 2738 θάνα-

155 2765 192 2791 et
204 2759 283 2801 qnia
294 2759 337 2789 de
349 2758 463 2798 capite
478 2759 559 2790 civis
572 2759 714 2790 Romani
725 2760 855 2800 injussu
905 2772 958 2793 τος
975 2759 1114 2792 dicitur.

153 2809 271 2851 populi
285 2817 350 2840 non
370 2812 446 2840 erat
458 2809 534 2849 lege
549 2810 749 2850 permissum
764 2810 854 2842 Con-
