1893 3225
247 213 360 257 1032
726 222 774 251 M.
810 221 832 249 v
845 221 866 249 Λ
881 219 918 249 L.
954 218 1232 249 MARTIALlfl

886 411 1090 452 CXXV.

916 500 1056 529 imm.

251 573 300 612 Si
326 570 573 613 matutinos
593 571 722 612 facile
744 574 809 611 est
830 570 913 611 tibi
937 582 1143 622 rumpere
1167 581 1357 616 somnos,

314 639 474 681 Attrita
495 640 641 681 veniet
659 638 859 692 sportula
879 651 999 692 saepe
1020 642 1138 690 toga.

296 746 333 777 Si
347 749 431 787 potes
446 745 577 777 libenter
590 746 720 785 vigilare
736 756 836 785 mane,
851 755 930 785 soepe
944 744 1075 785 accipies
1091 744 1261 784 sportulam
1278 747 1352 782 toga
1369 743 1499 774 attrita.

866 827 1107 841 metuente

301 890 320 917 2
341 886 369 918 Α
386 887 466 917 trita
482 885 621 917 Salmas.
646 885 716 917 Pro
730 895 821 926 saepe,
838 886 871 916 in
883 895 993 926 marg.
1010 884 1064 916 ed,
1082 883 1200 925 Langii
1224 883 1332 914 multa.

914 980 1053 1011 NOTAE

304 1054 317 1081 l
346 1051 384 1082 Si
399 1050 584 1091 matutinos]
607 1051 684 1082 Hoc
700 1055 765 1091 est,
781 1051 807 1083 si
833 1051 959 1083 saluta·
1016 1049 1124 1091 cipies
1139 1048 1274 1092 quidem
1304 1046 1506 1088 sportulam,
1527 1044 1588 1077 sed
1608 1048 1721 1086 togam

258 1103 368 1134 tiones
382 1102 566 1134 matutinas
579 1101 685 1141 *obire
715 1102 881 1143 potueris,
908 1111 961 1133 ac·
1018 1106 1157 1132 artetes.
1201 1098 1291 1130 Vide
1305 1098 1364 1130 lib.
1382 1106 1459 1129 xiv.
1473 1096 1573 1138 Epig.
1589 1098 1644 1127 26.

877 1280 1114 1321 CXXVI.

819 1370 846 1399 E
862 1370 890 1398 N
914 1371 942 1399 n
964 1370 995 1398 R
1011 1372 1037 1398 ο
1057 1370 1086 1398 M
1108 1370 1120 1398 1
1142 1370 1179 1398 S.

266 1440 524 1480 PAUPERis
545 1442 612 1479 est
632 1450 807 1488 munus,
832 1437 910 1479 sed
934 1452 1021 1479 non
1043 1444 1113 1479 est
1134 1438 1344 1492 pauperis
1367 1450 1502 1477 usus:

323 1505 455 1547 Hanc
476 1505 558 1546 tibi
581 1518 661 1559 pro
683 1505 801 1546 laena
819 1505 1042 1547 mittimus
1064 1505 1336 1547 endromida.

308 1624 369 1696 Εἶέ
384 1624 496 1654 donum
516 1622 618 1661 egeni,
633 1622 686 1653 sed
707 1631 768 1652 mm
788 1626 831 1653 ese
850 1631 922 1653 usus
939 1623 1029 1662 egeni
1042 1634 1052 1654 .-
1075 1624 1115 1654 ad
1139 1626 1169 1653 te
1194 1622 1348 1653 mittimus
1374 1623 1452 1652 lianc
1477 1621 1657 1652 endromida
1674 1629 1732 1662 pro

269 1671 341 1706 toga
355 1676 385 1696 a.

874 1717 1111 1731 ΝΜΜΝΝοο

312 1778 331 1806 2
359 1775 478 1814 Tegula
505 1774 541 1805 in
566 1773 649 1805 edd.
674 1779 760 1806 vett.
790 1774 958 1806 Gruterus
985 1783 1026 1805 ex
1054 1775 1163 1816 Bong.
1182 1780 1217 1806 et
1241 1774 1354 1805 Palat.
1379 1774 1470 1813 Iaena,
1500 1778 1534 1804 et
1551 1772 1738 1805 subscribit

270 1818 399 1850 Arond.
432 1818 527 1849 Coena
543 1817 772 1849 cod.Beverl.

927 1871 1071 1903 NOTAE

314 1946 329 1974 l
356 1943 418 1974 Sed
438 1953 500 1974 non
521 1942 584 1983 est]
608 1941 816 1973 Endromide
837 1940 975 1972 enimin
1030 1940 1090 1972 lib.
1122 1950 1170 1972 ιν.
1197 1940 1297 1982 Epig.
1315 1943 1366 1972 19.
1426 1941 1512 1972 Erat
1543 1941 1646 1972 vestis
1671 1941 1734 1972 vil-

270 1993 456 2035 gymnasiis
486 1993 674 2026 utebantur
701 1992 838 2025 divites.
885 1993 975 2025 Vide
1028 1994 1111 2025 losa.

875 2155 1138 2198 CXXVII.

764 2247 1030 2277 CANUSINAE
1065 2247 1246 2277 FuscAE.

276 2314 399 2356 HAEc
421 2314 502 2355 tibi
523 2315 702 2355 turbato
726 2313 954 2356 Canusina
976 2316 1200 2356 simillima
1219 2316 1362 2357 mulso

335 2381 502 2424 Munus
522 2383 627 2424 erit:
659 2382 826 2436 gaude:
859 2396 946 2424 non
969 2384 1060 2424 cito
1082 2383 1156 2425 fiet
1178 2397 1305 2425 anus.

321 2499 402 2530 Haec
418 2499 578 2530 Canusina
590 2498 750 2529 simillima
767 2498 863 2529 mulso
874 2497 999 2529 turbido
1012 2498 1123 2529 donum
1136 2498 1196 2530 tibi
1210 2498 1352 2530 dabitur.-
1377 2498 1496 2539 loetare‚
1511 2498 1565 2530 diu
1579 2497 1715 2529 durabit.

937 2582 967 2613 N
973 2581 1079 2613 OTAE

324 2648 506 2689 Canusinae]
531 2649 634 2680 Lanae
653 2647 754 2679 mulsi
773 2646 903 2679 turbidi
927 2657 981 2678 co·
1081 2650 1099 2678 2
1125 2647 1198 2678 Non
1210 2647 1271 2679 cito
1287 2648 1350 2689 fiet
1374 2647 1466 2688 anus]
1488 2645 1565 2677 Hoc
1583 2648 1648 2684 est,
1663 2653 1737 2675 ves-

279 2701 385 2731 lorem
414 2699 623 2731 referebant.
683 2698 867 2730 Canusium
898 2708 981 2731 vero
1038 2698 1080 2729 tis
1092 2708 1134 2729 ex
1157 2698 1219 2730 hac
1235 2699 1311 2729 lana
1328 2696 1490 2731 confecta
1516 2705 1582 2727 non
1598 2695 1666 2726 cito
1684 2695 1738 2726 de-

282 2754 469 2794 Apulorum
493 2752 707 2785 Dauniorum
729 2751 905 2794 oppidum,
925 2752 982 2783 ho.
1037 2753 1181 2780 teretur.

281 2805 336 2835 die
352 2805 480 2845 canole,
496 2804 585 2836 unde
601 2804 688 2835 lanae
700 2803 890 2835 Canusinae.
