1893 3225
242 215 329 255 974
720 224 770 253 M.
807 224 918 253 vm„
953 223 1226 254 MAR‘rlAms

948 385 1001 426 C.

864 474 1086 505 oNAGER.

247 544 493 585 PULCHER
515 541 643 584 adest
660 555 853 595 onager:
883 542 1002 583 mitti
1023 541 1202 584 venatio
1224 542 1355 584 debet

306 611 463 653 Dentis
484 610 722 666 Erythraei:
745 610 842 665 jam
864 615 1084 652 removete
1109 612 1245 652 sinus.

295 720 457 750 Formosus
481 729 596 759 onager
621 719 728 750 adest:
750 718 951 759 relinquenda
973 720 1017 749 est
1041 718 1164 749 venatio
1188 716 1342 758 elephanti
1359 716 1522 758 Erythroei
1536 727 1548 753 ‚·
1561 717 1631 756 jam
1653 726 1705 747 au-

244 762 330 800 ferte
342 763 435 794 retia.

861 812 1096 825 000000000000

292 852 313 880 2
330 848 410 880 Vid.
428 847 510 879 Not.
524 846 585 879 inf.

909 888 1051 921 NOTAE

296 960 313 987 1
340 956 482 996 Onager]
510 955 562 986 De
580 965 647 997 quo
663 965 767 996 snpra
782 955 884 995 Epig.
896 957 950 986 97.
1005 955 1219 996 phantorum,
1234 954 1291 995 qui
1319 956 1398 984 sunt
1423 951 1465 983 ad
1481 961 1574 983 mare
1590 951 1711 992 Eryth-

294 1007 405 1048 Mitti]
427 1007 517 1040 Quia
535 1007 668 1038 scilicet
697 1006 870 1047 pulchrius
899 1010 952 1037 est
1006 1016 1111 1037 raeum
1124 1015 1182 1036 seu
1201 1004 1366 1036 Rubrum.
1398 1004 1536 1044 Legunt
1553 1003 1610 1034 alii
1623 1002 1707 1033 Gen-

249 1069 454 1100 onagrorum
487 1059 709 1100 pugnantium
746 1068 847 1100 quam
884 1058 953 1088 ele·
1006 1058 1048 1089 tis
1065 1057 1259 1098 Erythroeoe:
1282 1054 1372 1098 quod
1400 1055 1434 1086 in
1463 1055 1608 1086 eundem
1637 1063 1711 1085 sen-

249 1112 454 1151 phantorum
470 1110 715 1151 spectaculum.
752 1108 822 1141 Alii
838 1109 951 1140 sicin·
1007 1118 1079 1139 sum
1093 1107 1227 1139 recidit.

249 1162 410 1202 tenigunt
426 1160 657 1192 immittendos
680 1161 715 1191 iu
731 1170 868 1192 arenam
885 1160 952 1191 ele·
1051 1159 1218 1190 Reman-ete
1227 1157 1328 1198 sinus]
1352 1157 1429 1189 Hoc
1441 1162 1509 1196 est,
1523 1156 1621 1196 retia,
1639 1156 1710 1196 qui-

251 1213 396 1254 phantos
413 1221 489 1243 curn
501 1211 637 1253 onagris
653 1216 871 1252 pugnaturos.
894 1211 951 1242 Vi·
1009 1209 1071 1240 bus
1085 1219 1150 1240 non
1163 1213 1237 1240 erat
1248 1218 1332 1249 opus
1345 1208 1386 1240 ad
1403 1207 1618 1239 venationem
1633 1216 1712 1237 ona·

252 1266 333 1295 deat
348 1264 471 1295 lector.
1008 1269 1155 1300 grorum.

297 1318 316 1346 2
340 1315 455 1346 Dentis
488 1313 664 1356 Erythroei]
695 1313 771 1345 Hoc
797 1317 863 1353 est,
887 1312 954 1343 ele-

698 1508 867 1539 OLEUM
903 1506 1174 1537 VENAFRAN
1187 1506 1272 1537 UM.

260 1579 369 1620 Hoc
392 1580 471 1621 tibi
492 1579 711 1633 Campani
734 1577 912 1619 sudavit
931 1577 1072 1617 bacca
1092 1574 1275 1616 Venafri

317 1647 610 1702 Unguentum,
628 1647 800 1702 quoties
823 1646 976 1695 sumis,
998 1648 1041 1685 et
1060 1644 1181 1685 istud
1199 1644 1301 1686 olet.

306 1760 378 1792 Hoc
393 1760 453 1792 tibi
468 1770 646 1800 expressum
661 1764 707 1791 est
720 1770 760 1791 ex
775 1760 866 1791 bacca
886 1756 1020 1793 Venafri
1042 1756 1215 1798 Campani:
1237 1755 1357 1797 quoties
1370 1753 1497 1795 accipis,
1511 1757 1541 1785 et
1556 1753 1640 1785 istud
1648 1752 1718 1791 fm—

262 1808 337 1844 grat
352 1807 554 1844 unguentum.

882 1853 1099 1866 eeeeeeeeee

307 1900 384 1932 Hoc
397 1900 516 1942 Epigr.
530 1904 609 1941 post
626 1900 690 1940 Ep.
707 1902 759 1931 97.
772 1900 914 1941 ponitur
929 1899 963 1930 in
977 1898 1058 1930 edd.
1073 1901 1158 1929 vett.
1174 1900 1210 1928 et
1226 1895 1348 1937 Delph.
1364 1898 1399 1926 et
1412 1894 1513 1925 Barb.

925 1980 954 2012 N
961 1980 1065 2012 OTAE

310 2052 325 2079 l
354 2049 423 2080 Hoc
438 2047 511 2089 tibi]
534 2048 590 2079 De
605 2045 757 2079 Venafro
771 2046 967 2087 Campaniae
1022 2046 1053 2076 h.
1070 2045 1171 2076 oliva.

264 2110 359 2141 agro,
373 2100 430 2131 ubi
448 2098 738 2140 praestantissimae
760 2103 838 2129 sunt
854 2097 968 2136 olivae,
1065 2098 1084 2126 2
1108 2092 1229 2134 Samis]
1254 2092 1307 2124 Ad
1326 2090 1521 2132 ungendum
1539 2099 1673 2130 corpus.

268 2151 394 2192 egimus
410 2151 480 2191 jam
495 2149 595 2190 Epig.
611 2153 663 2182 64.
682 2149 739 2180 lib.
755 2158 806 2180 xl.
850 2149 969 2188 Bacca,

761 2355 896 2385 GARU
908 2355 938 2383 M
973 2351 1181 2383 SOUIORU
1191 2351 1239 2379 M.

271 2424 587 2466 EXPIRANTls
610 2424 756 2464 adhuc
779 2421 974 2463 scombri
992 2420 1045 2462 de
1066 2418 1280 2471 sanguine
1300 2416 1464 2472 primo,

328 2492 501 2547 Accipe
521 2493 741 2534 fastosum
763 2502 944 2532 munera
964 2501 1065 2530 cara
1086 2500 1247 2541 garum.

317 2594 434 2635 Accipe
451 2592 602 2631 soecosum
624 2601 739 2631 garum
754 2592 836 2622 dona
851 2589 988 2630 pretiosa
1017 2598 1057 2619 ex
1083 2588 1185 2628 primo
1206 2586 1356 2626 sanguine
1377 2582 1509 2615 scombri
1533 2581 1720 2622 palpitantis

277 2638 388 2669 adhuc.

892 2683 1111 2697 ‘⁴0wa

319 2735 362 2767 G.
377 2733 581 2766 scombrorum
602 2731 657 2763 ed.
675 2731 755 2763 Par.
768 2733 862 2762 1617.
890 2734 926 2760 et
949 2727 1094 2760 Farnab.
1111 2732 1146 2758 et
1163 2725 1268 2758 Barb.
1294 2724 1523 2757 consulantur
1540 2722 1624 2753 Not.
1642 2722 1726 2752 Var.

274 2779 402 2810 Nostra
429 2778 509 2808 lect.
532 2780 584 2808 est
609 2775 643 2806 in
670 2775 738 2806 Ms.
761 2773 962 2805 Bever1.-1
981 2772 1086 2803 Prono
1102 2771 1168 2801 Ms.
1191 2770 1390 2800 Beverl.-—2
1412 2767 1467 2798 Sic
1483 2764 1583 2797 codd.
1599 2764 1727 2795 Thoan.

275 2820 542 2896 Ξῖάἷῗὲὸξῐέξῗ.
565 2820 598 2850 in
622 2828 728 2859 marg.
746 2817 799 2849 ed.
816 2817 897 2848 Par.
913 2818 1009 2847 1617.
1056 2815 1212 2846 Foecosum
1232 2812 1309 2843 Ald.
1334 2812 1431 2844 Junt.
1456 2809 1564 2840 Colin·
1585 2807 1729 2838 Farnab.
