1893 3225
478 305 881 339 1¹‹2v1GRAMMA'rUM
920 306 1013 335 miz.
1049 305 1155 334 vm.
1458 293 1542 334 585

710 494 911 536 XXIII.

625 594 690 623 AD
725 594 998 624 RUSTmUM.

85 675 207 716 Essss
229 675 307 716 tibi
330 674 482 716 videor
503 686 665 722 saeVUS,
687 673 958 726 nimiumque
979 673 1178 726 gulosus,

144 743 235 794 Qui
257 748 430 796 propter
452 754 642 790 coenam,
665 740 865 789 Rustice,
888 739 1012 781 oaedo
1036 740 1225 781 cocum?

85 811 133 852 Si
153 811 265 851 levis
288 811 369 851 ista
388 810 466 850 tibi
488 809 718 861 flagrorum
741 821 880 848 causa
902 807 1087 858 videtur,

141 878 212 920 Ex
233 891 320 932 qua
341 878 410 917 vis
433 890 567 918 causa
588 876 772 931 vapulet
793 889 893 929 ergo
915 877 1083 917 cocus?

127 997 158 1028 0
176 997 315 1034 Rustico,
329 1006 369 1026 an
384 996 511 1027 nimium
521 997 653 1027 crudelis
667 999 758 1036 atque
773 996 873 1027 helluo
889 995 994 1027 videor
1006 995 1079 1035 tibi,
1094 995 1146 1035 qui
1161 994 1285 1026 verbero
1298 1004 1399 1025 cocum
1413 998 1539 1035 propter

83 1039 220 1072 coenam?
264 1039 412 1069 &censes
427 1039 520 1070 istam
534 1049 657 1070 causam
677 1039 853 1080 flagrorum
871 1048 944 1070 esse
971 1040 1078 1076 levem,
1100 1049 1160 1079 qua
1181 1038 1282 1078 igitur
1308 1039 1344 1068 de
1365 1048 1456 1069 causa
1472 1039 1540 1078 pla-

84 1087 132 1115 cet
146 1088 182 1114 ut
195 1092 280 1114 cocus
295 1081 500 1114 verberetur?

691 1134 927 1145 eeeeeeeeeeee

125 1189 166 1221 In
182 1190 246 1221 hoc
261 1189 514 1230 Epigrammate
529 1188 722 1220 exhibendo
739 1188 831 1219 nullo
846 1189 945 1220 modo
958 1187 1092 1219 variant
1107 1188 1327 1229 exemplaria.

740 1274 879 1306 NOTAE

124 1343 143 1371 4
172 1341 222 1371 Ex
236 1351 295 1381 qua
309 1341 369 1381 vis]
389 1340 464 1372 Nisi
479 1340 538 1372 det
554 1349 669 1381 poenas
685 1340 786 1381 illius,
810 1340 899 1382 quod
916 1340 1059 1382 deliquit
1077 1339 1110 1369 in
1128 1349 1189 1370 sua
1206 1342 1291 1370 arte.

720 1528 914 1571 XXIV.

452 1627 518 1657 AD
552 1627 791 1657 CAESAREM
829 1626 1172 1656 DoMJTJANUM.

87 1691 136 1732 S1
161 1693 266 1745 quid
287 1693 401 1734 forte
424 1697 569 1747 petam
591 1694 746 1734 timido
768 1693 1009 1746 gracilique
1029 1692 1198 1741 libello,

144 1759 354 1813 Improba
375 1774 463 1801 non
484 1759 614 1801 fuerit
636 1761 674 1801 si
696 1773 796 1801 mea
813 1760 983 1809 charta,
1002 1759 1121 1800 dato.

85 1826 141 1867 Et
160 1827 299 1868 sinon
319 1828 502 1878 dederis,
524 1828 692 1878 Caesar,
714 1827 919 1881 permitte
940 1826 1083 1879 rogari
1101 1840 1110 1866 ε

142 1893 375 1935 Offendunt
393 1908 616 1949 nunquam
640 1895 768 1945 thura
788 1899 1033 1948 precesque
1052 1893 1229 1934 Jovem.

86 1959 174 2011 Qui
194 1962 317 2015 fingit
337 1976 489 2004 sacros
510 1976 616 2004 auro
634 1964 705 2004 vel
725 1975 944 2004 marmore
965 1962 1126 2011 vultus,
1514 1961 1542 2001 5

144 2028 249 2070 Non
267 2030 376 2072 facit
395 2031 468 2071 ille
492 2031 639 2072 Deos:
672 2030 748 2084 qui
768 2032 905 2083 rogat,
927 2029 999 2069 ille
1019 2028 1142 2069 facit.

128 2142 165 2174 Si
172 2143 260 2182 forte
275 2152 380 2182 rogem
395 2143 511 2183 aliquid
520 2143 633 2183 pavido
649 2147 679 2174 et
689 2143 777 2175 tenui
789 2144 878 2183 libro,
894 2144 1021 2174 concede
1033 2141 1164 2182 illud,si
1178 2142 1276 2173 nimia
1289 2151 1346 2172 non
1355 2141 1459 2180 fuerit
1475 2152 1542 2173 mea

83 2187 205 2227 petitia
250 2185 288 2216 Si
303 2196 373 2216 vero
387 2196 447 2217 non
455 2188 647 2225 concesseris,
664 2197 682 2217 o
702 2187 819 2223 Coesar,
830 2188 896 2216 sine
906 2186 1013 2225 rogari
1025 2190 1058 2216 te
1071 2196 1078 2216 ε
1093 2186 1247 2226 sacr-{ficia
1263 2188 1293 2215 et
1304 2188 1376 2215 vota
1387 2195 1541 2225 nunquam

84 2229 233 2269 injuriam
240 2228 462 2265 fuciuntJovi.
510 2230 573 2264 Qui
581 2228 702 2267 format
718 2239 820 2260 sacros
832 2230 932 2260 rullus
947 2238 1021 2259 auro
1033 2230 1080 2259 vel
1097 2238 1258 2266 marmore,
1271 2228 1324 2259 ille
1347 2237 1407 2258 non
1428 2228 1541 2259 consti-

86 2272 148 2303 tuit
163 2273 305 2303 numina.-
327 2272 381 2304 ille
393 2276 507 2303 autem
522 2273 695 2313 constituit,
716 2273 769 2313 qui
782 2275 888 2311 rog-at.

686 2358 905 2370 “eederet“
912 2358 927 2368 e

131 2410 252 2451 Neque
279 2411 310 2442 in
326 2412 390 2443 hoc
415 2412 598 2454 quicquam
624 2412 756 2444 variant
783 2415 844 2443 aut
868 2411 947 2443 libri
973 2412 1104 2443 calamo
1125 2410 1256 2442 exarati
1280 2413 1339 2441 aut
1366 2409 1458 2451 typis
1481 2410 1540 2441 im-

88 2453 206 2493 pressi.

748 2497 889 2529 NOTAE

131 2563 151 2590 2
176 2560 317 2599 Improba
331 2561 453 2602 charta]
477 2563 554 2595 Qua
568 2561 702 2593 scilicet
719 2572 738 2592 a
753 2566 787 2592 te
842 2566 971 2593 statuas
987 2560 1124 2599 format,
1144 2560 1200 2591 ille
1226 2570 1292 2590 non
1321 2558 1405 2591 facit
1434 2560 1542 2602 Deos,

89 2616 171 2653 peto
185 2611 331 2651 aliquid:
354 2613 505 2653 improba
516 2618 626 2645 autem
642 2613 789 2644 hocloco
840 2612 900 2643 sed
914 2613 970 2653 qui
992 2612 1068 2643 illos
1084 2611 1214 2642 adorat.
1259 2610 1312 2641 Sic
1336 2619 1411 2650 ego,
1430 2610 1540 2651 inquit

91 2666 142 2693 est
158 2660 397 2701 insaturabilis,
415 2662 522 2703 inquit
538 2662 723 2693 Domitius.
842 2662 966 2702 Poeta,
982 2662 1060 2692 dum
1076 2665 1111 2692 te
1128 2671 1220 2701 rogo,
1241 2670 1260 2691 o
1285 2660 1491 2701 Domitiam,
1505 2667 1539 2693 te

135 2713 155 2740 G
181 2710 244 2745 Qvi
258 2711 365 2751 rogat]
409 2712 474 2744 Qui
499 2722 616 2746 aureas
639 2713 788 2745 Deorum
842 2714 956 2745 Deum
973 2722 1044 2744 esse
1068 2711 1274 2743 demonstro.
