1893 3225
575 249 976 280 EPIGRAMMATUM
1014 249 1105 279 1113.
1139 249 1188 280 X.
1522 239 1607 278 759

778 357 969 399 XLIX.

687 447 749 476 {N
797 447 953 476 coT'r
971 449 1000 477 A
1019 447 1066 476 M.

265 515 377 556 CUM
401 519 528 569 potes
550 513 868 567 amethystinos
896 514 1087 565 trientes,

266 583 324 623 Et
344 584 468 635 nigro
489 581 674 623 madeas
697 580 935 635 Opimiano
953 596 963 623 ε

263 649 480 703 Propinas
501 649 635 690 modo
656 648 882 690 conditum
907 649 1133 699 Sabinum,

264 718 319 757 Et
339 717 452 758 dicis
470 717 590 766 mihi,
613 716 760 766 Cotta,
777 716 864 757 Vis
884 716 930 756 in
951 729 1059 758 auro
1075 717 1094 755 'P

262 783 513 837 Quisquam
533 784 742 837 plumbea
762 784 865 826 vina
885 784 982 826 vult
1002 785 1047 825 in
1067 786 1208 826 auro?
1572 784 1599 823 5

193 887 270 917 Cum
285 887 372 918 bibas
384 889 516 919 trientes
528 888 761 928 amethystinos,
774 892 866 928 atque
879 888 982 920 ebrius
993 888 1037 919 sis
1051 888 1142 928 nigro
1157 887 1334 928 Opimiano,
1348 886 1497 928 propinas
1509 886 1600 917 Sabi-

147 938 220 1002 nam
231 931 318 1002 751vo
333 931 542 996 recondqz'tum:
558 934 589 962 et
604 932 684 962 dicis
697 931 787 971 mihi,
800 932 831 961 O
848 932 953 971 Cotta,
975 932 1032 963 Vis
1043 931 1076 962 in
1088 941 1165 963 auro
1177 930 1193 963 :1
1225 931 1436 972 Quisquamne
1452 931 1515 960 vult
1527 930 1600 960 vina

145 981 167 1012 p
202 982 230 1002 m
252 982 288 1003 ea
301 982 335 1004 ιη
348 983 442 1005 aure.

755 1026 813 1038 000
817 1026 990 1039 eemnee

145 1109 167 1140 ς
189 1071 214 1140 ἲ
230 1067 449 1142 Αυιειέιὲῧιὶηο
464 1069 534 1109 legi
562 1069 634 1100 vult
656 1068 832 1100 Schrevel.
856 1072 892 1099 et
913 1069 963 1100 sic
987 1069 1073 1109 legit
1104 1067 1320 1109 ealderinus,
1345 1071 1381 1099 et
1395 1067 1538 1098 Salmas.
1557 1066 1599 1097 ad

145 1128 150 1140 ι
172 1119 190 1140 o
207 1119 251 1140 m.
268 1120 303 1151 p.
384 1134 391 1142 .

799 1152 944 1184 NOTAE

190 1217 207 1245 1
230 1215 482 1256 Amethystinos]
506 1215 584 1247 Hoc
608 1220 675 1255 est,
702 1215 847 1256 scyphos
903 1215 1103 1248 dictumlib.
1116 1225 1141 1248 1.
1155 1216 1320 1258 Epig.27.
1342 1215 1505 1247 Sabinum
1519 1224 1600 1246 vero

144 1266 344 1306 amethystis
356 1271 493 1297 ornatos
505 1278 514 1305 ;
539 1266 593 1297 vel
605 1265 694 1297 forte
706 1266 847 1306 respicit
902 1266 1015 1297 vinum
1031 1276 1151 1297 recens
1165 1267 1346 1307 pessimum
1360 1271 1446 1297 erat.

145 1315 188 1346 ad
205 1317 356 1348 colorem
369 1316 452 1348 vini.
498 1318 554 1348 De
571 1317 648 1349 vino
661 1316 847 1357 Opimiano
943 1319 962 1345 5
987 1316 1136 1347 Plumbea
1150 1316 1238 1357 vina]
1254 1316 1424 1348 vilissima
1437 1315 1602 1356 intellige.

831 1426 883 1466 L.

732 1515 796 1543 DE
828 1489 1028 1544 sconpo.

148 1582 396 1623 FRANGAT
419 1581 645 1623 Idumaeas
666 1582 800 1622 tristis
820 1581 1028 1623 Victoria
1047 1582 1240 1635 palmas:

203 1649 387 1702 Plange,
412 1649 573 1699 Favor,
595 1661 719 1690 saeva
739 1650 921 1702 pectora
939 1647 1061 1688 nuda
1080 1661 1227 1689 manu.

146 1716 292 1757 Mutet
309 1716 464 1757 Honor
483 1716 645 1765 cultus,
661 1720 705 1756 et
725 1715 893 1768 iniquis
911 1728 1090 1756 munera
1109 1715 1323 1756 flammis:

203 1782 337 1824 Mitte
360 1786 610 1833 coronatas,
633 1782 790 1824 Gloria
807 1786 982 1831 moesta,
1004 1796 1169 1824 comas.

146 1849 253 1890 Heu
274 1849 447 1891 facinus
465 1851 474 1891 !
506 1851 648 1904 prima
670 1849 912 1898 fraudatus,
933 1849 1116 1903 Scorpe,
1133 1850 1316 1904 juventa

202 1916 402 1968 Occidis,
424 1922 467 1960 et
485 1918 633 1971 nigros
656 1920 748 1958 tam
771 1916 860 1957 cito
877 1915 1024 1969 jungis
1044 1916 1198 1970 equos.

1573 1851 1600 1891 Q!

191 2026 334 2058 Victoria
348 2031 457 2058 moesta
480 2027 618 2066 frangat
639 2027 759 2067 palmas
774 2026 930 2057 Idumaeas
941 2037 951 2057 .-
975 2035 994 2057 o
1004 2026 1113 2066 favor,
1131 2029 1258 2067 percute
1270 2027 1353 2057 nuda
1366 2030 1492 2066 pectora
1508 2038 1598 2059 ηιαηιι

141 2078 234 2100 soeva.
272 2069 384 2100 Honor
399 2073 694 2101 mutet-ornamenta
706 2078 718 2106 ;
733 2072 763 2099 et
780 2073 829 2108 tu,
847 2078 866 2099 ο
879 2069 984 2107 gloria
998 2073 1117 2108 moesta,
1130 2069 1224 2107 injice
1235 2073 1395 2099 coronatas
1405 2080 1506 2100 comus
1520 2072 1600 2102 dona

145 2111 260 2153 iniquis
265 2112 418 2152 flammis.
467 2113 541 2144 Heu
562 2111 663 2151 nefas,
679 2121 698 2143 o
714 2110 840 2151 Scorpe,
853 2111 937 2151 peris
947 2112 1093 2151 privatus
1101 2112 1381 2151 primajuventule,
1393 2116 1423 2143 ct
1446 2116 1509 2143 tam
1521 2115 1599 2144 velo-

972 2185 992 2197 O

144 2236 147 2244 7
188 2236 441 2317 28Rgec303d.
460 2237 598 2269 Beverl.
615 2240 650 2268 et
675 2246 724 2268 VS.
749 2239 780 2268 3.
804 2239 857 2269 det
877 2238 1006 2279 iniquis,
1038 2241 1074 2269 et
1102 2247 1149 2268 vs.
1179 2240 1210 2268 4.
1235 2237 1341 2268 Mutet
1369 2237 1543 2277 honoratas,
1564 2241 1601 2268 et

144 2289 192 2310 VS·
229 2302 237 2310 .
293 2290 325 2310 uz
357 2290 388 2310 ul
407 2302 415 2311 ·

800 2322 944 2355 NOTAE

189 2388 206 2416 1
232 2386 378 2425 Frangat
395 2386 563 2428 Idumoeas]
586 2386 738 2418 Idumaea
752 2386 847 2426 regio
903 2396 964 2418 res.

146 2439 199 2466 est
215 2435 258 2466 ab
273 2436 416 2467 occidua
429 2442 526 2477 parte
543 2437 717 2476 Jordanis‚
741 2436 845 2468 abuu—
943 2439 963 2468 4
988 2437 1086 2467 Mz'tte
1110 2435 1286 2476 coronatas]
1318 2435 1499 2467 Suetonius
1524 2443 1601 2474 cap.

146 2487 230 2519 dans
246 2488 380 2529 palmis,
395 2499 470 2530 quae
486 2494 566 2521 sunt
580 2489 729 2530 insignia
740 2490 847 2521 victo·
902 2490 954 2519 84.
971 2487 1006 2518 in
1021 2487 1128 2526 Julio,
1145 2492 1300 2519 recenset
1316 2496 1356 2518 ea
1372 2496 1448 2527 quae
1469 2486 1501 2517 in
1514 2495 1602 2517 mor-

145 2539 228 2570 riae:
253 2548 353 2580 quam
369 2539 481 2571 Poeta
504 2539 674 2580 hortatur,
696 2539 796 2570 simul
812 2544 848 2572 et
902 2538 950 2569 tui
968 2547 1082 2578 rogum
1101 2538 1331 2578 injicerentur.

145 2588 313 2629 favorem,
325 2593 361 2620 et
375 2590 549 2629 honorem,
566 2595 600 2621 et
617 2590 772 2631 gloriam,
788 2601 848 2622 nu·
945 2591 965 2619 6
990 2589 1034 2618 Et
1058 2587 1180 2628 nigros]
1214 2588 1292 2619 Hoc
1313 2590 1377 2627 est,
1395 2585 1551 2617 Plutonis
1568 2594 1601 2616 e·

145 2638 238 2669 mina
254 2648 390 2679 semper
405 2640 532 2680 Scorpo
545 2640 708 2681 propitia,
723 2645 761 2672 ut
774 2641 847 2681 ejus
904 2648 987 2680 quos
1002 2648 1010 2668 :
1046 2642 1179 2669 veteres
1208 2637 1335 2678 quippe
1364 2635 1602 2667 existimabant

146 2692 290 2720 mortem
303 2687 465 2719 defleant·
904 2690 1021 2723 eodem
1048 2699 1186 2721 munere
1209 2693 1360 2720 mortuos
1388 2687 1485 2727 fungi
1510 2685 1599 2728 apud

191 2741 210 2769 3
236 2739 340 2770 Mutet
366 2738 476 2779 honor]
501 2738 542 2770 In
568 2739 662 2771 luctu
684 2740 786 2779 enim,
811 2744 850 2772 ut
904 2740 1136 2783 manes‚quod
1152 2739 1315 2772 obiissent
1331 2738 1495 2769 viventes.

149 2788 260 2831 hodie,
283 2792 414 2822 vestem
430 2792 563 2822 mutare
581 2789 734 2822 solebant
756 2794 851 2823 vete-
