1893 3225
597 257 969 288 meRAMMA'rUM
1009 261 1101 289 1213.
1138 261 1224 290 xii.
1534 254 1618 295 925

766 406 1012 449 LXXIX.

664 496 730 524 AD
766 496 1106 530 BITHYNICUM.

161 557 261 599 Nu.
280 560 323 600 in
342 566 386 601 te
409 561 584 615 scripsi,
608 562 843 616 Bithynice
862 577 870 605 ε
904 566 1078 608 credere
1098 581 1186 609 non
1204 569 1285 619 vis,

221 626 280 668 Et
293 628 437 681 jurare
451 629 610 683 jubes:
642 631 758 673 malo
780 633 1052 676 satisfacere.

149 787 173 825 f
199 745 229 777 O
245 745 429 787 Bithynice,
453 747 533 778 nihil
546 748 657 789 scripsi
674 749 705 779 in
723 754 772 781 te:
794 761 856 782 non
872 752 917 782 vis
927 753 1063 791 credere,
1085 756 1113 785 et
1127 753 1260 793 imperas
1267 752 1398 791 jurare.-
1422 756 1501 786 malo
1514 756 1603 786 satis-

173 798 270 819 acere.

813 837 952 869 NOTAE

196 905 216 933 2
243 901 533 944 Malosatisfacere]
558 904 634 937 Hoc
647 905 858 938 dicitPoiita
911 907 1036 939 Sensus
1068 913 1136 940 est:
1174 909 1268 941 Malo
1305 909 1456 941 scribere
1495 910 1527 941 in
1566 915 1612 951 te,

152 964 194 984 ex
220 963 311 983 more
334 951 420 984 fori:
447 955 500 985 cui
515 955 603 986 enim
615 956 856 996 jusjurandum
912 958 1135 1000 quamjurare
1151 969 1205 990 me
1221 959 1303 991 nihil
1317 960 1504 1002 scripsisse.

150 1003 319 1043 defertur,
337 1004 397 1035 nisi
414 1005 522 1045 juret,
545 1010 683 1038 tenetur
709 1009 854 1041 solvere.

764 1153 983 1196 LXXX.

665 1243 732 1272 AD
765 1243 1091 1274 ATTICILLAM.

262 1312 462 1353 DONAU
487 1312 567 1354 tibi
589 1312 742 1362 multa,
765 1325 866 1366 quae
888 1313 1080 1365 rogasti:

262 1380 440 1421 Donavi
458 1380 539 1421 tibi
554 1380 694 1434 plura,
716 1393 847 1434 quam
868 1381 1058 1432 rogasti:

260 1449 369 1489 Non
389 1461 542 1489 cessas
565 1452 709 1489 tamen
728 1460 868 1501 usque
888 1461 959 1488 me
980 1461 1144 1500 rogare.

262 1516 480 1570 Quisquis
501 1516 565 1557 nil
587 1520 731 1570 negat,
753 1514 980 1558 Atticilla:
1013 1516 1149 1558 fellat.

756 1603 933 1615 ueneno-ev
937 1603 996 1616 ‘o‘

186 1660 205 1688 4
230 1657 332 1689 Fallet
348 1657 415 1687 Ms.
432 1656 464 1686 in
481 1665 587 1696 marg.
604 1655 660 1686 ed.
675 1655 755 1686 Par.
774 1658 869 1686 1617.

799 1739 939 1771 NOTAE

184 1811 204 1838 4
229 1807 376 1847 Quisquis
398 1804 460 1844 nil]
485 1804 613 1845 Lepide
644 1804 783 1844 jocatur
809 1804 841 1833 iu
898 1808 935 1834 ut
952 1803 1040 1834 idem
1055 1804 1158 1833 etiam
1171 1802 1292 1833 fellare
1309 1804 1490 1844 significet.
1513 1806 1600 1838 Vide

142 1858 333 1890 Atticiliam
348 1865 482 1896 semper
498 1854 623 1895 aliquid
642 1858 840 1894 petentem3
897 1854 955 1885 lib.
974 1863 1023 1885 ιν.
1041 1853 1143 1895 Epig.
1163 1857 1214 1884 12.

141 1910 226 1940 adeo
242 1913 342 1949 turpe
360 1912 424 1945 est,
444 1906 568 1947 inquit,
594 1905 676 1937 nihil
701 1914 842 1946 negare,

739 2045 985 2087 LXXXI.

640 2136 701 2166 DE
734 2135 1093 2165 CALL1STRATO.

142 2205 218 2247 NE
241 2204 394 2245 laudet
415 2204 588 2257 dignos,
608 2203 760 2244 laudat
781 2202 1061 2243 Callistratus
1077 2215 1239 2243 omnes.

197 2272 282 2313 Cui
301 2272 443 2312 malus
465 2276 532 2312 est
551 2284 698 2320 nemo,
721 2270 821 2323 quis
841 2271 983 2311 bonus
1000 2283 1097 2311 esse
1116 2272 1297 2324 potest?

182 2367 383 2398 Callistratus
396 2367 586 2397 commendat
609 2375 722 2405 omnes,
745 2375 782 2396 ne
802 2366 989 2396 commendet
1014 2365 1136 2405 dignos.
1185 2366 1248 2401 Qui
1269 2367 1419 2398 neminem
1434 2368 1590 2399 existimat

143 2410 267 2450 malum,
285 2419 373 2450 quem
385 2410 543 2441 existimat
560 2407 692 2440 bonum?

797 2461 935 2493 NOTAE

179 2530 193 2557 l
222 2527 272 2557 Ne
304 2526 407 2556 laudet
441 2524 566 2565 dignos]
603 2525 746 2565 Invidia,
777 2530 834 2556 ant
888 2525 1003 2565 dandi,
1035 2529 1137 2568 atquc
1179 2537 1198 2557 a
1236 2527 1330 2558 malis
1359 2528 1587 2568 distinguendi

122 2577 249 2618 judieii
288 2576 500 2612 infirmitate,
524 2585 638 2606 omnes
674 2574 834 2606 laudabat
889 2580 976 2606 sunt.

137 2628 372 2659 Callistratus:
399 2626 476 2656 boni
502 2636 582 2656 vero
609 2630 741 2657 tantum
764 2626 831 2656 lau-
