1893 3225
522 214 928 245 13P1GRAMMA'PUM
969 217 1065 249 [ΑΒ.
1099 221 1201 250 vm.
1492 216 1577 257 609

288 307 327 347 O
349 321 478 362 quam
504 315 544 350 te
564 310 674 360 fieri,
697 310 888 361 Catulla,
910 313 1064 354 vellem

289 376 548 419 Formosam
572 379 731 427 minus,
751 383 828 420 aut
847 381 989 434 magis
1011 382 1219 435 pudicam
1237 385 1244 424 !

111 489 247 526 optarem
264 490 294 518 te
295 488 374 529 fieri
386 489 486 520 minus
498 490 672 530 pulchram,
685 494 739 522 aut
755 492 855 531 magis
871 496 997 524 castam.

721 565 902 577 enecone
907 567 923 577 e
928 566 943 577 ο
947 567 966 578 e

155 608 174 637 4
199 606 239 637 In
257 606 457 648 quibusdam
471 612 555 641 vett.
571 612 625 640 aut
640 609 740 641 minus
753 610 917 650 pudicam;
940 615 976 642 et
990 612 1038 643 sic
1054 611 1088 643 in
1104 611 1224 645 codice
1240 613 1434 648 Pulmanni.

797 747 920 788 LIV.

474 838 540 866 AD
573 836 817 867 CAESAREM
854 838 1101 870 DOMITIAN
1116 840 1206 871 ΠΜ.

112 903 301 945 MAGNA
324 904 427 946 licet
447 906 581 946 toties
604 906 788 956 tribuas,
810 905 979 960 majora
999 907 1177 948 daturus

165 973 312 1023 Dona,
335 974 500 1015 ducum
522 975 674 1024 victor,
698 975 838 1015 victor
859 979 906 1015 et
926 975 1025 1028 ipse
1049 976 1113 1016 tui
1131 989 1141 1026 3

109 1041 322 1095 Diligeris
343 1043 511 1097 populo
534 1056 621 1084 non
642 1046 819 1096 propter
838 1043 1038 1096 praemia,
1061 1042 1226 1094 Caesar,

166 1110 353 1165 Propter
375 1115 417 1152 te
439 1112 634 1166 populus
655 1112 854 1165 praemia,
879 1109 1046 1161 Caesar,
1070 1117 1204 1153 amat.

152 1211 184 1243 O
201 1213 310 1242 ducum
335 1212 444 1249 victor,
467 1214 559 1252 atque
578 1213 644 1252 ipse
664 1211 762 1242 victor
777 1210 837 1248 tui,
853 1211 993 1250 quamvis
1012 1213 1105 1242 toties
1126 1212 1277 1251 largiaris
1308 1223 1423 1254 magna
1438 1225 1575 1255 munera,

107 1255 279 1294 largiturus
291 1254 402 1285 adhuc
418 1255 535 1293 majora
546 1266 557 1292 ,·
581 1264 600 1285 ο
615 1255 735 1294 Caesar,
747 1255 863 1285 amaris
878 1263 896 1284 α
905 1254 1017 1295 populo
1027 1265 1087 1286 non
1100 1259 1228 1295 propter
1246 1266 1375 1288 munera
1384 1269 1395 1295 ‚·
1419 1268 1437 1289 ο
1457 1261 1574 1301 Coewr,

104 1300 235 1339 populus
247 1298 355 1338 diligit
368 1307 494 1329 munera
507 1301 636 1338 propter
650 1301 693 1329 te.

719 1348 960 1360 mmm

148 1398 167 1426 3
191 1395 232 1426 In
249 1394 467 1437 quibusdam:
492 1406 553 1427 non
567 1399 694 1437 propter
713 1397 916 1427 maneum—4
940 1395 986 1426 Et
1010 1398 1136 1436 propter
1156 1398 1187 1427 te
1218 1397 1346 1437 populos
1368 1397 1578 1430 Beverlandi

106 1438 174 1469 Ms.

767 1481 798 1512 N
805 1480 912 1513 OTAE

152 1550 168 1578 1
185 1547 305 1587 Magna
319 1548 406 1588 licet]
419 1547 639 1588 Congiarium
652 1548 740 1579 enim
756 1558 814 1589 po.
869 1544 1019 1576 omnium
1036 1544 1238 1577 difficillima
1249 1546 1400 1578 videtur.

108 1598 191 1638 pulo
209 1602 261 1628 ter
278 1597 424 1629 dederat
434 1598 665 1630 Domitianus.
694 1599 813 1630 Sueto-
910 1599 929 1626 4
956 1596 1091 1635 Propter
1106 1596 1151 1637 te]
1176 1597 1376 1629 Domitiano
1396 1597 1573 1630 blanditur

106 1649 227 1679 niusin
242 1648 453 1680 Domitiano.
870 1646 995 1686 Po'e'ta,
1019 1656 1117 1687 quem
1139 1648 1267 1688 populo
1295 1657 1370 1680 esse
1394 1649 1573 1690 cariorem,

153 1702 174 1730 2
203 1699 310 1730 Victor
337 1699 384 1740 et]
429 1699 507 1731 Hoc
539 1704 605 1740 est,
644 1701 700 1742 qui
730 1701 812 1732 nihil
870 1713 970 1745 quam
988 1704 1315 1746 mune1·a,affirmat.

108 1751 178 1791 agis
202 1755 330 1791 praeter
359 1750 538 1791 rationem,
563 1761 639 1793 quae
667 1753 813 1785 victoria

795 1913 892 1954 LV.

522 2002 589 2033 AD
624 2003 851 2042 EUNDEM,
885 2005 948 2034 DE
982 2004 1160 2035 LEONE.

106 2069 347 2112 AUDITUR
371 2074 580 2124 quantum
604 2070 811 2125 Massyla
831 2085 908 2125 per
929 2072 1031 2113 avia
1052 2084 1256 2122 murmur,

164 2138 400 2180 Innumero
422 2140 597 2192 quoties
619 2139 745 2194 sylva
764 2139 892 2181 leone
912 2139 1029 2189 furit,

106 2205 309 2248 Pallidus
331 2208 547 2249 attonitos
569 2208 626 2249 ad
646 2208 793 2249 Poena
812 2202 1008 2262 mapalia
1028 2213 1184 2262 pastor

164 2274 276 2316 Cum
296 2279 481 2317 revocat
501 2281 667 2327 tauros,
689 2282 733 2318 et
754 2277 847 2317 sine
868 2280 1010 2317 mente
1032 2289 1170 2330 pecus
1189 2289 1199 2327 ;

153 2387 315 2422 Quantum
327 2397 467 2418 murmur
482 2388 609 2419 auditur
623 2388 657 2418 in
681 2388 921 2420 solitudInibus
943 2388 1024 2419 aviis
1045 2386 1220 2427 Massylffl,
1235 2386 1353 2426 quoties
1367 2386 1452 2426 sylva
1457 2385 1573 2424 fremit

109 2429 279 2461 innumeris
293 2431 440 2472 leonibus,
454 2441 522 2461 cum
533 2434 644 2472 pastor
664 2432 799 2471 pallidus
822 2432 943 2462 reducit
964 2434 1069 2461 tauros
1083 2429 1283 2470 stupefactOS‚
1299 2432 1392 2469 atque
1403 2430 1573 2460 attonitum

715 2504 954 2515 -eeaeoeaeaeeneo

152 2537 237 2579 3-In
264 2538 462 2578 quibusdam
484 2539 563 2572 edd.
586 2541 628 2571 ad
649 2539 743 2580 plena
765 2539 924 2579 mapalia;
948 2543 983 2570 et
1000 2539 1049 2570 sie
1075 2538 1110 2569 in
1125 2537 1321 2578 Delph.—S
1347 2537 1407 2567 Cui
1430 2537 1572 2568 diadema

778 2620 923 2652 NOTAE

152 2685 169 2714 1
197 2683 353 2724 Massyla]
378 2683 497 2724 Libyae
521 2694 599 2725 pars
612 2688 664 2715 est
677 2684 810 2724 Massy-
870 2689 998 2716 matus.
1040 2684 1092 2715 Ad
1131 2684 1229 2714 Poena
1268 2680 1391 2723 [plena]
1424 2680 1576 2721 mapalia]

110 2734 168 2773 lia,
185 2735 218 2765 in
237 2744 304 2774 qua
320 2740 399 2765 sunt
410 2735 507 2764 multi
520 2735 648 2766 leones.
867 2735 948 2775 Axii,
967 2735 1006 2765 ad
1032 2734 1127 2765 l'oena
1144 2733 1302 2774 mapaliu;
1325 2733 1388 2763 hoc
1403 2736 1470 2769 est,
1486 2731 1575 2762 Pun-

150 2789 169 2816 3
198 2785 355 2825 Pallidus]
380 2786 531 2816 Leonum
563 2784 675 2827 rugitu
694 2787 808 2817 exani·
863 2786 924 2816 ica.

195 2839 314 2879 Delph.
330 2841 360 2870 et
382 2838 457 2871 Vm'.
474 2839 558 2869 Clas,
765 2839 912 2869 Martini.
1407 2838 1426 2865 2
1452 2835 1481 2865 Q
