1893 3225
570 186 974 219 EPIGRAMMATUM
1014 189 1105 221 [ΑΒ.
1140 190 1190 221 X.

152 280 227 320 Sic
247 279 361 321 Lare
383 284 614 334 perpetuo,
636 282 701 323 sic
723 282 850 323 turba
869 283 1059 335 sospite,
1081 282 1202 324 solus
1582 298 1610 326 ο

1526 183 1610 224 767

208 347 393 388 Flebilis
413 348 457 388 in
477 351 593 389 terra
616 348 674 390 sit
694 348 813 402 lapis
835 348 921 389 iste
942 352 1036 389 tua.

147 464 282 505 exiguis.
327 466 382 497 Sic
403 468 484 499 Lare
496 472 655 509 perpetuo,
668 468 713 500 sic
736 471 802 500 tola
809 468 939 508 familia
953 470 1053 510 salva,
1068 468 1180 500 habeas
1194 479 1288 500 unum
1309 469 1387 501 hunc
1403 470 1536 510 lapidem
1544 472 1608 511 fle·

806 553 947 585 NOTAE

148 508 239 539 bilem
252 509 287 539 in
304 512 358 540 lua
374 513 470 542 terra.

189 616 207 642 5
240 613 294 644 Sic
332 616 418 646 Lare
442 616 602 657 perpetuo]
634 617 691 649 Sic
729 617 847 658 agenti
904 622 1086 659 perpetua,
1121 618 1155 648 in
1193 627 1261 658 qua
1297 617 1455 649 nimirum
1495 619 1605 650 nullus

147 663 240 694 salva
268 665 330 696 tibi
354 666 399 697 sit
422 671 525 708 atque
548 667 726 698 incolumis
751 667 847 698 fami-

901 668 1078 699 moriatur.
1117 667 1172 698 Sic
1190 667 1290 708 Epig.
1307 669 1359 699 28.
1376 667 1434 699 lib.
1446 677 1494 700 VI.
1510 669 1519 685 ‘
1538 670 1606 701 Qui

146 713 201 745 lia.
228 716 240 756 ‘⁸
254 716 339 747 Lare
356 716 552 758 perpetuo‚’
576 717 640 749 hoe
666 722 731 759 est,
747 717 846 749 domo
901 717 962 750 fles
975 718 1069 758 talia,
1085 718 1131 749 nil
1147 716 1245 758 fleas,
1260 717 1394 748 viator.'

784 893 943 936 LXII.

589 984 655 1013 AD
690 983 988 1015 MAcxsTRUM
1024 984 1162 1015 LUDI.

260 1050 387 1091 Luni
413 1051 635 1104 magister,
657 1065 790 1105 parce
814 1052 1013 1105 simplici
1034 1052 1202 1092 turbae:

258 1117 333 1158 Sic
354 1122 395 1159 te
416 1118 662 1171 frequentes
682 1118 865 1159 audiant
887 1118 1105 1172 capillati,

258 1184 316 1225 Et
335 1184 535 1226 delicatae
558 1184 716 1237 diligat
736 1185 898 1226 chorus
918 1197 1087 1225 mensae
1106 1197 1116 1224 ε

257 1251 355 1292 Nec
379 1252 636 1301 calculator,
657 1265 740 1293 nec
759 1253 960 1294 notarius
981 1251 1117 1294 velox

259 1318 434 1372 Majore
454 1319 690 1372 quisquam
712 1320 876 1361 circulo
899 1322 1146 1361 coronetur.
1576 1319 1603 1358 5

254 1384 386 1427 Albae
403 1387 530 1427 leone
551 1385 760 1427 flammeo
782 1387 931 1427 calent
950 1387 1090 1434 luces,

252 1454 529 1507 Tostamque
552 1453 723 1494 fervens
743 1452 895 1494 Julius
919 1453 1072 1506 coquit
1092 1464 1296 1494 messem.

256 1521 430 1562 Cirrata
449 1520 559 1561 loris
581 1520 771 1561 horridis
794 1520 975 1575 Scythae
997 1519 1143 1574 pellis,

183 1629 215 1660 O
232 1629 383 1668 magister
406 1630 482 1667 ludi,
496 1630 621 1669 ignosce
642 1630 774 1670 simplici
789 1628 910 1660 turboe:
932 1629 978 1660 sic
995 1628 1180 1668 frequentes
1200 1625 1342 1666 capillati
1356 1625 1485 1656 audiant
1502 1629 1545 1666 te,
1568 1632 1599 1658 et

140 1672 250 1703 chorus
268 1672 409 1704 delicata>
424 1681 536 1703 mensoe
551 1675 635 1703 amet
649 1676 703 1703 te:
727 1682 784 1703 nec
799 1671 957 1712 quisquam
984 1672 1165 1707 calculator,
1189 1679 1245 1700 'nec
1260 1668 1401 1699 notarius
1422 1668 1511 1699 velox
1530 1670 1596 1700 cin-

137 1718 236 1753 gatur
250 1714 367 1753 majore
388 1725 510 1745 corona.
557 1715 640 1745 Dies
654 1714 750 1745 nitidi
760 1715 862 1745 calent
877 1715 962 1745 leone
976 1714 1079 1752 igneo,
1093 1716 1125 1744 et
1140 1713 1249 1742 Julius
1255 1710 1385 1748 fervens
1399 1714 1538 1744 maturat
1552 1722 1602 1742 se-

137 1759 240 1795 getem
256 1760 379 1788 tostam.
394 1758 437 1788 Et
448 1757 567 1788 scutica
582 1756 740 1797 Scythicae
750 1757 839 1797 pellis
851 1757 926 1787 loris
943 1756 1116 1795 horrendis,
1129 1765 1188 1795 qua
1203 1753 1383 1784 verberatus
1395 1757 1439 1784 est
1454 1754 1602 1795 Marsyas

746 1830 864 1842 eeeee

866 1830 984 1842 oooooo

181 1876 199 1904 3
225 1873 316 1914 Lips.
338 1883 364 1905 1.
388 1874 453 1914 Ep.
471 1877 503 1904 5.
531 1877 654 1914 quaest.
678 1872 766 1913 legit
787 1872 907 1903 Chorus
938 1872 1053 1911 BIusoe,
1082 1875 1118 1902 et
1142 1870 1287 1911 exponit
1310 1878 1436 1909 pueros
1465 1869 1599 1901 deditos

139 1916 260 1946 Musis.
305 1916 362 1946 Sic
387 1917 490 1947 etiam
514 1916 651 1956 legend⁴
675 1918 795 1946 censet
820 1914 1045 1954 Dempst.-8
1067 1913 1138 1944 Alii
1160 1913 1278 1952 legunt
1302 1912 1488 1951 Scuticaque
1514 1913 1600 1948 loris,

139 1963 175 1988 ut
191 1957 271 1989 Ald.
297 1958 394 1990 Junt.
422 1958 532 1990 Colin.
557 1957 688 1998 Langii‚
710 1956 836 1997 Delph.
864 1955 1010 1987 Farnab.
1037 1955 1198 1986 Nostram
1223 1954 1304 1986 lect.
1332 1954 1497 1985 exhibent
1522 1955 1600 1986 edd.

140 2001 320 2041 Barbouii,
333 2001 471 2032 Schrev.
488 2000 604 2031 Maitt.

795 2050 935 2083 NOTAE

179 2120 200 2148 2
225 2116 390 2157 Capillati]
414 2116 557 2147 Romani
573 2116 661 2147 enim
674 2116 772 2156 pueri
784 2125 840 2146 co-

135 2177 207 2198 mas
255 2166 408 2205 alebant,
454 2165 562 2197 donec
610 2166 840 2207 pubescerent

137 2226 244 2258 genae.

178 2271 197 2299 3
223 2268 344 2299 Chorus
358 2267 484 2307 mensoe]
502 2267 579 2299 Hoc
591 2270 657 2307 est,
666 2266 802 2298 Ameris
819 2277 839 2299 a

136 2317 293 2349 delicatis
319 2318 386 2349 tuis
412 2317 601 2358 discipulis,
626 2317 684 2358 qui
709 2317 836 2348 circum

136 2376 287 2398 mensam
310 2367 371 2398 tibi
394 2367 560 2399 assident.
603 2368 740 2408 Legunt
765 2367 836 2407 alii,

136 2417 246 2448 chorus
274 2417 397 2453 Musae;
429 2422 532 2458 atque
564 2417 838 2458 interpretantur

135 2476 260 2507 pueros
283 2466 418 2497 deditos
443 2467 564 2499 Musis.
610 2467 710 2498 Prior
732 2466 836 2498 lectio

134 2517 217 2547 mihi
243 2516 363 2547 melior
394 2516 541 2557 videtur,
578 2520 617 2548 ut
651 2521 836 2558 sequentes

136 2576 254 2597 versus
271 2565 410 2596 docent.

177 2618 198 2646 4
222 2615 291 2646 Nec
330 2615 512 2655 calculator]
546 2616 613 2648 Qui
648 2616 836 2647 arithmeti-

138 2675 212 2696 cam
226 2665 348 2703 ‹locet;
372 2665 526 2695 notarius
542 2675 624 2696 vero
641 2666 669 2697 is
696 2671 763 2705 est,
779 2667 837 2706 qni

138 2714 227 2745 notis
251 2713 451 2754 quibusdam
477 2713 622 2745 dicentis
642 2714 746 2745 verba
760 2713 837 2745 bre-

894 2114 983 2146 viter
998 2113 1161 2155 excipere
1178 2113 1290 2145 docet.
1328 2112 1405 2144 Lib.
1420 2122 1494 2144 ΧΠ.
1509 2113 1600 2154 epig.

892 2168 969 2196 208.
1001 2165 1043 2196 de
1082 2165 1257 2196 Notario:
1287 2164 1298 2182 ‘
1316 2165 1466 2196 Currant
1493 2165 1598 2196 verba

892 2215 1116 2256 licet,manus
1143 2220 1197 2246 est
1220 2215 1373 2246 velocior
1388 2215 1472 2246 illis:
1501 2215 1597 2247 Non-

893 2264 972 2296 dum
1001 2264 1118 2305 lingua
1153 2274 1261 2304 suum,
1299 2265 1424 2296 dextra
1459 2265 1598 2306 peregit

892 2314 1002 2356 opus.'

940 2368 958 2396 5
987 2365 1117 2396 Cirrata
1146 2364 1363 2406 [Scutimque]
1403 2365 1594 2405 Flagellum

891 2424 934 2446 ex
948 2415 1032 2446 loris
1046 2414 1143 2446 corii.
1190 2415 1319 2456 Scytha>
1330 2415 1433 2455 pellis,
1451 2415 1515 2445 hoc
1527 2418 1595 2455 est,

890 2463 1084 2504 Scythicae:
1109 2463 1245 2504 Scythae
1271 2473 1352 2495 vero
1380 2473 1423 2494 ex
1448 2463 1593 2504 pellibus

891 2513 1121 2545 conficiebant
1144 2513 1307 2553 scuticas,
1333 2513 1457 2555 quibus
1477 2521 1593 2543 servos

891 2555 1130 2606 delintplentes
1142 2565 1364 2605 castigarent.
1377 2564 1512 2604 Legunt
1523 2563 1593 2603 alii,

894 2615 1024 2646 Cirrata
1039 2615 1115 2646 loris
1129 2615 1268 2646 horridis
1283 2614 1408 2655 Scytha²
1420 2613 1523 2654 pellis,
1536 2614 1590 2651 δέ.

891 2665 1029 2696 Cirrata.
1053 2665 1165 2705 pellis,
1189 2666 1254 2695 ὅτε.
1279 2664 1355 2705 ipsa
1384 2668 1438 2694 est
1459 2662 1589 2693 scutica

890 2715 1074 2747 multorum
1105 2715 1266 2752 lororum,
1299 2715 1362 2746 &c.
1394 2712 1403 2729 ‘
1421 2709 1589 2751 Marsyas*
