1893 3225
552 279 911 310 13ῐί(ῑιῑυιλιμιτι.1
925 280 955 308 ,u
994 281 1086 310 mn.
1122 280 1191 311 xi.
1519 272 1602 314 803

147 375 323 417 Dicitur
340 380 383 416 ct
405 379 581 417 nostros
605 380 784 417 cantare
807 375 1037 416 Britannia
1059 389 1224 418 versus.
1574 397 1601 423 ο

207 443 327 494 Quid
346 444 551 497 prodest?
582 443 722 484 nescit
744 443 949 483 sacculus
966 443 1053 484 ista
1071 457 1208 484 meus.

145 511 209 553 At
231 525 363 566 quam
380 512 571 552 victuras
591 516 846 564 poteramus
865 524 1051 563 pangere
1073 511 1261 562 chartas,

206 578 474 632 Quantaque
497 578 644 619 Pieria
664 578 822 632 praelia
844 577 950 619 flare
971 580 1106 631 tuba3

146 646 259 688 Cum
279 648 358 701 pia
376 647 646 688 reddiderint
669 645 921 699 Augustum
941 648 1122 688 numina
1143 648 1282 698 terris,

203 716 262 756 Et
280 714 576 757 Maecenatem
597 715 635 755 si
656 714 762 755 mihi
784 714 931 755 Roma
951 715 1097 757 daret!
1545 719 1601 760 10

144 835 318 868 Britannia
335 846 451 878 qnoque
460 835 568 874 fertur
591 845 700 866 canere
722 845 790 866 mea
809 835 959 866 carmina.
1011 834 1096 870 Quid
1113 834 1264 877 proficit?
1289 836 1365 867 Elea
1382 846 1527 868 crumena
1551 838 1602 877 ig-

142 883 232 910 norat
248 880 320 911 ista.
365 879 411 910 At
427 889 517 919 qnam
530 883 704 918 poteramus
716 878 850 909 scribere
866 888 971 909 versus
984 888 1043 908 non
1064 879 1234 918 peritumS,
1250 882 1279 910 et
1295 882 1411 919 quanta
1427 881 1598 911 certamina

143 932 250 954 cauere
263 923 336 953 tuba
355 921 486 996 Ρίρὲἰὶα]
508 932 576 984 clam
591 922 649 952 Dii
662 922 710 962 pii
726 922 922 953 restituerint
937 921 1114 960 Augustum
1133 922 1241 962 ter-rix,
1257 922 1285 953 si
1301 923 1506 954 Maecenatem
1529 934 1602 964 quo—

144 975 201 1006 que
215 966 291 996 milei
305 966 396 996 daret
443 975 526 996 oma.

803 1018 944 1050 NOTAE

145 1086 197 1114 ll.
213 1082 270 1115 lib.
286 1091 368 1115 vul.
384 1086 420 1114 et
436 1082 526 1124 epig.
543 1085 615 1113 104.
633 1082 689 1114 lib.
706 1091 758 1114 lx.
803 1083 844 1113 In
943 1086 962 1113 9
985 1082 1178 1124 Augustum]
1201 1084 1353 1115 Nervam
1369 1084 1437 1115 alii.
1477 1084 1603 1116 Melius

143 1133 252 1164 Getas
289 1142 370 1164 vero
398 1133 655 1173 expeditionem
692 1133 846 1173 suscepit
900 1133 1098 1175 intelligunt
1139 1135 1195 1166 alii
1230 1135 1429 1175 Trajanum‚
1458 1136 1603 1167 alterum

141 1184 318 1224 Trajanns,
338 1184 373 1214 in
398 1184 494 1224 cujus
511 1185 632 1215 castris
646 1184 847 1224 legebantur
901 1184 1092 1228 Angustum
1109 1186 1224 1217 Romae
1250 1187 1449 1218 restitutum
1466 1196 1485 1217 a
1502 1187 1578 1218 Diis
1595 1198 1603 1218 ε

141 1244 258 1266 versus
271 1235 455 1266 Martialis.
902 1235 950 1266 At
967 1236 1057 1274 mihi,
1073 1237 1181 1277 inquit
1207 1237 1329 1276 Poeta,
1350 1237 1459 1268 nullus
1476 1238 1605 1269 Μωσε-

183 1289 203 1317 6
228 1287 336 1317 Nescit
347 1285 500 1326 sacculus]
524 1286 601 1318 Hoc
611 1291 676 1327 est,
688 1286 768 1318 inde
780 1296 845 1317 non
900 1295 960 1316 nas
977 1286 1090 1325 datur,
1118 1287 1214 1327 cnjus
1231 1286 1462 1319 munificentia
1480 1288 1512 1319 in
1532 1289 1603 1319 Ho-

143 1336 266 1376 colligo
281 1336 473 1377 pecuniam.
900 1336 1022 1368 ratium
1036 1343 1117 1368 nota
1133 1342 1195 1369 est.

360 1615 624 1646 PRECATL'R
660 1615 782 1645 DEOS
816 1615 908 1645 PRO
940 1615 1110 1646 NERVA
1144 1617 1389 1648 TRAJANO.

146 1683 330 1734 SACRA,
353 1684 580 1737 Laresque
603 1683 839 1736 Phrygum,
860 1696 969 1736 quos
989 1683 1137 1738 Trojae
1154 1684 1309 1726 maluit
1328 1685 1487 1734 haereS,

204 1751 352 1802 Quam
373 1765 523 1804 rapere
546 1764 723 1791 arsuras
747 1750 1068 1791 Laomedontis
1091 1764 1229 1805 opes:

145 1821 347 1874 Scriptus
367 1824 409 1860 ct
430 1824 594 1861 aeterno
615 1832 731 1859 nunc
749 1819 938 1872 primum
955 1818 1132 1871 Jupiter
1151 1833 1272 1870 auro,

199 1889 258 1930 Et
277 1901 411 1938 soror,
434 1894 480 1929 et
499 1888 658 1928 summi
675 1887 766 1927 filia
786 1892 881 1928 tota
900 1887 1066 1940 patris:

188 2011 217 2042 Ο
231 2020 333 2049 sacra,
347 2014 378 2042 et
394 2011 492 2042 Lares
508 2011 686 2050 Phrygum,
703 2019 777 2049 quos
790 2008 914 2047 auferre
923 2008 1032 2039 maluit
1047 2008 1144 2039 hoeres
1165 2007 1276 2046 Trojoe,
1289 2017 1379 2048 quam
1393 2007 1523 2038 urendas
1532 2017 1602 2046 opes

141 2054 378 2086 Laomedontis.-
401 2053 432 2085 O
449 2053 589 2094 Jupiter,
606 2063 683 2084 nunc
699 2053 831 2092 primum
840 2051 951 2089 factus
976 2062 1008 2082 es
1031 2061 1071 2082 ea:
1095 2061 1171 2082 auro
1185 2055 1314 2091 aeterno,
1334 2053 1363 2082 et
1380 2060 1465 2081 soror
1481 2054 1511 2081 et
1524 2050 1600 2092 filia

757 2138 896 2149 «nrm
900 2137 999 2148 mo

190 2195 301 2226 Votum
314 2204 372 2234 pro
386 2195 431 2226 N.
449 2195 485 2225 T.
509 2197 538 2225 et
554 2193 672 2224 Senatu
690 2192 742 2224 ed.
760 2193 865 2223 Barb.
880 2196 915 2223 et
932 2192 980 2223 sic
996 2192 1078 2223 alios
1101 2192 1216 2232 legere
1232 2194 1328 2222 notat
1346 2191 1456 2222 editor
1475 2190 1601 2232 Delph.

141 2241 150 2256 ⁴
167 2238 272 2269 Nerva
302 2238 452 2276 Trojano.-
478 2243 585 2269 recte,
644 2236 846 2268 Camerinus
875 2245 995 2266 nomen
1029 2235 1160 2274 Trajano
1191 2235 1339 2266 omittit:
1364 2235 1596 2266 Palmam—1

143 2281 235 2315 Hoer.
252 2280 332 2313 Vid.
350 2282 433 2313 Not.
445 2281 593 2312 Var.-3
616 2279 672 2311 Sic
688 2279 764 2310 cod.
779 2279 973 2318 Pulmzmni,
986 2278 1040 2310 cui
1054 2278 1087 2309 id
1101 2279 1228 2319 placet.
1253 2278 1299 2309 Es
1315 2277 1393 2309 edd.
1406 2283 1491 2309 vett.

807 2375 948 2410 NOTAE

188 2458 205 2486 l
241 2455 342 2494 Trojoe
368 2454 481 2494 haeres]
511 2454 588 2485 Hoc
614 2457 680 2492 est,
711 2452 845 2484 AEneaS.
902 2456 954 2483 ter
989 2450 1054 2482 fuit
1089 2450 1237 2481 Priami:
1273 2459 1292 2480 a
1328 2449 1459 2490 pietate
1494 2448 1605 2480 Po'eta

144 2506 307 2546 Virgilius
340 2505 472 2536 AEneid.
507 2514 546 2536 ιι.
592 2505 600 2521 ‘
619 2504 673 2534 Τιι
713 2504 847 2544 genitor
902 2503 1019 2533 laudat
1045 2502 1200 2540 AEneam,
1226 2501 1282 2543 qni
1308 2501 1471 2541 neglectis
1487 2500 1607 2540 opibus

146 2566 233 2597 cape
259 2566 356 2587 sacra
381 2566 493 2594 manu,
517 2556 711 2596 patriosque
737 2555 846 2586 Pena-
902 2553 993 2584 Deos
1009 2552 1152 2583 flammis
1167 2551 1306 2592 eripuit.

146 2606 225 2645 tes,’
255 2608 320 2637 &c.
368 2606 504 2645 Legunt
528 2606 595 2645 alii,
621 2606 721 2644 Trojoe
746 2606 846 2644 heros,
946 2607 964 2635 3
989 2605 1121 2635 AEterno
1155 2602 1247 2642 auro]
1283 2602 1360 2634 Hoc
1399 2606 1465 2637 est,
1502 2611 1606 2632 aurea

146 2660 183 2688 et
220 2654 309 2686 forte
342 2655 479 2686 melius:
505 2656 626 2686 AEneas
658 2657 747 2686 enim
782 2666 847 2687 non
904 2655 1051 2694 imagine
1067 2664 1235 2696 nunquam
1253 2653 1408 2694 peritura
1423 2651 1555 2684 effictus
1572 2661 1607 2682 es

144 2705 210 2737 fuit
234 2705 320 2736 filius
348 2705 487 2743 Priami,
511 2709 612 2745 atque
628 2705 677 2736 ita
694 2715 753 2736 nec
776 2716 848 2737 snc—
905 2706 1092 2749 aTrajano.
1323 2748 1327 2749 ⁷

145 2765 271 2795 cessor‚
288 2755 529 2796 superstitibus
544 2764 666 2795 nempe
683 2756 755 2786 aliis
772 2756 849 2787 Pri·
946 2760 965 2787 4
991 2757 1034 2789 Et
1049 2755 1148 2795 soror]
1171 2755 1274 2794 ιῘιιῐιο,
1299 2759 1332 2787 et
1349 2755 1506 2786 Minerva
1528 2763 1603 2794 qnae

148 2807 213 2839 ami
226 2806 301 2837 filiis
318 2811 375 2837 aut
392 2805 586 2846 nepotibus.
905 2811 978 2839 tota
994 2811 1047 2838 est
1061 2807 1169 2847 patris
1185 2805 1296 2843 Jovis,
1312 2815 1329 2835 e
1347 2805 1444 2846 cujus
1461 2804 1604 2836 cerebro

190 2861 210 2891 2
234 2856 454 2889 Laomedontis
475 2856 559 2897 opes]
584 2855 774 2888 Laomedon
791 2866 850 2898 pa·
905 2857 1073 2898 producta
1091 2857 1162 2888 sine
1180 2860 1297 2887 matre.
