1893 3225
237 230 322 270 866

714 238 763 266 M.
797 238 858 267 VA
870 237 908 266 L.
943 236 1216 267 MARTlAfflS

240 335 339 377 Nec
360 339 483 375 motu
505 333 697 386 dignaris
719 345 848 387 opus,
868 346 948 374 nec
970 346 1081 374 voce
1094 333 1266 387 juvare,

298 403 399 444 Nec
420 402 592 454 digitis:
625 406 835 455 tanquam
859 402 985 442 thura
1004 413 1261 454 merumque
1279 413 1423 454 pares.

241 471 637 512 Masturbabantur
659 469 841 523 Phrygii
863 472 965 522 post
986 469 1103 508 ostia
1124 468 1257 517 servi,

298 538 530 580 Hectoreo
550 538 722 592 quoties
745 536 924 577 sederat
944 549 1055 576 uxor
1076 548 1207 588 equo.

238 606 298 647 Et
319 607 524 660 quamvis
549 606 704 647 Ithaco
727 609 943 653 stertente,
962 604 1130 657 pudica
1152 603 1326 644 solebat

1639 601 1696 641 15

297 674 396 715 Illic
420 674 648 727 Penelope
672 685 844 726 semper
864 671 1026 712 habere
1049 686 1243 713 manum,

240 742 471 783 Paedicare
491 755 650 795 negas:
684 741 821 782 dabat
846 740 933 781 hoc
957 740 1165 782 Cornelia
1186 739 1410 790 Graccho,

294 809 323 849 J
328 810 417 850 ulia
440 809 673 863 Pompeio,
696 809 876 858 Porcia,
900 809 1050 858 Brute,
1071 809 1164 849 tibi.

239 877 405 918 Dulcia
427 877 652 918 Dardanio
673 876 867 916 nondum
889 876 1101 916 miscente
1122 876 1324 917 ministro

294 945 483 995 Pocula,
503 945 531 986 J
536 958 623 985 uno
645 945 727 985 fuit
747 958 827 998 pro
848 943 1108 999 Ganymede
1129 944 1157 985 J
1163 944 1252 986 ovi.

238 1013 286 1053 Si
308 1018 348 1054 te
371 1013 561 1054 delectat
577 1013 790 1065 gravitas,
813 1012 1020 1053 Lucretia
1042 1015 1136 1052 toto

293 1081 367 1122 Sis
388 1082 492 1122 licet
512 1094 654 1134 usque
675 1081 769 1122 die:
792 1080 934 1121 Laida
953 1084 1085 1121 nocte
1107 1079 1225 1121 volo.

859 1178 1099 1190 eeeeeeeeee

236 1236 452 1277 magis.’——22
477 1236 598 1267 Thaida
614 1235 692 1266 edd.
712 1240 797 1267 vett.
816 1240 851 1266 et
867 1235 984 1266 Maitt.

895 1314 1040 1346 NOTAE

280 1385 317 1413 11
347 1382 412 1413 Nec
424 1380 602 1420 mulmis-c]
626 1380 737 1420 Supra
753 1380 853 1420 Epig.
865 1382 917 1410 61.

278 1436 318 1464 12
346 1433 502 1472 Tanquam
529 1432 634 1470 thura,
668 1430 740 1470 ξω]
767 1431 941 1470 Tanquam

235 1493 334 1524 pura,
365 1487 400 1513 et
430 1491 500 1512 rem
531 1481 681 1511 divinam
706 1481 804 1511 thure
835 1490 941 1511 mero-

222 1542 298 1574 ·que
315 1533 459 1564 factura.
483 1535 491 1549 ‘
509 1533 565 1563 Sic
578 1532 794 1572 surgitmane
811 1531 938 1571 puella,

234 1584 396 1614 Protinus
436 1587 473 1613 ut
510 1587 645 1612 sanctos
692 1581 799 1621 possit
844 1580 938 1610 adire

236 1636 353 1666 Deos)
376 1633 481 1664 Ovid.

278 1689 316 1718 14
342 1686 510 1723 Hectoreo,
538 1683 608 1724 ἔξω]
632 1684 774 1716 Quoties
805 1683 938 1714 Andro-

234 1738 350 1769 mache
374 1742 410 1767 et
438 1736 511 1775 ipsa
535 1735 658 1775 pudica
686 1744 748 1775 per
775 1734 939 1764 lascivum

234 1788 351 1820 ludum
367 1786 513 1818 Hectori
537 1786 672 1816 insedit.
719 1785 823 1824 Hisp.
837 1785 937 1814 cacal-

230 1850 312 1879 gava
335 1841 354 1869 ὰ
386 1838 481 1868 Hect.
512 1838 564 1867 vel
585 1837 727 1867 allusum
745 1836 787 1866 ad
805 1845 939 1866 versum

235 1890 337 1921 Ovid.
356 1898 413 1921 111.
430 1889 472 1919 de
490 1888 597 1920 Arte:
621 1891 630 1905 ‘
649 1887 792 1919 Thebais
807 1886 937 1918 Hecto-

233 1951 291 1972 reo
309 1945 417 1980 nupta
432 1939 559 1970 resedit
576 1938 687 1980 equo.'

277 1995 315 2023 15
343 1992 385 2022 Et
399 1991 550 2031 quamvis,
570 1989 640 2029 ἐγὼ]
664 1990 709 2021 Et
724 1989 849 2029 Ulysse
866 1988 940 2020 dor·

994 1379 1133 1418 miente‚
1164 1379 1223 1410 illa
1255 1382 1360 1409 castae
1394 1377 1494 1408 famae
1522 1377 1698 1418 Penelope

995 1435 1068 1460 erat
1080 1428 1211 1464 λεσβιὰς
1226 1429 1386 1469 τρίβουσα.

1039 1483 1078 1511 17
1126 1479 1248 1519 Dabat,
1286 1479 1355 1519 εγω]
1389 1477 1699 1509 Verecundissimae

996 1536 1159 1563 matronae
1190 1532 1352 1562 Romanae
1380 1538 1444 1560 non
1473 1528 1648 1569 negabant
1663 1528 1702 1559 il-

997 1583 1054 1613 lud
1071 1582 1199 1613 maritis
1217 1582 1284 1612 suis
1300 1580 1379 1611 viris
1391 1578 1620 1621 gravissimis:
1638 1578 1698 1610 lib.

996 1641 1048 1664 lx.
1067 1633 1167 1673 Epig.
1185 1634 1237 1663 68.

1039 1686 1080 1714 19
1104 1683 1267 1715 Dardanio
1281 1681 1439 1722 ministro]
1463 1681 1678 1722 Ganymede.

1037 1737 1079 1765 20
1101 1733 1202 1773 Juno]
1228 1733 1273 1763 Et
1305 1732 1379 1772 ipsa
1401 1731 1593 1763 castissima
1618 1740 1697 1762 con-

989 1785 1080 1825 jugii
1098 1793 1247 1825 praeses:
1273 1788 1444 1814 tamen—.

1037 1838 1077 1866 21
1103 1834 1266 1875 Lucretia]
1296 1834 1421 1865 Gravis
1451 1838 1487 1864 et
1526 1837 1634 1873 casta,
1660 1838 1698 1864 ut

994 1886 1169 1917 Lucretia.

1036 1939 1078 1967 22
1101 1936 1202 1967 Laida
1233 1934 1387 1977 [Thaida]
1410 1937 1499 1965 nocte
1520 1935 1603 1975 volo]
1628 1934 1698 1966 Alii

994 1989 1106 2020 Laida.
1134 1987 1283 2019 Facilem
1296 1992 1331 2018 et
1345 1986 1508 2018 lascivam
1525 1991 1563 2017 ut
1578 1987 1695 2018 Laida.

782 2246 849 2275 AD
883 2244 1164 2274 GARRlcUM.

238 2313 286 2353 M
293 2323 500 2353 1T'rnssAs
522 2312 680 2353 libram
701 2326 712 2354 z
744 2312 1050 2365 quadrantem,
1072 2311 1275 2360 Garrice,
1298 2310 1456 2351 mittis.

294 2381 463 2421 Saltem
486 2380 735 2428 semissem,
757 2379 954 2428 Garrice,
976 2379 1095 2419 solve
1116 2378 1237 2418 mihi.

279 2480 434 2512 Mittebas
450 2480 573 2518 libram,
590 2489 608 2509 o
627 2479 770 2518 Garrice,
787 2477 888 2508 mittis
911 2479 1127 2518 quadrantem.
1174 2476 1204 2508 O
1232 2476 1378 2515 Garrice,
1401 2476 1512 2506 saltem
1526 2474 1607 2505 solve
1622 2473 1698 2503 mihi

235 2525 405 2557 semissem.

896 2562 1040 2594 NOTAE

277 2629 296 2656 2
314 2626 433 2657 Saltem
448 2623 616 2663 semissem]
642 2623 730 2654 Nam
745 2631 806 2663 per
822 2621 936 2652 semis-

230 2687 304 2707 sem
321 2686 377 2707 seu
392 2676 548 2707 selibram
562 2673 772 2705 descendere
790 2672 938 2703 debebas

993 2621 1035 2651 ad
1053 2621 1287 2663 quadrantem.
1326 2620 1414 2652 Vide
1428 2619 1486 2651 lib.
1504 2627 1585 2650 vm.
1600 2617 1697 2659 Epig.

995 2675 1046 2703 71.
