1893 3225
533 247 933 278 EPIGRAMMATUM
975 248 1063 277 [ΑΒ.
1098 248 1190 277 ΧΗ.

1498 238 1554 277 90
1563 238 1583 278 ἱ

798 341 826 372 N
835 340 934 372 OTAE

185 407 200 434 l
228 404 339 435 Gallus
362 408 390 436 et
408 405 578 447 Lupercus]
602 406 686 437 Mali
706 405 838 437 scilicet
892 405 1044 435 carmina
1084 404 1283 446 venderent,
1317 413 1383 436 non
1414 403 1492 447 ipsi,
1529 405 1587 436 sed

140 454 266 494 po'e‘tae,
290 455 346 496 qui
386 461 498 487 tamen
524 466 600 487 cum
628 457 745 497 inepta
776 465 837 487 sua
892 461 1040 489 emtores
1053 455 1279 488 insaniebant.

762 580 968 622 XLVII.

469 673 516 702 IN
557 672 832 701 HABEN'PEM
866 671 1045 700 VARIOS

1081 671 1261 702 MORES.

145 740 441 789 DlFFlclffls,
463 740 624 790 facilis,
641 739 885 794 jucundus,
906 739 1095 779 acerbus
1113 752 1161 779 es
1182 739 1323 780 idem:

203 808 298 849 Nec
321 812 467 849 tecum
490 822 672 863 possum
695 809 853 857 vivere,
874 820 955 848 nec
979 808 1073 848 sine
1092 810 1149 848 te.

189 909 236 939 Tu
253 910 331 939 idem
347 919 378 938 es
392 919 492 949 asper,
515 910 619 945 comis,
643 909 758 947 suavis,
771 907 916 939 acerbus:
938 917 992 938 uec
1010 907 1081 938 licet
1098 908 1199 937 vivere
1213 909 1326 945 tecum,
1348 914 1403 936 nec
1417 906 1483 936 sine
1507 909 1547 936 ee.

798 982 940 1013 NOTAE

187 1040 206 1068 2
232 1038 297 1068 Nec
310 1038 424 1079 tecum]
446 1039 598 1080 Propter
615 1038 754 1069 acerbos
766 1042 841 1068 tuos

146 1097 267 1119 mores.

942 1035 1009 1067 Nec
1031 1036 1097 1066 sine
1108 1036 1154 1077 te]
1176 1035 1324 1076 Propter
1335 1033 1543 1065 comitatem.

754 1178 986 1220 XLVIII.

528 1269 579 1298 lN
617 1268 780 1298 LAU'l'U
791 1268 823 1296 M
859 1266 1225 1298 1NV1TATOREM.

148 1338 376 1378 BOLETOS
398 1342 441 1379 et
461 1351 616 1392 aprum
638 1338 675 1378 si
698 1341 905 1391 tanquam
926 1336 1033 1377 vilia
1053 1336 1196 1389 poniS,

206 1405 264 1445 Et
284 1418 371 1446 non
392 1418 490 1446 esse
510 1408 639 1458 putas
660 1405 756 1446 haec
777 1417 874 1444 mea
895 1407 1019 1444 vota:
1053 1403 1168 1445 volo.

146 1472 194 1513 Si
215 1473 475 1514 fortunatum
497 1473 590 1513 fieri
611 1485 679 1512 me
697 1472 856 1521 credis,
877 1476 923 1512 et
943 1471 1086 1512 haeres

206 1539 290 1580 Vis
309 1540 454 1589 scribi,
478 1544 662 1593 propter
683 1539 878 1593 quinque
902 1539 1112 1579 Lucrina:
1145 1538 1256 1579 vale.

148 1607 289 1649 Lauta
310 1612 455 1649 tamen
477 1620 607 1649 coena
623 1612 713 1648 est:
742 1607 885 1648 fateor
905 1607 1182 1647 lautissima:
1215 1605 1293 1646 sed
1310 1618 1408 1646 cras
1571 1617 1598 1643 ο

208 1675 286 1716 Nil
307 1675 401 1725 erit,
423 1676 558 1716 immo
580 1675 724 1724 hodie,
744 1674 947 1728 protinus
968 1674 1101 1714 immo
1121 1673 1245 1723 nihil,

150 1743 284 1794 Quod
305 1744 420 1784 sciat
438 1742 596 1784 infelix
611 1742 829 1784 damnatae
850 1743 1037 1796 spongia
1057 1742 1210 1794 virgae,

205 1810 291 1851 Vel
312 1811 574 1864 quicumque
597 1810 736 1858 canis,
752 1808 997 1862 junctaque
1012 1812 1127 1849 testa
1147 1808 1256 1849 viae:

194 1923 229 1954 Si
253 1924 380 1963 apponis
405 1922 518 1953 boletos
540 1926 570 1953 et
592 1932 700 1961 aprum
723 1925 870 1961 tanquam
884 1920 1016 1959 abiecta,
1036 1924 1066 1951 et
1087 1920 1187 1951 credis
1212 1920 1276 1949 ha’c
1300 1928 1360 1949 'non
1382 1916 1486 1957 appeti
1500 1926 1519 1946 a
1536 1926 1599 1946 me.-

149 1967 225 1996 volo.
269 1966 307 1997 Si
319 1966 482 1996 existimas
496 1975 543 1995 me
549 1965 627 2006 fieri
635 1965 774 2002 felicem,
797 1967 827 1994 et
841 1964 928 2004 cupis
944 1964 1043 1994 haeres
1060 1964 1184 1993 institui
1197 1965 1324 2002 propter
1338 1960 1471 2001 quinque
1490 1964 1603 1989 ostrea

150 2020 189 2040 ex
214 2009 367 2040 Lucrino:
398 2009 475 2039 vale.

521 2008 734 2038 Nihilominus
755 2010 910 2037 sumtuosa
937 2010 981 2037 est
1008 2016 1104 2042 cenna,
1120 2004 1240 2043 fateor,
1271 2003 1535 2035 sumtuosissima:
1569 2005 1601 2031 at

149 2052 228 2082 nihil
242 2052 391 2092 supererit
404 2061 486 2090 cras,
495 2051 588 2081 immo
604 2051 706 2089 hodie,
717 2051 809 2080 immo
817 2053 941 2090 repenle
952 2049 1043 2084 nihil,
1056 2050 1134 2089 quod
1145 2048 1225 2079 sciat
1235 2047 1350 2085 infelix
1359 2046 1489 2087 spongia
1504 2045 1604 2082 virgoe

147 2096 313 2134 damnatae,
334 2098 389 2125 aut
404 2095 583 2135 quicumque
604 2094 701 2133 cauis,
724 2096 779 2123 aut
794 2092 942 2134 amphora
960 2092 1135 2133 propinqua
1156 2091 1227 2122 vioe.
1272 2090 1338 2121 Hic
1352 2093 1397 2121 est
1403 2089 1485 2130 fluis
1501 2088 1603 2118 mullo·

759 2165 992 2176 ‘emnem'

194 2217 206 2244 1
237 2213 304 2243 Pro
334 2213 361 2243 si
387 2216 532 2253 tanquam
563 2210 769 2242 Beverlandi
789 2211 857 2241 Ms.
888 2214 1033 2250 tauquam
1059 2210 1208 2241 milzi.-—7
1235 2208 1395 2239 Damnata
1421 2218 1445 2239 s.
1461 2208 1552 2246 virga
1568 2207 1601 2236 in

802 2284 950 2317 NOTAE

196 2358 208 2385 l
236 2353 376 2393 Boletos]
400 2353 492 2385 Quos
511 2352 536 2383 si
555 2352 845 2392 mihiapposueris

151 2413 311 2446 tanquam
338 2405 430 2436 cibos
458 2405 727 2444 delicatissimos,
749 2409 785 2435 ut
801 2414 846 2435 sc.

152 2461 270 2496 captes
286 2465 392 2486 meam
408 2456 664 2495 haereditatem,
681 2456 779 2494 n0103
795 2457 846 2486 sin

153 2508 260 2538 minus
273 2506 393 2537 lubens
405 2506 544 2537 coenabo
562 2509 650 2548 apud
669 2513 714 2539 te.
758 2508 851 2549 Vilia,

150 2560 212 2589 hoc
226 2563 289 2595 est,
302 2563 459 2598 tanquam
477 2566 529 2587 res
545 2558 637 2588 viles.

197 2612 215 2640 4
242 2609 383 2647 Quinque
412 2607 561 2646 Lucrina]
584 2607 672 2638 Vide
704 2608 762 2639 lib.
800 2618 850 2640 Π.

157 2662 256 2701 Epi-g.
276 2663 326 2690 ll.

196 2714 215 2741 6
240 2710 336 2740 Immo
353 2707 457 2747 hodie]
479 2707 567 2738 Nam
583 2708 697 2738 statim
714 2718 733 2739 a
756 2718 851 2739 coena

153 2762 245 2792 nulla
260 2763 416 2800 superest
434 2758 520 2797 gulae
534 2759 700 2797 voluptas.

196 2815 213 2843 7
241 2811 330 2846 Quod
358 2810 435 2840 scial
461 2808 589 2848 infelix]
612 2808 773 2849 Spongia,
804 2809 851 2839 in-

902 2351 976 2392 quit
992 2349 1189 2388 Farnabins,
1203 2348 1294 2389 ligno
1312 2347 1489 2378 adhaerens
1513 2348 1602 2378 dam*

902 2405 982 2431 nata
1012 2400 1044 2430 in
1074 2400 1139 2430 vile
1155 2398 1391 2436 ministerium,
1417 2397 1456 2428 ad
1489 2408 1603 2428 emun-

902 2451 1015 2482 danda
1043 2451 1176 2482 scilicet
1203 2449 1375 2488 obscoena,
1398 2453 1435 2479 ut
1462 2448 1502 2477 de
1530 2448 1603 2478 bes-

905 2503 1006 2534 tiario
1034 2502 1179 2544 quodam
1209 2500 1313 2531 refert
1337 2500 1466 2531 Seneca
1492 2499 1602 2538 Epist.

904 2556 957 2584 70.
1002 2553 1147 2593 ‘Nuper
1183 2552 1216 2582 in
1252 2550 1330 2581 ludo
1366 2548 1603 2580 bestiariorum

905 2614 989 2635 unus
1005 2614 1025 2635 e
1049 2603 1242 2641 Germanis,
1264 2611 1339 2633 cum
1366 2600 1406 2631 ad
1435 2599 1605 2630 matutina

904 2655 1101 2696 spectacula
1117 2658 1311 2695 pararetur,
1330 2651 1472 2682 secessit
1487 2651 1528 2680 ad
1546 2659 1603 2680 ex—

903 2705 1111 2737 onerandum
1148 2714 1282 2744 corpus.
1336 2702 1474 2733 Nullum
1513 2699 1605 2730 aliud

904 2756 952 2786 ini
982 2755 1127 2786 dabatur
1157 2755 1229 2784 sine
1253 2752 1394 2783 custode
1421 2756 1603 2781 secretum.

904 2806 957 2837 Ibi
973 2807 1100 2846 lignum
1116 2804 1210 2845 illud,
1227 2802 1315 2845 quod
1333 2801 1374 2833 ad
1391 2800 1605 2833 emundanda
