1893 3225
248 224 333 267 618
729 237 776 265 M.
811 236 921 265 vAt„
955 236 986 264 M
998 235 1231 265 ARTJALIS

252 331 342 372 Hic
363 331 481 371 stetit
500 329 658 371 Arctoi
679 330 899 371 formosus
921 331 1098 384 pulvere
1120 331 1226 371 belli

308 399 580 452 Purpureum
602 398 790 440 fundens
813 399 966 440 Caesar
986 400 1042 439 ab
1066 399 1307 452 orejubar:

252 466 342 507 Hic
362 467 486 507 lauro
510 468 714 508 redimita
736 481 904 517 comas,
925 471 967 507 et
989 466 1182 507 candida
1203 467 1326 508 cultu
1683 469 1710 509 5

309 533 456 575 Roma
477 535 689 576 salutavit
710 548 818 576 voce
840 547 1061 587 manuque
1083 533 1257 575 ducem.

251 600 430 642 Grande
451 603 537 644 loci
559 605 760 644 meritum
782 607 998 644 testantur
1016 607 1060 643 et
1082 603 1219 643 altera
1240 602 1381 643 dona:

307 669 406 711 Stat
426 684 550 711 sacer
571 671 777 712 edomitis
801 671 1011 723 gentibus
1034 684 1163 712 arcus
1186 683 1338 711 ovans.

249 735 341 778 Hic
362 739 521 790 gemini
542 752 694 780 currus
716 745 944 780 numerant
965 739 1199 793 elephanta
1220 739 1516 792 frequentem:

305 804 477 846 Sufficit
497 806 723 847 immensis
743 819 902 847 aureus
923 807 1020 860 ipse
1033 807 1166 861 jugis.
1655 804 1708 846 10

247 871 368 914 Haec
388 877 455 915 est
475 874 606 927 digna
628 875 729 924 tuis,
753 874 1034 924 Germanice,
1053 880 1184 929 porta
1204 872 1459 928 triumphis:

306 940 407 981 Hos
428 942 572 983 aditus
594 943 747 983 urbem
771 943 930 984 Martis
950 943 1114 984 habere
1136 943 1279 983 decet.

245 1039 317 1070 Hoc
332 1039 395 1071 loco
421 1041 528 1072 Caesar
543 1044 685 1074 emittens
700 1043 738 1073 ab
762 1054 813 1074 ore
828 1054 1015 1084 purpureum
1031 1044 1222 1084 splendorem
1244 1042 1333 1074 stetit
1348 1043 1475 1073 decorus
1501 1041 1622 1081 pulvere
1638 1038 1711 1071 belli

245 1082 427 1114 Sarmatici.
474 1085 539 1115 Hic
557 1086 702 1125 Romani,
716 1088 838 1127 capillis
853 1089 972 1118 ornatis
985 1088 1088 1125 lauro,
1103 1090 1194 1126 (itque
1218 1086 1296 1116 albis
1320 1085 1456 1116 vestibus
1479 1083 1604 1123 induti,
1626 1084 1709 1114 salu-

244 1129 387 1156 taverunt
410 1127 632 1166 Imperatorem
659 1139 729 1160 voce
746 1133 774 1160 et
797 1140 901 1161 mmm.
948 1131 1051 1170 Atque
1078 1130 1177 1160 altera
1193 1130 1273 1160 dona
1288 1130 1501 1159 demonstrant
1517 1127 1626 1165 ingens
1647 1135 1709 1156 me-

243 1168 339 1199 ritum
357 1169 444 1200 illius
460 1171 537 1202 loci.-
559 1182 648 1202 arcus
669 1173 870 1213 triumphalis
893 1177 1013 1204 erectus
1033 1176 1076 1204 est
1101 1174 1138 1203 de
1163 1172 1340 1203 nationibus
1355 1171 1500 1201 subactis.
1547 1170 1614 1200 Hic
1640 1171 1710 1200 (luae

243 1212 405 1251 quadrigce
428 1218 591 1244 numerant
611 1216 721 1246 multos
747 1216 934 1256 elephantos.
980 1218 1102 1247 Aureus
1123 1216 1187 1255 ipse
1201 1225 1261 1255 par
1282 1218 1327 1245 est
1343 1213 1521 1253 ingentibus
1527 1212 1627 1251 jugis.
1675 1211 1706 1242 Ο

246 1254 441 1296 Germanice,
460 1256 525 1287 lzoec
542 1261 635 1297 porta
661 1260 800 1290 com-enit
824 1260 887 1290 tuis
909 1260 1096 1300 triumphis:
1119 1268 1178 1298 par
1193 1261 1238 1289 est
1255 1257 1360 1288 urbem
1387 1256 1508 1287 Illartis
1522 1256 1633 1286 habere
1656 1254 1710 1285 hos

242 1297 406 1330 introitu&

858 1355 1092 1366 eeeeeeeeeee

286 1396 305 1424 3
331 1394 398 1425 Hic
414 1397 502 1427 stetit
515 1396 627 1427 Arctoi
639 1397 781 1435 furnos-us
801 1397 1005 1429 Beverlandi
1023 1399 1155 1429 Ms.-4
1183 1398 1291 1429 Coesar
1306 1397 1343 1428 ab
1359 1396 1429 1427 orbe
1447 1396 1557 1428 codex
1572 1396 1712 1426 Floren-

244 1436 411 1469 tinus.—5
450 1438 528 1470 Ald.
556 1440 653 1471 Junt.
680 1441 789 1473 Colin.
817 1441 952 1481 Gryph.
970 1443 1035 1472 &a
1058 1442 1190 1472 candidu
1215 1441 1314 1471 vultu.
1360 1440 1478 1471 Codex
1504 1438 1708 1470 Pulrnanni:

243 1480 375 1511 candida
404 1483 567 1512 cunm—8
592 1482 664 1513 Stat
690 1494 777 1514 sacer
800 1487 829 1514 et
851 1484 978 1515 domitis
1002 1484 1147 1522 gentibus
1171 1494 1262 1514 arcus
1288 1486 1358 1514 ovat
1386 1483 1494 1514 codex
1513 1482 1707 1513 Pulmanui.

243 1520 316 1553 Stat
334 1533 418 1554 sacer
434 1528 464 1555 et
492 1526 619 1557 domitis
631 1526 779 1565 gentibus
798 1538 888 1557 arcus
904 1537 997 1557 orans
1012 1527 1220 1557 Beverlandi
1240 1527 1375 1558 Ms.—-9
1398 1526 1436 1556 ln
1455 1525 1534 1557 edd.
1552 1529 1637 1556 vett.
1655 1525 1711 1556 ele-

238 1565 357 1605 phanta
366 1567 563 1608 frequenter.
608 1569 729 1600 Lectio
746 1574 863 1601 nostra
879 1574 931 1600 est
948 1579 990 1600 ex
1008 1570 1099 1610 conj.
1115 1568 1309 1600 Pulmanni.

908 1643 1051 1676 NOTAE

286 1698 304 1725 3
344 1695 473 1737 Arctoi]
512 1697 705 1730 Sarmatici.
760 1697 835 1729 Lib.
882 1707 948 1730 vn.
1004 1702 1172 1739 exceptus
1195 1704 1248 1730 est
1272 1699 1479 1739 Imperator.

243 1746 345 1786 Epig.
363 1750 394 1778 6.
1047 1752 1066 1780 7
1094 1750 1137 1780 Et
1153 1751 1252 1780 altera
1265 1749 1360 1789 dona]
1386 1748 1512 1780 Arcum
1525 1749 1711 1789 triumpha-

285 1800 305 1828 4
331 1798 646 1839 Purpureumjtcbar]
671 1799 748 1830 Hoc
766 1804 831 1838 est,
849 1798 948 1830 rubo·
1004 1799 1085 1838 lem,
1115 1804 1150 1830 et
1179 1800 1345 1840 templum
1362 1800 1523 1830 Fortunae
1541 1799 1708 1840 intellige,

241 1856 325 1878 reni.
366 1849 550 1880 Suetonius
567 1859 643 1890 cap.
663 1852 713 1880 18.
731 1850 764 1880 in
783 1849 947 1880 Domitia·
1004 1857 1235 1891 praeterquam
1265 1849 1356 1891 quod
1389 1850 1436 1881 ibi
1474 1851 1621 1891 populus
1651 1851 1709 1881 be-

242 1908 306 1929 no:
330 1899 339 1915 ‘
355 1900 494 1930 Statura
509 1899 572 1930 fuit
591 1910 748 1940 procera,
766 1901 863 1931 vultu
879 1910 947 1932 mo-
1003 1901 1106 1942 nigne
1129 1911 1147 1931 a
1168 1901 1368 1932 Domitiano
1385 1906 1552 1942 exceptus
1569 1901 1644 1933 fuit.

243 1948 354 1988 desto,
370 1949 571 1991 ruborisque
587 1951 711 1991 pleno?
1047 1955 1067 1983 9
1091 1952 1158 1983 Hit:
1170 1952 1290 1991 gemini
1305 1951 1429 1992 currus]
1451 1952 1565 1993 Supra
1591 1962 1709 1984 arcum

284 2004 303 2031 5
335 2001 375 2031 Et
397 2001 530 2032 candida
554 2001 654 2041 cultu]
678 2001 776 2032 Albis
795 2001 947 2033 vestibus
1004 2003 1179 2033 collocatae
1197 2009 1295 2034 erant
1311 2003 1386 2033 duae
1404 2002 1594 2044 quadrigae,
1609 2013 1710 2044 prop-

241 2049 354 2082 induti
371 2052 580 2092 triumphum
609 2052 864 2083 comitabantur
881 2053 948 2083 Ro-
1003 2058 1058 2084 ter
1072 2054 1242 2095 duplicem
1256 2064 1298 2085 ex
1313 2054 1419 2085 Dacis
1434 2054 1622 2094 victoriam,
1637 2054 1710 2096 qui-

240 2102 342 2132 mani.
359 2102 535 2134 Juvenalis
553 2103 626 2134 Sat.
645 2113 680 2135 x.
704 2105 712 2120 ⁴
725 2109 759 2135 et
774 2104 889 2135 niveos
905 2104 946 2135 ad
1003 2104 1065 2135 bus
1087 2105 1261 2145 elephanti
1284 2105 1399 2144 juncti
1415 2110 1525 2145 erant,
1550 2115 1633 2146 quos
1651 2115 1708 2136 au-

241 2151 348 2182 fraena
365 2152 538 2185 Quirites!
572 2154 744 2196 Antiquus
766 2155 873 2187 codex
891 2156 947 2186 ha-
1003 2165 1062 2185 rea
1078 2154 1266 2185 Domitiani
1283 2160 1395 2186 statua
1413 2157 1568 2196 regebat.

243 2203 316 2242 bet,
334 2205 466 2235 candida
484 2206 579 2237 cultu.
1057 2206 1231 2246 Elephunta
1259 2206 1456 2247 frequentem
1494 2207 1708 2248 [frequenter]

284 2256 304 2284 6
329 2254 502 2295 Manuque]
531 2254 633 2286 Refer
649 2255 690 2287 ad
709 2257 863 2297 plausum
879 2266 945 2298 quo
999 2257 1090 2290 Quid
1107 2258 1135 2288 si
1153 2256 1496 2298 lega57f1·equente1n?

877 2363 1057 2406 LXVI.

687 2454 750 2483 DE
784 2455 1083 2485 CONSULATU
1117 2456 1254 2486 sum.

469 2518 710 2562 AUGUSTO
734 2523 811 2576 pia
832 2523 973 2574 thura,
994 2524 1290 2577 victimasque

471 2588 559 2629 Pro
583 2593 735 2631 nostro
759 2591 864 2631 date
886 2592 1012 2642 Silio,
1036 2591 1276 2634 Camoenae.

286 2700 316 2731 Ο
336 2700 450 2739 Musoe,
465 2699 574 2741 offerte
587 2699 770 2731 Domitiano
785 2702 838 2742 pia
852 2702 957 2742 thura,
969 2706 998 2733 et
1015 2702 1158 2733 victimas
1171 2712 1228 2743 pro
1243 2705 1346 2733 nostro
1355 2702 1446 2734 Silio.
1478 2703 1558 2735 Ecce
1571 2704 1704 2746 imperat

857 2775 1093 2788 ,,,,,,,,,,,,

286 2822 305 2849 2
335 2819 397 2849 Pro
424 2821 524 2849 vestro
552 2819 661 2850 codex
679 2819 871 2861 Palatinus,
894 2832 967 2864 quae
991 2822 1093 2854 lectio
1121 2823 1307 2864 impensius
1325 2822 1454 2854 arridet
1478 2823 1703 2856 Grutero.-—4
