1924 3225
612 246 1019 279 EPIGRAMMATUM
1054 247 1150 276 [AB.
1186 247 1270 276 vll.

1580 237 1665 279 523

859 340 999 373 NOTAE

245 412 262 440 l
289 409 458 450 Cosmicos]
482 407 645 448 Κοσμικός·
660 408 726 440 hoc
738 412 803 448 est,
815 417 902 438 mun-

199 462 309 494 danus.
352 462 429 493 Hoc
445 462 662 502 Epigramma
677 459 725 490 sic
750 459 903 499 explicat

200 511 383 544 Turnebus
403 512 460 544 lib.
479 521 570 544 xxv.
588 522 664 552 cap.
680 514 732 543 24.
778 510 903 550 Credo,

199 563 324 605 inquit,
351 563 584 605 Sempronium
615 563 762 594 voluisse
794 562 903 594 videri

199 614 351 645 Socratis
392 619 428 646 ct
453 614 728 655 philosophorum
756 613 906 644 imitato-

200 675 271 696 rem
288 666 346 707 qui
374 675 410 696 se
431 665 618 696 mundanos
634 664 806 702 dicebaut,
837 673 906 694 non

200 716 342 757 alicujus
357 717 440 747 certi
459 715 658 757 definitique
672 715 738 746 loci
761 715 905 745 munici-

201 776 262 807 pes
277 777 285 798 :
314 776 353 798 ac
369 776 403 798 se
418 766 622 798 mundanum
639 776 713 798 esse
726 765 905 806 respondit

957 406 1197 446 interroganti,
1229 406 1324 447 cujas
1357 410 1447 437 esset
1476 406 1663 438 Socrates:

957 457 1130 488 Martialis
1143 456 1336 497 autem,qui
1348 456 1509 488 mundum
1526 462 1665 489 tantun·

958 509 1036 540 dem
1054 508 1132 539 boni
1161 513 1323 549 quantum
1345 508 1424 538 mali
1452 508 1578 539 habere
1601 509 1666 539 sci-

959 565 1026 599 ret,
1052 565 1088 591 et
1109 560 1235 590 multos
1259 559 1467 599 intelligeret
1485 558 1665 590 ambitioso

960 609 1155 651 philosophi
1186 610 1321 640 nomine
1343 618 1466 649 magna
1495 603 1579 640 vitia
1608 619 1665 641 oc-

962 661 1106 701 cultare,
1118 662 1266 693 cosmica
1278 667 1314 692 et
1331 661 1422 692 bona
1436 665 1472 692 et
1488 661 1576 691 mala
1592 671 1665 692 esse

961 712 1057 750 dicit,
1083 723 1125 744 ne
1154 721 1195 743 eo
1219 712 1355 744 nomine
1383 721 1420 743 se
1443 711 1664 753 Sempronius

961 764 1257 804 circumspiceret.

851 897 1012 939 XLII.

727 989 793 1018 AD
828 989 1132 1019 CAsrlzicuni.

199 1056 250 1097 M
258 1067 321 1097 UN
332 1068 483 1098 ERIBU
491 1067 513 1097 S
535 1057 690 1111 cupiat
710 1058 748 1098 si
771 1057 869 1110 quis
891 1057 1154 1098 contendere
1176 1062 1336 1108 tecum,

253 1123 433 1166 Audeat
452 1126 523 1166 hic
546 1126 696 1174 etiam,
719 1124 931 1175 Castrice,
955 1126 1234 1166 carminibus.

198 1192 299 1233 Nos
322 1198 475 1237 tenues
497 1194 539 1233 in
557 1198 746 1246 utroque
767 1205 934 1242 sumus,
958 1193 1160 1246 vincique
1182 1195 1352 1247 parati:

255 1261 366 1302 Inde
390 1275 526 1315 sopor
545 1262 687 1312 nobis,
708 1266 752 1302 et
773 1262 922 1315 placet
950 1262 1038 1302 alta
1061 1262 1201 1315 quies.

197 1329 310 1371 Tam
330 1330 447 1370 mala
467 1343 546 1370 cur
566 1330 695 1382 igitur
716 1329 911 1370 dederim
934 1329 1014 1370 tibi
1034 1330 1246 1380 carmina,
1269 1330 1463 1383 quaeris?

1634 1328 1662 1368 Οἵ

253 1396 443 1439 Alcinoo
464 1399 632 1439 nullum
654 1411 790 1452 poma
806 1397 981 1438 dedisse
1001 1398 1165 1452 putas?

241 1505 272 1537 Ο
291 1507 446 1545 Castrice,
461 1507 489 1536 si
511 1508 581 1547 quis
596 1507 670 1538 velit
687 1511 806 1539 certare
829 1510 930 1538 tecum
958 1507 1059 1545 donis,
1075 1508 1124 1539 hic
1140 1518 1257 1549 quoque
1271 1509 1384 1539 audeat
1399 1507 1547 1539 versibus.
1594 1507 1665 1537 Nos

198 1557 305 1579 sumus
321 1550 490 1580 mediocres
505 1550 538 1580 in
549 1553 690 1589 utroque,
706 1554 735 1580 et
749 1551 866 1590 promti
880 1552 920 1581 ad
933 1552 1112 1590 cedendum,
1128 1551 1201 1582 ltine
1214 1562 1283 1583 amo
1306 1560 1445 1591 soporem
1459 1554 1551 1589 atque
1564 1550 1663 1581 otium

195 1591 339 1623 nimium.
387 1592 504 1630 Rogas,
517 1601 572 1622 cur
587 1602 661 1631 ergo
677 1593 815 1623 dederim
828 1592 888 1623 tibi
904 1596 969 1624 tam
982 1594 1078 1624 malos
1093 1592 1225 1626 versus?
1269 1593 1324 1625 An
1340 1594 1440 1625 credis
1465 1592 1628 1625 Alcinoum
1641 1603 1661 1624 α

195 1635 316 1665 nemine
338 1636 490 1674 accepisse
503 1645 591 1675 poma
605 1634 621 1667 ί)

807 1687 1044 1699 ‘Meemem

237 1740 280 1772 In
294 1741 357 1772 hoc
373 1741 629 1782 Epigrammate
651 1742 846 1774 exhibendo
869 1744 998 1774 nullam
1027 1743 1186 1776 lectionis
1209 1743 1412 1776 varietatem
1429 1743 1582 1785 produnt
1600 1753 1659 1775 ex-

195 1784 373 1825 emplaria.

860 1828 1003 1860 NOTAE

238 1895 256 1923 1
280 1891 480 1934 Muneribus]
505 1892 573 1924 Hic
603 1892 777 1924 Castricus
802 1896 836 1924 et
848 1893 898 1924 di-

954 1893 1028 1935 regi
1052 1894 1086 1926 in
1110 1894 1220 1926 insula
1243 1895 1411 1936 Corcyra,
1431 1894 1656 1943 hodieJXCor-

193 1942 284 1974 vitiis
300 1948 335 1974 et
352 1943 508 1974 doctrina
537 1943 738 1982 abundavit,
761 1944 815 1976 cui
832 1945 899 1986 pri·
945 1945 1017 1985 fue,
1053 1945 1149 1986 cujus
1182 1945 1272 1977 horti
1302 1945 1410 1987 pomis
1439 1945 1658 1977 nobilissimis

193 2003 266 2024 mas
282 1993 342 2025 dat
357 1993 478 2026 Poeta.

235 2048 254 2076 5
282 2044 358 2076 Tam
372 2044 470 2085 mala]
494 2044 675 2076 Rationem
691 2045 819 2086 reddit,
837 2056 898 2078 cur

192 2095 236 2128 ad
263 2095 456 2128 Castricum
490 2105 609 2127 versus
633 2096 778 2135 miserit,
809 2097 899 2138 quia,

193 2155 331 2188 nempe,
357 2146 533 2188 inquitret
552 2146 699 2180 Alcinoo
713 2147 900 2180 Phaeacum

954 1995 1187 2037 abundarunt,
1221 1996 1343 2038 aliquis
1378 1995 1495 2027 forsan
1532 1995 1660 2028 obtulit

954 2057 1067 2088 poma,
1082 2052 1118 2079 et
1129 2047 1266 2089 quidem
1280 2047 1348 2078 suis
1365 2047 1466 2087 longe
1479 2045 1656 2078 iuferiora.

954 2097 1071 2139 Hujus
1100 2098 1238 2130 Alcinoi
1264 2098 1380 2130 hortos
1404 2097 1570 2130 describit
1586 2098 1656 2130 Ho-

955 2157 1039 2180 mer.
1053 2148 1123 2181 Od.
1140 2148 1179 2179 Z.

838 2305 1027 2348 XLIII.

776 2396 828 2426 IN
862 2396 1074 2426 CINNAM.

194 2460 408 2503 PRIMUM
429 2466 514 2513 est,
535 2467 587 2504 ut
607 2467 813 2517 praestes,
835 2465 875 2505 si
897 2465 1006 2518 quid
1027 2468 1085 2515 te,
1108 2464 1263 2515 Cinna,
1285 2465 1450 2520 rogabo
1468 2479 1478 2507 :

251 2528 369 2571 Illud
391 2530 548 2572 deinde
564 2544 771 2586 sequenS,
793 2535 843 2573 ut
861 2533 964 2582 cito,
986 2531 1144 2584 Cinna,
1168 2546 1316 2586 neges.

237 2640 268 2672 O
285 2641 399 2681 Cinna,
420 2643 554 2683 primum
569 2646 614 2674 est
629 2646 664 2675 ut
678 2645 744 2685 des,
759 2644 788 2675 εἰ
803 2644 877 2685 quid
889 2648 995 2686 petam
1006 2655 1025 2676 α
1040 2648 1071 2676 te
1082 2654 1094 2682 ,·
1107 2645 1217 2676 deinde
1232 2644 1310 2676 illud
1324 2654 1466 2686 sequenS,
1486 2648 1521 2676 ut
1532 2654 1650 2677 recuses

806 2731 1045 2743 mmm

235 2784 257 2812 2
281 2780 363 2811 Illud
385 2780 495 2812 deinde
504 2792 627 2822 sequens
641 2783 682 2823 si,
695 2785 748 2824 ᾇο.
763 2784 798 2815 in
815 2784 935 2816 codice
946 2786 1138 2819 Pulmanni.
1184 2786 1348 2818 Nostram
1364 2786 1543 2819 lectionem
1555 2786 1648 2819 exhi-

196 2823 279 2856 bent
295 2824 350 2854 alii
367 2823 465 2858 codd.
482 2834 559 2857 cum
575 2826 652 2858 edd.
671 2833 753 2859 vett.
769 2827 936 2861 omnibus.
