1893 3225
540 209 937 238 nrienlxmmrrm
977 209 1069 239 mn.
1104 208 1197 239 xn.
1503 199 1589 242 919

763 354 952 395 LXIX.

691 446 758 474 An
794 444 1050 474 PAULLUM.

250 516 331 556 Sic
354 520 565 569 tanquam
586 513 777 562 tabulas,
800 512 1098 565 scyphosque,
1121 510 1292 560 Paullo,

247 582 410 623 Omnes
432 583 694 636 archetypos
716 580 854 620 habes
878 579 1061 619 amicos.

180 688 210 717 s)
229 688 353 727 Paulle,
368 698 470 719 omnes
482 687 574 718 amici
591 686 648 718 tibi
661 688 734 717 sunt
750 684 925 726 archetypi,
948 684 1043 714 veluti
1058 682 1184 722 tabuloe,
1206 685 1235 713 et
1251 680 1374 722 scyphi.

784 772 921 803 NOTAE

180 841 194 868 1
220 838 273 869 Sic
288 837 449 878 tanquam]
484 839 609 869 Sensus
640 841 713 868 est:
739 836 832 867 Nihil
887 834 1075 876 cipiebant,
1091 833 1150 865 sed
1165 832 1284 874 quibus
1313 830 1416 862 veluti
1432 829 1588 869 archety-

133 890 191 920 das
209 889 380 921 veteribus
397 890 526 929 amicis,
552 898 633 930 quos
653 888 758 919 habes
775 898 831 918 ve·
888 885 938 926 pis
953 884 1084 926 poculis
1101 888 1264 922 uteretur,
1277 891 1352 924 quae
1365 880 1473 912 nullas
1484 879 1590 910 domi—

135 942 196 971 luti
211 941 330 981 pocula
340 941 541 981 archetypa.
569 939 656 971 Vide
673 939 732 970 lib.
750 947 834 971 vm.
891 946 933 966 no
970 936 1154 975 impensas,
1190 933 1331 965 multum
1362 941 1443 963 vero
1482 930 1590 962 laudis

138 991 240 1030 Epig.
254 993 307 1022 33.
333 991 473 1021 Paullus
491 990 626 1031 quidem
650 999 769 1020 avarus
783 999 835 1020 or·
893 985 1050 1017 afferunt.

131 1041 274 1072 nabatur
289 1042 331 1073 ab
346 1042 472 1082 amicis,
496 1052 514 1073 a
532 1052 597 1083 quo
615 1042 662 1073 illi
683 1041 763 1072 nihil
781 1050 836 1072 ac-

776 1173 938 1214 LXX.

711 1263 741 1291 D
764 1263 790 1291 E
840 1265 869 1293 A
894 1265 917 1293 P
936 1264 966 1293 R
987 1264 1029 1293 o.

136 1330 333 1370 ΙΛΝΤΕΑ
355 1330 482 1371 ferret
501 1328 630 1383 Apro
651 1329 801 1371 vatius
821 1344 923 1371 cum
943 1331 1128 1372 vernula
1152 1342 1306 1383 nuper,

190 1399 247 1439 Et
267 1411 400 1451 supra
417 1398 610 1450 togulam
630 1398 758 1438 lusca
780 1398 951 1439 sederet
973 1411 1083 1439 anus
1100 1411 1110 1450 ;

132 1465 282 1519 Atque
303 1466 390 1506 olei
413 1466 578 1506 stillam
599 1465 723 1507 daret
744 1467 1060 1507 enterocelicus
1081 1470 1262 1507 unctor:

192 1533 390 1574 Udorum
411 1533 595 1574 tetricus
613 1546 768 1574 censor
785 1537 828 1574 et
850 1547 982 1588 asper
1004 1538 1110 1576 erat.

135 1601 417 1654 Frangendos
439 1601 619 1651 calices,
644 1601 1041 1656 effundendumque
1064 1602 1297 1643 Falernum
1562 1598 1590 1638 5

190 1668 438 1718 Clamabat,
460 1669 630 1710 biberet
654 1669 729 1723 qui
754 1669 887 1710 modo
908 1670 1022 1711 lotus
1043 1682 1194 1724 eques.

180 1777 257 1807 Cum
280 1786 376 1816 nuper
393 1776 520 1815 jejunus
544 1778 671 1807 vernula
695 1781 834 1818 portaret
861 1778 958 1809 lintea
984 1780 1024 1808 ad
1050 1778 1184 1817 Aprum,
1208 1780 1238 1807 et
1264 1777 1346 1806 lusca
1372 1772 1594 1805 anus'sederet

134 1829 226 1860 super
251 1820 412 1858 togulam,·
435 1823 466 1850 et
493 1820 637 1858 Opelicus
661 1824 770 1850 unctor
790 1821 879 1851 daret
901 1821 1021 1851 stillam
1046 1821 1129 1857 olez';
1162 1819 1301 1857 acerbus,
1323 1821 1353 1849 et
1378 1825 1502 1848 severus
1526 1819 1594 1846 erat

130 1872 235 1893 censor
249 1863 411 1893 nudorum.
462 1861 698 1899 Vociferabatur
714 1862 897 1902 frangenda
910 1864 1031 1904 pocula,
1058 1866 1150 1903 atque
1175 1861 1394 1903 effundendum
1418 1860 1596 1897 Falernum,

744 1936 979 1948 emate-eote»

178 1983 191 2011 l
225 1979 345 2011 Vacuus
361 1978 438 2010 edd.
456 1984 539 2010 vett.
555 1984 590 2011 et
606 1980 733 2020 Delpli.
750 1985 785 2011 et
798 1981 913 2012 Maitt.
963 1981 1067 2011 Vanus
1083 1980 1149 2011 Ms.
1165 1978 1198 2009 in
1215 1988 1320 2018 marg.
1334 1977 1388 2008 ed.
1404 1977 1483 2007 Par.
1499 1977 1592 2006 1617.

134 2025 196 2054 —3
222 2023 363 2054 Donaret
388 2023 530 2062 Opelicus
545 2022 624 2053 odd.
642 2028 728 2054 vett.
774 2024 897 2054 Tereret
921 2023 1105 2064 Emporicus
1121 2023 1188 2054 Ms.
1214 2022 1249 2052 in
1270 2030 1377 2060 marg.
1403 2018 1512 2060 ejusd.
1536 2018 1592 2049 ed.

136 2067 217 2096 Par.
248 2065 337 2106 quod
372 2064 462 2096 forte
490 2066 531 2096 ab
558 2065 724 2106 Emporiis
754 2067 882 2107 oppido
907 2065 1174 2098 Tarraconensis
1205 2063 1382 2104 Hispaniae
1424 2066 1595 2098 exortum,

136 2113 277 2139 notante
309 2108 354 2138 ibi
378 2108 449 2138 viro
474 2108 654 2139 ‹locta—4
673 2109 837 2139 Nudorum
860 2109 937 2140 edd.
963 2114 1046 2140 vett.
1071 2113 1107 2139 et
1125 2107 1292 2139 Bam—6
1316 2106 1445 2137 Biberes
1469 2105 1536 2136 Ms.
1560 2104 1594 2134 in

134 2161 240 2192 marg.
252 2151 305 2182 ed.
321 2151 401 2182 Par.
414 2154 508 2182 1617.
555 2151 666 2191 Tyberz'
680 2153 758 2191 quod
772 2152 840 2183 Ms.
859 2152 1011 2184 Florent.
1041 2152 1186 2183 Consule
1202 2151 1284 2181 Not.
1299 2149 1447 2180 Van—7
1465 2147 1595 2179 Nummi

791 2238 931 2270 NOTAE

179 2312 194 2339 l
220 2307 349 2349 Lintea]
371 2309 502 2342 Quibus
531 2309 627 2351 Aper
653 2310 743 2341 lotus
759 2310 833 2341 abs·
932 2313 951 2341 4
980 2310 1039 2341 Ud.
1058 2307 1255 2350 [Nudorum]
1272 2307 1362 2338 Toto
1380 2307 1508 2348 quippe
1519 2315 1593 2337 cor-

140 2364 351 2400 tergeretur.
890 2371 973 2402 pore
996 2361 1077 2392 nudi
1094 2360 1254 2392 lavabant
1281 2359 1422 2399 antiqui.
1459 2358 1594 2397 Legunt

178 2412 198 2440 2
223 2410 269 2440 Et
284 2419 378 2449 supra
392 2410 544 2450 togulam]
559 2411 612 2443 Ne
626 2410 832 2443 subducere·
889 2412 959 2452 alii,
995 2413 1123 2442 udorum
1162 2411 1238 2441 vino
1276 2409 1409 2440 scilicet
1439 2407 1591 2439 madido-

137 2465 204 2500 tur,
228 2470 291 2491 nec
329 2461 416 2490 enim
455 2461 604 2493 habebat
642 2472 755 2493 servos
779 2462 835 2504 qui
890 2472 975 2494 rum.

137 2512 227 2542 illam
242 2510 467 2543 custodirent.
933 2516 951 2543 5
978 2511 1195 2552 Frangendos]
1219 2510 1402 2543 Clamabat
1419 2507 1514 2549 Aper
1529 2509 1591 2539 tol-

182 2564 200 2590 3
218 2561 322 2599 Atque
336 2559 409 2599 olei]
425 2560 466 2590 In
479 2561 605 2593 balneis
621 2562 838 2603 ungebantur
890 2563 1006 2594 lendas
1024 2563 1230 2603 potationes,
1245 2566 1280 2592 et
1294 2559 1497 2600 frangendos
1510 2559 1591 2590 cali-

136 2616 285 2650 veteres»,
309 2611 368 2641 sed
391 2617 459 2642 tam
486 2622 617 2652 pauper
632 2618 707 2644 erat
730 2613 838 2655 Aper,
894 2622 951 2644 ces
981 2613 1072 2643 illius
1107 2612 1242 2653 equitis,
1279 2611 1335 2652 qui
1376 2608 1477 2640 modo
1504 2609 1592 2639 lotus

139 2666 177 2692 ut
193 2671 256 2692 nec
274 2661 357 2692 satis
374 2661 439 2692 olei
465 2661 507 2692 ad
535 2662 622 2694 bene
641 2664 834 2704 ungendum
895 2664 1041 2696 biberet.
1084 2663 1214 2703 Legunt
1228 2662 1298 2700 alii,
1312 2660 1438 2699 biberes,
1452 2659 1515 2689 hoc
1528 2663 1595 2697 est,

138 2722 261 2752 corpus
276 2721 388 2742 emere
406 2716 532 2751 posset.
894 2714 976 2745 Situ
991 2723 1105 2753 equeS,
1116 2713 1172 2754 qui
1185 2711 1284 2743 modo
1298 2710 1412 2741 exibas
1423 2719 1440 2740 e
1455 2708 1595 2748 balneis,

180 2760 426 2801 Enterocelicus]
462 2761 540 2792 Hoa
569 2764 630 2802 est,
653 2762 842 2794 herniosus.
896 2764 1044 2795 biberes.
