1924 3225
322 226 407 268 530
799 237 848 267 M.
883 236 993 266 VAL.
1027 237 1304 267 MARTIALIS

324 330 448 384 Quid
467 330 576 373 facit
594 329 779 373 Alcides
802 331 929 386 sylva
950 336 1149 372 sacratus
1170 332 1214 373 in
1236 332 1356 374 ista?
1754 335 1783 376 5

379 400 491 441 Tam
512 400 659 442 vicina
677 400 758 441 tibi
786 413 864 440 cur
885 403 1002 440 tenet
1023 403 1147 441 antra
1166 401 1292 442 Deus
1305 402 1324 441 Τ

322 468 553 522 Numquid
573 468 860 522 nympharum
881 474 1013 509 notos
1036 470 1242 510 observat
1265 481 1453 519 amoreS,

378 536 491 577 Tam
511 536 636 578 multi
657 537 822 590 pariter
842 550 896 578 ne
917 537 1146 591 rapiantur
1169 538 1338 591 Hylae?

325 648 544 688 Ganymedem
566 649 639 688 quid
661 648 729 688 agit
755 649 905 680 Hercules
929 652 1072 680 sacratus
1096 649 1128 680 in
1149 648 1210 680 ista
1226 647 1339 689 sylva?
1362 657 1455 689 quare
1472 648 1558 678 Deus
1574 650 1700 687 occupat
1716 649 1781 678 tam

320 691 506 731 propinquas
520 691 578 722 tibi
594 693 773 732 speluncas,
765 690 780 713 ἶ
804 703 876 723 num
889 693 1024 724 custodit
1040 692 1178 732 cognitos
1189 702 1308 724 amores
1321 691 1486 732 Nympluu
1489 701 1550 731 um,
1561 701 1598 722 ne
1614 695 1679 722 tam
1693 691 1783 722 multi

324 734 422 774 Hylae
434 734 581 766 similiter
602 734 793 776 rapiantur?

1011 867 1090 908 LI.

879 958 945 988 AD
979 957 1223 988 URsslcUM.

324 1023 374 1065 M
385 1035 566 1065 ERCARI
588 1030 767 1066 nostras
790 1026 828 1067 si
851 1031 891 1067 te
913 1026 1047 1079 piget,
1071 1024 1250 1075 Urbice,
1271 1038 1423 1079 nugas,

382 1092 438 1134 Et
458 1093 631 1134 lasciva
652 1097 798 1133 tamen
820 1094 1020 1134 carmina
1040 1106 1171 1133 nosse
1190 1093 1324 1134 libet:

323 1159 587 1213 Pompeium
609 1174 782 1214 quaeras
804 1160 872 1214 (et
892 1161 1013 1201 nosti
1034 1158 1244 1213 forsitan)
1264 1158 1485 1212 Auctum3

381 1227 552 1270 Ultoris
570 1229 712 1282 prima
734 1228 895 1269 Martis
916 1228 962 1268 in
983 1228 1080 1268 aede
1103 1227 1242 1268 sedet.

323 1294 352 1335 J
358 1308 429 1335 ure
450 1296 645 1346 madens,
668 1296 882 1349 varioque
905 1300 1016 1348 togae
1038 1295 1219 1336 limatus
1242 1295 1286 1335 in
1306 1307 1408 1344 usn,
1752 1295 1782 1335 5

381 1362 485 1404 Non
505 1364 643 1404 lector
664 1377 786 1404 meus
807 1363 894 1414 hic,
916 1363 1101 1413 Urbice,
1125 1363 1204 1404 sed
1220 1363 1330 1403 liber
1346 1367 1427 1404 est.

324 1429 399 1470 Sic
421 1435 536 1471 tenet
558 1431 754 1471 absentis
775 1436 966 1480 nostros,
989 1435 1227 1485 cantatque
1248 1430 1445 1472 libellos:

381 1496 443 1538 Ut
464 1502 614 1551 pereat
635 1499 796 1538 chartis
818 1498 949 1538 litera
969 1497 1090 1538 nulla
1109 1497 1236 1537 meis.

322 1563 546 1618 Denique,
567 1567 604 1606 si
626 1566 776 1615 vellet,
799 1570 974 1619 poterat
995 1565 1231 1618 scripsisse
1252 1564 1417 1616 videri3

379 1632 468 1674 Sed
488 1633 619 1674 famae
640 1634 809 1674 mavult
830 1633 904 1674 ille
924 1633 1076 1674 favere
1100 1647 1225 1674 meae.
1725 1633 1782 1675 10

365 1741 397 1773 Ο
419 1741 542 1781 Urbice,
557 1743 585 1772 ,ςί
601 1743 694 1773 toedet
707 1746 738 1773 te
753 1752 852 1774 emere
867 1745 989 1774 nostras
1011 1741 1158 1783 ineptias,
1174 1745 1203 1772 et
1220 1741 1422 1772 nihilominus
1443 1739 1544 1780 placet
1560 1744 1665 1773 tenere
1678 1752 1784 1773 rer-sus

320 1785 448 1815 lascivos
460 1796 470 1816 ,-
494 1795 616 1824 quoerns
634 1786 814 1826 Pompeium
830 1786 976 1822 Anctum,
994 1789 1022 1815 et
1032 1785 1121 1824 forte
1136 1785 1272 1820 ποι-ἰοῦ,-
1286 1784 1408 1814 habitat
1422 1783 1456 1814 in
1469 1785 1535 1814 ‹ecle
1549 1784 1650 1823 prima
1664 1785 1784 1816 Martis

320 1828 442 1858 ultoris.
491 1828 902 1867 Imbutusjurisprudentia,
916 1832 1007 1868 atque
1023 1828 1213 1858 emm-citatus
1227 1828 1260 1857 in
1275 1827 1360 1857 rar-io
1376 1836 1432 1857 usn
1448 1829 1540 1866 togae,
1554 1836 1572 1857 o
1594 1827 1717 1867 Urbice,
1732 1829 1784 1860 hic
1836 1858 1839 1861 ,

321 1880 381 1900 non
405 1873 449 1901 est
463 1880 545 1900 meus
567 1871 674 1909 lectar,
697 1873 749 1901 sed
765 1872 852 1902 liber.
899 1872 952 1902 lta
983 1871 1041 1902 scit
1058 1874 1089 1901 et
1115 1869 1438 1902 canitnostroslibros
1461 1879 1520 1900 non
1543 1874 1724 1910 praesentes,
1746 1875 1783 1902 ut

320 1914 407 1943 nulla
431 1914 549 1953 syllaba
561 1914 641 1944 desit
656 1914 732 1944 meis
761 1914 898 1954 scriptis.
947 1914 1096 1952 Tandem,
1119 1914 1147 1944 si
1161 1913 1284 1952 liberet,
1306 1915 1429 1953 poterat
1446 1913 1546 1943 videri
1561 1914 1762 1952 composuisse
1774 1926 1784 1946 .-

320 1956 422 1986 atille
443 1957 558 1987 mavult
573 1958 698 1988 studere
712 1966 787 1988 mere
801 1957 1037 1988 existimationi.
1083 1957 1179 1987 Potes
1200 1956 1279 1987 hunc
1297 1965 1465 1997 provocare
1487 1966 1506 1986 α
1529 1956 1647 1986 decima
1661 1968 1671 1988 .-
1705 1958 1782 1997 (nec

931 2028 1168 2040 eaemaemvee

363 2073 381 2101 3
407 2071 589 2112 Pompeium
617 2082 735 2112 quaeres
760 2073 868 2104 codex
893 2074 1095 2105 Vaticanus.
1156 2072 1338 2113 Pompeium
1364 2073 1479 2113 quoeris
1506 2071 1615 2104 codex
1641 2072 1783 2104 Floren-

319 2112 420 2145 tinus.
426 2119 484 2144 —5
505 2115 543 2145 In
559 2115 676 2147 codice
692 2117 862 2147 Vaticano
875 2118 1011 2156 lunatas,
1027 2122 1171 2158 propter
1187 2115 1442 2147 similitudinem
1460 2115 1668 2157 syllabarum
1684 2117 1728 2147 im
1745 2120 1782 2147 et

320 2166 361 2186 un
387 2156 420 2186 iu
447 2158 657 2190 membranis,
702 2159 783 2190 Ant.
808 2159 850 2191 de
867 2161 964 2201 Rooy
981 2161 1071 2200 conj.
1094 2159 1132 2191 ub
1148 2170 1216 2191 usu
1239 2158 1327 2190 xide
1344 2159 1478 2200 Micyll.
1495 2159 1537 2190 ad
1555 2158 1656 2190 Ovid.
1678 2159 1780 2191 Trist.

321 2207 374 2230 lv.
394 2202 513 2231 10.16
537 2200 634 2232 Idem
651 2201 753 2234 Ovid.
771 2203 849 2235 Art.
868 2203 946 2235 Am.
962 2212 1020 2235 ιιι.
1037 2205 1091 2235 91.
1135 2202 1362 2234 ‘Conteritur
1377 2202 1519 2242 ferrum,
1546 2201 1658 2233 silices
1683 2206 1782 2233 tenu-

976 2284 1009 2316 N
1015 2283 1118 2315 OTAE

363 2345 383 2373 4
411 2343 654 2387 Ultorisprima]
679 2348 788 2380 Quam
811 2348 917 2380 Marti
930 2348 1021 2380 bello
1076 2357 1157 2379 nere
1190 2348 1416 2379 exercitatum
1447 2347 1599 2379 libenter
1621 2346 1781 2380 dixerim.

320 2391 536 2433 Philippensi
552 2405 613 2435 pro
635 2398 762 2429 ultione
791 2405 937 2439 paterna
952 2409 1021 2430 sus-
1077 2399 1167 2430 Vide
1185 2400 1284 2440 Epig.
1297 2399 1603 2440 69.infra,etlib.1.
1620 2400 1780 2440 Epig.40.

319 2448 422 2483 cepto
453 2450 594 2476 voverat
625 2446 811 2488 Augustus.
868 2451 964 2482 Suet.
989 2451 1022 2482 in
1121 2453 1140 2481 7
1164 2450 1219 2481 Sic
1233 2454 1317 2481 tenet
1336 2447 1486 2488 absentis]
1510 2451 1580 2482 Pro
1598 2450 1778 2483 absentes:

322 2492 477 2532 Augusto
491 2504 567 2534 cap.
584 2499 636 2527 29.
1076 2499 1126 2530 ita
1139 2506 1174 2531 et
1189 2501 1245 2531 alii
1261 2506 1418 2533 auctores
1438 2502 1544 2533 locuti
1562 2507 1650 2532 sunt.
1694 2502 1778 2534 Sen-

364 2547 382 2573 5
406 2544 486 2575 Jure
528 2546 666 2586 madens]
700 2547 768 2579 Alii
806 2549 1018 2592 intelligunt,
1075 2561 1131 2582 sus
1159 2557 1232 2582 est:
1268 2553 1324 2583 Ita
1348 2553 1391 2584 ad
1416 2563 1561 2594 unguem
1591 2554 1776 2594 Pompeius

321 2594 419 2634 coqui
450 2593 558 2625 instar
582 2596 714 2636 jusculo
745 2606 882 2631 unctum
911 2600 1018 2633 fuisse
1076 2600 1211 2633 Auctus
1239 2607 1334 2634 tenet
1365 2613 1442 2634 mea
1471 2603 1641 2644 Carmina,
1671 2610 1709 2635 ut
1738 2614 1780 2636 ea

319 2642 408 2673 hunc
426 2642 586 2685 Auctum‚
609 2647 701 2687 cujus
718 2649 819 2680 etiam
844 2656 936 2691 toga,
952 2662 1018 2693 qua
1075 2653 1275 2685 memoriter
1300 2654 1372 2685 sine
1395 2654 1464 2686 ullo
1488 2663 1604 2686 errore
1630 2655 1779 2686 recitare

321 2693 364 2723 ad
380 2694 487 2724 varios
502 2704 579 2725 usus
594 2703 759 2737 uteretur,
771 2701 893 2731 attrita
907 2706 1019 2734 esset:
1074 2703 1193 2744 possit.
1222 2704 1394 2736 Heraldus
1410 2706 1541 2737 mavult
1555 2705 1691 2737 absentis
1703 2716 1777 2737 esse

320 2752 384 2782 ego
417 2753 495 2774 vero
518 2750 553 2776 et
574 2746 810 2786 jurisperitum
840 2749 956 2792 fuisse,
984 2758 1020 2783 et
1072 2754 1108 2785 in
1123 2754 1487 2788 Genitivo:Ma1·tialis
1501 2756 1645 2788 scilicet.

322 2792 443 2824 studiis
473 2795 579 2834 pacis,
594 2803 628 2827 et
651 2799 744 2828 vario
769 2808 944 2832 causarum
962 2812 1019 2842 ge-
