1893 3225
555 238 959 269 EPlGRAMMA'rUM
1001 239 1090 267 mn.
1127 238 1196 268 ix,
1516 230 1599 270 671

133 334 249 376 Ecce
272 334 551 376 Prometheae
573 347 724 387 rupes,
746 338 791 374 et
811 333 962 374 fabula
982 335 1162 384 montis,

191 402 341 453 Quam
362 416 498 456 prope
520 408 618 443 sunt
635 401 778 443 oculis
800 414 916 443 nunc
935 402 1140 443 adeunda
1159 403 1260 443 tuis.

132 470 310 511 Videris
332 471 560 511 immensis
583 483 682 511 cum
706 469 987 513 conclamata
1005 471 1195 523 querelis

193 540 317 580 Saxa
339 539 474 588 senis,
496 538 634 588 dices,
664 537 823 578 Durior
844 537 920 578 ille
941 537 1038 578 fuit.

137 607 195 647 Et
214 607 320 647 licet
341 608 424 647 hoc
443 606 587 647 addas
605 620 614 646 :
648 605 803 646 Potuit
824 605 899 659 qui
922 605 1030 646 talia
1050 605 1173 655 ferre,

194 675 454 716 Humanum
476 677 630 716 merito
652 674 838 715 finxerat
858 673 931 714 ille
953 687 1103 727 genus.

1577 474 1605 512 Cr

145 797 367 835 Ensabulosus
381 808 478 835 mons,
489 801 519 828 et
531 808 609 828 saxa
627 796 817 835 Promethei,
832 807 923 836 quam
937 806 1031 836 prope
1052 799 1122 826 sunt
1138 796 1299 826 lustranda
1321 806 1401 827 nunc
1420 797 1483 827 tuis
1500 798 1605 829 oculiS.

142 844 222 871 Cum
237 841 395 881 aspexeris
414 851 491 871 saxa
507 842 698 871 conclamata
724 840 880 870 immensis
905 838 1177 870 lamentationibus
1200 839 1293 877 senis,
1316 840 1447 879 inquies,
1470 841 1607 878 Illefuit

140 885 262 915 durior.
311 884 353 914 Et
372 885 491 924 poteris
516 885 686 922 adjungere
707 882 799 922 illud,
825 883 888 918 Qui
903 881 974 920 fuit
991 892 1052 922 par
1074 881 1244 913 tolerandis
1264 882 1312 912 lzz's
1335 883 1443 923 malis,
1464 883 1518 914 ille
1532 884 1607 922 ,jure

131 926 328 964 sor-macerat
340 936 437 966 genas
448 927 627 957 humanum.

805 968 951 1000 NOTAE

141 1044 191 1065 vr.
209 1035 310 1074 Epig.
324 1037 377 1065 58.
395 1038 430 1064 et
443 1034 500 1064 lib.
515 1042 582 1064 vn.
600 1037 652 1065 80.
687 1033 739 1064 De
757 1033 850 1063 Mar-
946 1037 964 1063 5
992 1032 1210 1072 Conclamata]
1257 1032 1334 1063 Hoc
1365 1037 1428 1071 est,
1466 1040 1609 1064 contusa

137 1085 261 1115 cellino
293 1084 351 1115 lib.
384 1093 441 1115 111.
480 1084 579 1124 Epig.
602 1087 634 1115 6.
665 1088 701 1115 et
724 1083 782 1115 lib.
802 1091 850 1114 Vl.
906 1083 1112 1114 clamoribus
1130 1082 1340 1122 Promethei,
1365 1083 1476 1124 inquit
1492 1085 1611 1116 Domi·

143 1135 313 1175 Epig.·25.
907 1136 985 1167 tius.
1031 1136 1150 1166 Malim
1179 1135 1405 1176 interpretari
1426 1146 1507 1167 saxa
1534 1148 1610 1179 quae

181 1187 201 1216 2
224 1184 337 1215 Sidera
353 1184 461 1224 pigra]
488 1184 565 1215 Hoc
589 1189 653 1224 est,
683 1184 789 1215 Ursas
817 1188 853 1215 et
908 1187 1046 1217 summis
1070 1186 1274 1218 clamoribus
1301 1186 1447 1218 vocabat
1475 1188 1613 1219 Prome·

141 1236 277 1266 Booten
292 1235 386 1265 lente
406 1244 441 1265 se
460 1240 647 1266 moventes.
686 1234 776 1266 Vide
792 1235 852 1265 lib.
908 1238 1018 1276 theiis,
1044 1241 1081 1268 et
1105 1247 1180 1278 quae
1210 1237 1404 1268 testabatur
1425 1247 1461 1269 se
1488 1248 1611 1280 nempe

143 1296 193 1318 vr.
207 1287 369 1326 Epig.5S.
397 1285 452 1316 De
464 1285 565 1317 Getis
578 1286 706 1326 egimus
721 1286 854 1317 libau,
909 1288 1051 1329 indigna
1068 1287 1140 1328 pati
1157 1297 1176 1318 a
1190 1288 1290 1320 Jove.

143 1337 246 1378 Epig.
260 1340 291 1367 1.
951 1342 971 1370 6
995 1339 1118 1370 Durior
1132 1337 1279 1378 illefait]
1302 1339 1370 1371 Qui
1387 1344 1437 1370 tot
1454 1343 1489 1370 et
1499 1344 1612 1372 tantos

185 1389 204 1418 3
230 1387 310 1417 Ecce
326 1386 523 1417 Promethea*
536 1386 642 1427 rupes]
661 1387 851 1418 Caucasum
907 1389 1079 1420 cruciatus
1094 1388 1184 1420 ferre
1202 1390 1365 1429 potuerit.

142 1442 294 1469 montem
324 1437 574 1477 interpretare,
604 1438 697 1478 cujus
729 1439 851 1470 vertici
950 1442 969 1470 8
1001 1438 1199 1479 Humanum]
1236 1439 1370 1480 Nempe
1399 1441 1441 1472 ab
1472 1448 1613 1474 auctore

143 1487 280 1519 affixum
308 1486 411 1517 fuisse
439 1488 679 1519 Prometheum
696 1487 851 1519 fabulan-
908 1495 977 1521 tam
995 1490 1082 1521 duro
1098 1489 1268 1521 hominum
1286 1500 1392 1531 genus
1408 1492 1527 1524 durum
1541 1499 1604 1526 est.

146 1544 201 1570 tur
218 1536 378 1577 Ovidius,
395 1537 581 1578 Hesiodus,
597 1538 787 1579 AEscliylus.

778 1697 987 1739 XLVII.

714 1787 764 1816 1N
800 1788 1042 1818 GELLJUM.

148 1844 373 1886 GELLtUS
396 1844 591 1886 {edific-at
613 1856 804 1896 semper:
833 1844 969 1885 modo
992 1845 1140 1886 limina
1160 1847 1301 1899 ponit,

207 1911 339 1953 Nunc
362 1912 527 1953 foribus
550 1911 701 1952 claves
725 1916 864 1964 aptat,
886 1913 1081 1966 emitque
1105 1926 1254 1955 seras:

150 1981 284 2022 Nunc
306 1980 402 2030 has,
423 1993 535 2020 nunc
555 1980 655 2020 illas
672 1984 830 2029 mutat,
853 1979 1082 2034 reficitque
1103 1980 1333 2024 fenestras,

210 2049 330 2089 Dum
349 2052 495 2089 tamen
516 2047 726 2097 aedificet,
745 2047 962 2100 quidlibet
981 2048 1054 2089 ille
1073 2049 1193 2090 facit.

151 2116 312 2157 Oranti
331 2128 530 2156 nummos
547 2120 596 2156 ut
616 2115 764 2155 dicere
784 2115 928 2167 possit
949 2116 1108 2165 amico,

209 2183 354 2225 Unum
374 2183 485 2224 illud
507 2183 684 2224 verbum
704 2182 890 2233 Gellius,
912 2184 1115 2225 AEdifico.

1593 2122 1620 2160 C«

196 2295 317 2326 Gellius
340 2305 459 2336 semper
472 2295 622 2337 (edificat,
643 2305 724 2326 nunc
738 2295 826 2335 ponit
849 2295 970 2332 limina,
994 2305 1073 2326 nunc
1088 2297 1295 2327 accommodat
1310 2297 1410 2328 claves
1427 2296 1566 2334 foribus,
1589 2300 1619 2326 et

152 2342 308 2369 mercatur
321 2348 405 2369 seras
416 2350 426 2370 .·
449 2349 529 2369 nunc
544 2341 645 2369 mutat
663 2338 718 2368 Ιιαε
725 2338 898 2375 fenestras,
922 2349 1003 2369 nunc
1016 2339 1098 2377 illas,
1118 2342 1149 2370 et
1164 2340 1305 2370 resarcit.
1353 2340 1528 2370 Dummodo
1545 2341 1623 2369 aecii-

144 2381 235 2421 ficet,
249 2380 332 2418 facit
347 2381 398 2412 ille
415 2381 583 2421 quidlibet:
606 2385 641 2412 ut
668 2381 790 2412 Gellius
800 2381 899 2422 possit
917 2391 1062 2422 reponere
1084 2383 1182 2413 amico
1205 2383 1331 2422 roganti
1348 2393 1483 2414 nummos
1496 2383 1619 2413 unicum

156 2423 234 2454 illud
248 2423 385 2463 verbum,
407 2425 553 2468 AEdifico.

763 2476 999 2488 eeeeeeeeeeee

199 2521 216 2548 1
232 2518 333 2550 Selius
348 2520 555 2551 Beverlandi
578 2520 712 2550 Ms.—-3
736 2519 804 2550 Alii
824 2520 937 2562 reficit,
961 2523 1175 2553 mutatve—4
1195 2521 1261 2553 Pro
1284 2525 1387 2553 tamen
1409 2522 1465 2552 alii
1481 2525 1621 2552 tantam:

159 2561 250 2601 quod
263 2562 297 2592 in
313 2567 443 2594 textum
461 2563 595 2604 recepit
611 2563 749 2594 Barbou
767 2563 849 2594 Par.
870 2566 964 2595 1754.

814 2649 960 2680 NOTAE

201 2713 221 2742 4
248 2710 422 2752 Quidlibet]
457 2711 528 2743 Sibi
551 2712 720 2754 quidlibet
747 2712 862 2745 facere
917 2715 998 2746 nihil
1027 2715 1146 2747 amicis
1177 2716 1299 2752 donat,
1324 2716 1451 2757 quippe
1479 2715 1537 2756 qui
1563 2724 1622 2745 sua

162 2761 308 2793 videtur.
917 2766 1064 2807 pecunia
1079 2772 1178 2808 egeat
1196 2767 1238 2798 ad
1255 2766 1504 2798 aedificandnm.

204 2815 224 2843 6
247 2812 398 2855 AEdzfico]
443 2811 560 2854 Atque
590 2813 652 2846 hoc
691 2819 862 2855 praetextu
