1893 3225
266 234 350 275 570

928 344 1065 376 NOTAE

270 403 378 435 tolai.
423 406 431 421 ‘
451 405 521 437 Nos
547 406 671 448 Pylon,
687 409 817 451 antiqui
846 410 968 441 Neleia
1020 410 1126 442 Janus
1143 410 1230 441 enim
1260 413 1381 451 utpote
1405 410 1501 442 Deus
1522 408 1722 440 immortalis

270 455 426 486 Nestoris
442 466 535 496 arva,
553 457 733 491 Misimus.'
1023 466 1086 492 est.

313 509 331 536 8
355 507 463 538 Aduas
473 507 573 549 tuam]
589 509 818 542 Immortalem
830 521 968 553 nempe3

949 670 1038 711 Ill.

838 760 905 789 AD
941 748 1158 790 MUSAMJ‘

273 821 515 873 QUINQUE
539 827 648 867 satis
667 826 863 879 fuerant;
895 841 994 869 nam
1016 841 1111 879 sex,
1133 831 1356 882 septemve
1376 826 1527 876 libelli,

329 891 414 933 Est
433 894 615 936 nimium
633 910 642 936 z
675 896 781 950 quid
802 896 942 938 adhuc
963 896 1126 946 ludere,
1149 895 1297 946 Musa,
1312 895 1474 950 juvat‘l

274 958 345 1000 Sit
365 961 525 1013 pudor,
544 967 586 1004 et
606 963 728 1004 finis:
755 964 847 1018 jam
870 964 973 1017 plus
993 964 1098 1004 nihil
1118 963 1276 1005 addere
1297 964 1424 1005 nobis

333 1027 473 1070 Fama
493 1034 664 1083 potest:
695 1033 847 1072 teritur
866 1036 1014 1072 noster
1033 1032 1202 1085 ubique
1220 1031 1344 1072 liber.

274 1094 331 1136 Et
351 1108 450 1137 cum
466 1103 596 1151 rupta
611 1100 694 1140 situ
718 1099 927 1141 Messalae
951 1113 1066 1141 saxa
1079 1100 1305 1154 jacebunt,
1698 1097 1726 1137 5

332 1163 524 1218 Altaque
545 1179 643 1208 cum
664 1167 806 1209 Licini
827 1182 1043 1209 marmora
1063 1168 1213 1222 pulvis
1233 1171 1383 1209 erunt:

275 1228 352 1271 Me
373 1235 519 1273 tamen
538 1247 614 1275 ora
633 1235 794 1288 legent,
815 1240 858 1277 et
877 1250 1031 1278 secum
1048 1237 1262 1290 plurimus
1281 1236 1444 1288 hospes

330 1297 404 1339 Ad
424 1301 592 1353 patrias
613 1303 743 1344 sedes
764 1304 960 1345 carmina
980 1308 1134 1346 nostra
1154 1304 1275 1345 feret.

742 247 790 276 M.
825 248 934 277 VAL.
970 248 1242 279 MARTIALIS
1844 0 1851 338 l

1849 890 1853 919 l

266 1537 377 1574 fracta
390 1538 455 1568 situ
468 1549 574 1571 eversa
584 1543 686 1579 erunt,
697 1544 728 1571 et
737 1551 890 1572 marmora
904 1544 1024 1573 excelsa
1037 1541 1139 1572 Licini
1153 1542 1335 1580 redigentur
1343 1541 1375 1571 in
1388 1540 1542 1581 pulverem
1552 1549 1563 1575 ‚·
1574 1539 1730 1587 nihilomi-

274 1590 332 1611 nus
347 1581 434 1619 legar
443 1581 481 1611 ab
493 1582 675 1623 hominibus,
690 1587 720 1614 et
735 1584 825 1614 multi
838 1586 997 1624 peregrini
1011 1594 1112 1616 secum
1120 1585 1287 1625 portabunt
1298 1587 1416 1615 nostros
1428 1592 1534 1614 versus
1544 1582 1577 1613 in
1583 1585 1731 1623 patriam.

886 1668 1122 1680 oaemeeaemae

322 1723 339 1751 1
365 1719 445 1752 Ant.
461 1721 502 1752 de
520 1721 616 1761 Rooy
639 1722 838 1762 proposuit:
879 1723 1023 1764 Quinque
1038 1723 1118 1754 satis
1132 1722 1266 1762 fuerat;
1288 1733 1360 1755 nam
1375 1733 1432 1754 sex
1446 1725 1598 1763 septemve
1620 1720 1733 1752 libellis

280 1764 339 1794 Est
354 1764 507 1801 nimium;
528 1765 592 1796 hac
606 1767 881 1797 constructione:
907 1766 998 1797 Satis
1014 1766 1126 1797 fuerat
1149 1766 1300 1808 (ludere)
1324 1767 1472 1807 quinque
1489 1765 1631 1802 libellis;
1654 1773 1731 1794 nam

282 1807 420 1837 nimium
437 1811 490 1838 est
507 1807 623 1838 ludere
650 1818 710 1839 sex
736 1814 927 1849 septemve.
975 1809 1120 1849 Quinque
1150 1810 1227 1840 sutis
1245 1809 1394 1849 fuerunt,
1418 1810 1467 1839 vel
1493 1818 1548 1839 sea:
1563 1811 1733 1848 septemque

279 1849 375 1880 libelli
391 1849 486 1881 Junt.
503 1860 557 1881 an.
576 1853 669 1882 1512.
716 1851 860 1892 Quinque
872 1852 1102 1891 satisfueranl,
1113 1853 1160 1883 vel
1173 1863 1229 1883 sex
1243 1856 1415 1893 septemque
1425 1851 1520 1882 libelli
1532 1850 1610 1882 Ald.
1625 1850 1735 1881 Colin.

280 1892 412 1932 Gryph.
426 1893 531 1933 Lang.
549 1893 706 1926 Pulman.
722 1894 838 1927 Plant.
852 1895 993 1928 Junian.
1010 1896 1155 1936 aliaeque
1171 1900 1256 1927 vett.
1268 1895 1376 1927 Codd.
1389 1895 1517 1926 Thuan.
1534 1898 1570 1925 et
1582 1894 1663 1924 Vat.
1677 1891 1735 1922 fir-

278 1940 373 1966 mant
400 1941 549 1966 nostram
579 1937 841 1970 lectionem.-2
878 1939 920 1969 El
932 1938 1064 1969 nimium
1075 1938 1153 1968 edd.
1170 1943 1255 1969 vett.
1313 1939 1373 1969 Est
1387 1939 1518 1969 nimium
1534 1935 1634 1968 codd.
1652 1935 1732 1966 Pul-

280 1978 409 2016 manni,
419 1979 499 2010 Vat.
511 1980 662 2011 Florent.
677 1981 811 2012 alii.——5
827 1981 981 2011 Messalloe
993 1981 1224 2020 saxajacebunt
1243 1981 1451 2013 Beverlandi
1469 1981 1599 2011 Ms.-6
1610 1978 1736 2010 Licinia

284 2021 339 2051 vel
349 2020 458 2052 Licina
472 2022 504 2052 in
519 2022 596 2053 cod.
614 2023 788 2061 Palatino,
812 2024 904 2065 quod
919 2024 1074 2055 ultimum
1093 2025 1120 2054 si
1143 2024 1371 2064 admittamus,
1385 2023 1467 2055 illud
1483 2033 1549 2054 cum
1566 2023 1632 2054 erit
1647 2031 1734 2063 prae-

279 2064 417 2103 positio,
442 2074 508 2095 non
527 2064 797 2096 adverbium—T
825 2068 879 2098 Me
902 2071 1005 2098 lumen
1032 2067 1103 2098 orbe
1129 2068 1231 2107 legent
1253 2068 1342 2109 conj.
1366 2066 1448 2098 Ant.
1475 2065 1518 2097 de
1547 2067 1654 2106 Rooy.
1683 2063 1735 2095 Cf.

281 2106 338 2138 lib.
351 2115 375 2137 1.
396 2107 494 2147 Epig.
509 2108 613 2139 2.1ib.
631 2117 664 2140 v.
690 2110 790 2150 Epig.
807 2112 859 2140 13.
884 2110 943 2141 lib.
956 2120 1007 2141 w.
1023 2111 1124 2151 Epig.
1140 2114 1193 2142 64.
1222 2115 1257 2141 et
1278 2111 1340 2142 hoc
1364 2111 1423 2142 lib.
1453 2109 1550 2149 Epig.
1567 2111 1619 2140 61.
1665 2107 1734 2139 Sed

281 2149 356 2180 vide
374 2149 432 2181 lib.
450 2159 507 2183 ιιι.
532 2151 633 2193 Epig.
647 2154 700 2183 95.
726 2153 825 2184 Ovid.
850 2154 937 2185 Met.
955 2162 1017 2184 xv.
1036 2156 1110 2184 878.
1135 2163 1178 2184 ex
1200 2153 1302 2185 Pont.
1320 2163 1377 2185 111.
1404 2156 1434 2185 4.
1456 2155 1508 2184 54.
1537 2150 1659 2183 Tibull.
1678 2159 1734 2181 111.

937 2238 967 2270 N
973 2236 1077 2270 OTAE

324 2310 343 2328 ’ὅ
366 2312 417 2342 Ad
444 2312 584 2352 Musam]
606 2312 805 2344 Inscribunt
830 2313 906 2344 alii:
932 2313 982 2345 De
1037 2313 1157 2353 suam,’
1187 2324 1284 2355 quem
1302 2318 1338 2345 et
1359 2313 1526 2344 disertum
1544 2317 1643 2343 vocat
1667 2311 1737 2342 Ho-

280 2373 334 2394 suo
347 2364 618 2403 Epigrammatum
630 2365 980 2396 scribendorumstuuio.
1037 2365 1144 2395 ratius
1162 2365 1204 2395 de
1221 2364 1307 2395 Arte
1324 2364 1479 2395 Poetica.

328 2417 342 2444 l
371 2415 454 2445 Num
484 2415 560 2455 [rel]
589 2416 658 2456 sex]
696 2416 782 2448 Alii:
814 2427 887 2448 num
915 2426 982 2455 sex,

280 2468 432 2504 septemve
445 2465 540 2496 libelli
555 2467 612 2497 Est
628 2467 767 2497 nimium.

326 2519 344 2545 5
371 2515 514 2546 Messalae
543 2516 634 2556 sacra]
658 2517 735 2547 Hoc
765 2521 827 2556 est,
862 2517 983 2548 tumuli

281 2566 411 2606 lapidei
434 2572 470 2598 et
496 2569 675 2599 marmorei
700 2569 799 2600 citius
822 2570 984 2609 peribunt

283 2626 383 2658 quam
401 2617 466 2647 mei
491 2627 618 2649 versus,
648 2618 724 2649 Lib.
749 2628 783 2649 x.
817 2620 918 2660 Epig.
949 2624 981 2651 2.

282 2668 292 2685 ‘
311 2667 485 2698 Marmora
496 2668 652 2698 Messalae
669 2668 984 2710 finditcaprificns!

284 2717 515 2750 Quintilianus
542 2718 601 2749 lib.
634 2728 669 2751 x.

286 2768 363 2807 dus,
391 2774 428 2799 et
467 2769 644 2809 candidus,
675 2775 710 2801 et
739 2771 984 2811 quodammodo

285 2828 358 2859 prae
376 2828 411 2849 se
429 2818 541 2851 ferens
562 2820 594 2850 in
608 2820 754 2852 dicendo
771 2821 984 2854 nobilitatem

712 2720 720 2735 ‘
739 2720 887 2751 Messala
908 2722 986 2752 niti-

1079 2418 1099 2445 6
1125 2415 1203 2446 Cum
1220 2413 1340 2454 Licini]
1363 2414 1439 2445 Hoc
1455 2418 1520 2453 est,
1547 2422 1622 2444 cum
1642 2412 1737 2453 jace-

1038 2466 1122 2496 bunt
1134 2475 1329 2496 marmor-em
1343 2466 1444 2506 aedes,
1456 2469 1515 2496 aut
1529 2464 1642 2505 potius
1654 2473 1740 2494 mar-

1036 2526 1153 2547 morea
1168 2517 1326 2557 sepulcra
1343 2517 1463 2556 Licini,
1479 2516 1522 2547 de
1539 2525 1604 2557 quo
1621 2514 1679 2546 lib.
1697 2524 1736 2545 11.

1037 2568 1136 2609 Epig.
1159 2570 1210 2599 32.
1232 2572 1267 2598 et
1292 2567 1414 2598 Senec.
1430 2567 1542 2608 Epist.
1560 2569 1634 2597 120.
1658 2565 1739 2596 Fuit

1037 2623 1150 2649 autem
1164 2617 1302 2649 Licinus
1319 2618 1463 2648 libertus
1480 2616 1627 2657 Augusti
1642 2615 1740 2646 ditis·

1035 2670 1151 2708 simus,
1166 2669 1208 2699 de
1225 2679 1292 2710 quo
1313 2668 1396 2699 illud
1420 2667 1622 2699 distichum:
1647 2666 1740 2696 Mar-

1036 2730 1150 2752 rnoreo
1166 2721 1302 2751 Licinus
1326 2721 1455 2751 tumulo
1474 2720 1583 2759 jacet,
1597 2723 1631 2749 at
1654 2718 1738 2749 Cato

1038 2781 1156 2812 parvo,
1187 2771 1370 2812 Pompeius
1399 2771 1511 2802 nullo:
1537 2770 1610 2812 quis
1638 2773 1738 2810 putet

1038 2832 1112 2853 esse
1126 2822 1214 2852 Deos
1226 2821 1248 2851 ?‘

320 1409 462 1450 Quinque
477 1410 562 1448 libri,
577 1413 623 1442 vel
636 1422 703 1451 sex,
718 1417 747 1444 et
763 1418 879 1454 septem
893 1414 972 1445 satis
993 1424 1141 1454 superque
1170 1416 1272 1452 eruut,
1287 1416 1316 1444 et
1331 1412 1467 1453 quidem
1482 1411 1575 1442 nimis
1588 1421 1597 1440 :
1621 1420 1638 1440 o
1657 1410 1730 1458 Mu-

275 1462 321 1491 sa,
337 1452 410 1491 quid
433 1454 534 1492 placet
540 1453 643 1492 jocari
658 1455 781 1487 adhuc?
826 1456 877 1487 Sit
892 1458 1075 1487 verecundia
1089 1460 1119 1487 et
1135 1456 1285 1487 terminus
1297 1467 1307 1487 .·
1321 1455 1413 1494 fama
1421 1455 1491 1493 jum
1506 1454 1586 1484 nihil
1599 1454 1730 1493 amplius

272 1498 373 1534 potest
389 1496 558 1535 adjung-ere
585 1497 689 1528 nobis:
711 1501 814 1529 noster
830 1499 908 1530 liber
937 1503 1128 1530 attrectatur
1150 1499 1270 1539 ubique.
1318 1499 1363 1528 Et
1386 1507 1456 1529 cum
1483 1507 1560 1527 saxa
1586 1496 1732 1527 Messaloe
