1960 3230
314 245 399 288 :306
790 257 839 286 M.
873 256 984 286 vAt..
1021 256 1297 286 MARTiAms

428 353 516 394 Sed
549 364 711 406 mappa
731 365 833 393 cum
847 352 944 406 jam
965 351 1086 392 mille
1107 351 1321 404 rumpitur
1341 350 1485 400 furtis,

428 421 580 462 Rosos
603 421 765 474 tepenti
791 420 1034 474 spondylos
1057 420 1155 460 sinu
1179 418 1345 467 condit,

428 488 486 528 Et
503 489 715 529 devorato
737 488 885 541 capite
901 491 1115 527 turturem
1136 492 1356 527 truncum.

428 556 645 608 Colligere
667 555 800 607 longa
827 558 953 608 turpe
973 567 1054 595 nec
1076 558 1201 608 putat
1222 553 1377 594 dextra

430 623 662 670 Analecta,
682 621 896 675 quicquid
918 626 961 662 et
982 634 1112 662 canes
1133 621 1412 675 reliquerunt.

428 689 527 730 Nec
549 689 776 731 esculenta
804 687 966 730 sufficit
986 688 1102 741 gulae
1125 687 1290 742 praeda,

429 756 581 798 Mixto
598 758 804 809 lagenam
823 757 963 810 replet
983 757 1038 797 ad
1062 757 1200 811 pedes
1222 757 1341 797 vino.

436 825 549 866 Haec
571 838 651 878 per
671 825 884 865 ducentas
902 838 1001 866 cum
1024 825 1203 866 domum
1225 826 1325 865 tulit
1346 824 1508 872 scalas,

428 894 574 947 Seque
594 894 798 934 obserata
819 894 979 935 clausit
999 894 1159 934 anxius
1177 894 1304 942 cella,

429 960 626 1002 Gulosus
649 961 720 1001 ille
742 965 917 1014 postero
943 961 1015 1002 die
1040 962 1205 1002 vendit.

1720 823 1776 863 20

310 1070 394 1100 mille
400 1069 515 1107 furtis,
543 1070 641 1100 calido
656 1070 728 1100 sinu
743 1071 877 1101 occultat
890 1072 1052 1112 spondylos
1078 1082 1196 1111 exesos,
1211 1081 1264 1102 nec
1277 1071 1388 1102 deinde
1403 1070 1565 1101 existimat
1582 1069 1776 1100 inhonestum

305 1115 449 1153 porrecta
459 1123 550 1143 mann
565 1112 710 1151 colligere
724 1116 878 1144 turturem
889 1115 1031 1145 mutilum
1046 1116 1190 1146 decorato
1204 1115 1317 1155 cupite,
1330 1120 1366 1145 et
1373 1115 1495 1154 frusta,
1513 1117 1541 1144 et
1558 1113 1702 1153 quicquid
1729 1123 1775 1143 re-

308 1156 465 1195 liquerunt
480 1166 579 1187 canes.
625 1156 693 1186 Nec
702 1158 810 1196 praeda
826 1157 944 1188 escaria
959 1159 1072 1200 sufficit
1089 1158 1282 1198 helluationi,
1297 1159 1366 1188 vino
1382 1158 1473 1188 misto
1488 1157 1587 1196 replet
1598 1155 1776 1195 amphoram

303 1198 479 1238 jacentem
500 1201 540 1229 ad
553 1200 656 1238 pedes.
705 1200 783 1229 Cum
805 1200 870 1230 ltaec
887 1201 991 1230 omnia
1006 1202 1143 1241 portavit
1159 1203 1281 1232 domum
1303 1211 1359 1240 per
1373 1201 1521 1231 ducentas
1530 1200 1665 1238 gradus,
1682 1202 1713 1229 et
1728 1209 1773 1228 so-

310 1241 417 1272 licitus
426 1252 457 1272 se
467 1241 627 1272 abscondit
639 1242 714 1272 cella
730 1243 846 1282 clausa,
858 1243 1010 1284 postridie
1027 1244 1081 1275 ille
1095 1245 1195 1275 helluo
1210 1244 1316 1275 vendit
1331 1244 1402 1275 haec
1418 1243 1537 1274 frusta.

930 1316 1008 1327 oen
1010 1317 1166 1328 000000

314 1356 358 1385 Et
380 1359 538 1386 excavatae
559 1356 754 1395 pelvis-13
780 1355 899 1387 Codex
924 1357 1165 1388 Florentinus:
1199 1357 1357 1397 rumpitur
1382 1357 1566 1389 cunis.—15
1592 1356 1777 1386 Indevorato

313 1398 414 1437 cupite
431 1397 509 1428 Ald.
526 1398 624 1430 Junt.
640 1398 753 1429 Colin.
768 1399 904 1439 Gryph.
919 1404 984 1430 ἃς.
1002 1399 1061 1430 sed
1080 1400 1348 1432 Plant.Junian.
1363 1406 1398 1431 et
1412 1399 1540 1440 Delph.
1585 1399 1662 1429 Inde
1672 1402 1777 1428 rorate

311 1441 513 1480 capite.—1o
548 1441 611 1473 Ed.
636 1442 742 1482 antiq.
767 1442 903 1474 Ferrar.
929 1452 983 1473 an.
1012 1445 1106 1474 1471.
1135 1443 1213 1475 Ald.
1243 1444 1340 1475 Junt.
1366 1443 1475 1474 Colin.
1506 1442 1639 1482 Gryph.
1667 1441 1776 1480 Lang.

312 1483 431 1514 Plant.
458 1484 598 1515 Jnniau.
630 1484 788 1515 Pulman.
816 1485 942 1525 Delph.
974 1485 1067 1516 aiiae:
1107 1496 1162 1516 nec
1178 1487 1287 1526 pudet.
1344 1486 1463 1517 Lectio
1487 1490 1606 1516 nostra
1631 1484 1777 1515 debetur

312 1527 441 1557 Dousae
473 1526 514 1556 P.
546 1526 716 1566 probante
744 1527 1036 1558 Pulnianno.——18
1063 1529 1131 1559 Nec
1155 1529 1298 1559 esculetis
1325 1527 1507 1559 Pulmanni
1533 1526 1654 1558 codex.
1711 1527 1779 1557 Nec

311 1569 484 1599 esculentus
502 1569 707 1600 Beverlandi
725 1570 793 1601 MS,
817 1570 903 1608 gulae
926 1571 1066 1610 ρωπίαν-ι’
1093 1570 1204 1601 codex
1219 1572 1392 1602 Van—19
1417 1570 1534 1603 Codex
1564 1569 1712 1600 Florent.
1738 1571 1778 1599 ad

311 1613 406 1651 pedes
419 1614 603 1643 mera-20
631 1613 701 1643 Hoc
715 1622 770 1652 per·
784 1613 933 1644 ducentas
949 1613 982 1643 in
998 1613 1117 1644 codice
1130 1613 1307 1645 Vaticano.

980 1686 1011 1719 N
1016 1685 1120 1719 OTAE

312 1757 377 1791 rat,
404 1761 470 1783 non
498 1751 658 1792 optimus,
682 1750 793 1791 inquit
811 1750 1020 1781 Farnabins:

312 1803 414 1833 immo
445 1803 574 1833 recisus
601 1801 655 1832 vel
693 1801 786 1831 nullo
817 1806 875 1831 aut
912 1800 1019 1832 debili

1076 1750 1188 1783 frusta
1226 1752 1391 1793 intellige,
1419 1762 1493 1793 quae
1523 1752 1612 1783 servi
1639 1751 1781 1792 collige-

1076 1808 1163 1833 rent.
1210 1802 1285 1834 Lib.
1303 1811 1378 1834 ΧΠ.
1395 1803 1496 1843 Epig.
1513 1805 1565 1833 80.

314 1853 423 1884 caule.
443 1852 634 1883 Gronovius.

357 1905 397 1934 13
422 1904 515 1934 Mille
524 1902 642 1943 furtis]
658 1901 736 1932 Hoc
754 1906 820 1941 est,
834 1902 1019 1933 esculentis

316 1954 347 1984 in
361 1963 487 1994 mappa
501 1952 677 1984 involutis.

359 2008 398 2035 14
421 2003 609 2045 Spondylos]
635 2004 729 2036 Quos
755 2008 839 2044 puto
865 2003 917 2033 hic
935 2002 1020 2033 sumi

315 2065 376 2096 pro
405 2055 551 2096 quodam
579 2054 721 2095 piscium
763 2063 902 2094 genere,
940 2054 1021 2084 alias

314 2105 499 2147 spondylus
521 2110 574 2136 est
600 2104 760 2135 vertebra
777 2104 881 2135 dorsi.
927 2105 1018 2136 Plin.

316 2156 376 2188 lib.
393 2165 518 2188 xxxu.
542 2165 620 2196 cap.
638 2158 690 2186 11.

361 2210 398 2238 15
426 2207 470 2237 Et
496 2207 639 2237 devorato
673 2205 768 2246 [Inde
794 2206 914 2246 corato]
953 2206 1021 2237 Alii

319 2259 364 2290 Et
385 2260 539 2290 devorato.
586 2258 754 2298 Analecta]
785 2259 955 2300 Reliquias
986 2264 1022 2290 et

1119 1855 1159 1883 19
1184 1852 1291 1883 Mixto
1307 1852 1466 1892 lagenam]
1492 1852 1661 1884 Subducit
1678 1853 1779 1883 etiam

1077 1902 1190 1933 vinum
1208 1912 1296 1944 aqua
1314 1908 1556 1944 temperatum,
1585 1903 1674 1946 qnod
1691 1904 1778 1935 servi

1077 1953 1119 1984 ad
1137 1953 1241 1994 pedes
1257 1953 1434 1986 bibebant.

1119 2007 1160 2035 20
1184 2005 1249 2035 Per
1274 2006 1424 2035 ducentas
1445 2004 1560 2045 scalas]
1584 2005 1648 2036 His
1667 2005 1778 2036 verbis

1076 2054 1206 2086 indicat
1231 2055 1413 2087 Sancti-am
1439 2055 1541 2087 istum
1569 2056 1631 2087 sub
1659 2056 1780 2097 tegulis

1077 2115 1263 2146 pauperum
1294 2115 1390 2137 more
1417 2106 1600 2138 habitasse.
1646 2107 1721 2139 Lib.
1755 2116 1780 2137 1.

1078 2156 1180 2197 Epig.
1200 2160 1273 2188 118.

1119 2211 1160 2239 22
1189 2208 1317 2248 Vendit]
1346 2208 1422 2239 Non
1441 2208 1682 2239 helluationem
1707 2212 1780 2239 tan-

1078 2263 1162 2298 tum,
1176 2259 1237 2290 sed
1249 2264 1283 2290 et
1297 2260 1452 2290 Sanctrae
1467 2258 1646 2290 avaritiam
1654 2259 1777 2299 carpit.

979 2404 1128 2445 XXI.

794 2484 856 2514 DE
891 2484 1079 2514 NATAm
1116 2483 1323 2514 LUCANI.

318 2548 441 2590 HAEC
463 2553 532 2589 est
559 2548 633 2589 illa
654 2549 765 2597 dies,
788 2562 889 2602 quae
911 2548 1060 2601 magni
1077 2548 1262 2588 conscia
1281 2552 1445 2601 partus,

377 2617 607 2658 Lucanum
631 2617 829 2671 populis,
852 2621 897 2657 et
918 2617 1012 2665 tibi,
1036 2616 1182 2666 Polla,
1204 2616 1337 2657 dedit.

366 2718 396 2749 Ο
425 2718 526 2755 Polla,
550 2717 613 2748 hoec
643 2721 687 2748 est
711 2718 766 2748 illa
797 2718 864 2756 lux,
888 2727 956 2758 quoe
979 2718 1070 2748 testis
1096 2717 1204 2756 magni
1233 2719 1342 2757 partus
1364 2715 1463 2747 edidit
1488 2715 1646 2747 Lucanum
1660 2716 1782 2757 populis

986 2791 1125 2824 NOTAE

365 2850 380 2877 l
408 2846 487 2878 Hccc
505 2850 549 2878 est
566 2846 617 2878 illa
634 2847 714 2887 dies]
741 2848 873 2879 Quarta
896 2846 1027 2878 scilicet
1053 2851 1111 2877 ant
1143 2845 1244 2877 tertia
1262 2846 1376 2877 Nonas
1396 2845 1610 2877 Novembris.
1651 2845 1778 2876 Lucani
