1893 3225
263 208 349 253 6:36
746 224 794 254 M.
829 226 939 256 VAL.
976 227 1251 258 MARTlALIS

383 318 503 358 Dum
525 319 688 372 grande
709 319 862 362 famuli
886 335 1049 363 nomen
1074 327 1243 364 asseret
1266 323 1412 364 Rheni

382 386 744 428 Germanicarum
765 402 925 442 magna
955 390 1032 430 lux
1056 390 1385 432 Kalendarum:

378 454 573 507 Tarpeia
594 455 751 495 summi
773 469 885 497 saxa
908 457 1012 498 dum
1033 459 1173 511 patris
1194 459 1400 499 stabunt:
1701 472 1729 498 ο

382 521 501 562 Dum
521 535 633 563 voce
656 524 864 576 supplex,
888 524 1077 578 dumque
1101 525 1224 566 thure
1245 525 1444 579 placabit

375 589 584 630 Matrona
606 589 734 631 dives
757 591 883 632 dulce
903 591 932 632 J
937 592 1038 632 uliae
1059 605 1245 633 numen:

382 656 582 699 Manebit
607 658 743 698 altum
768 658 940 699 Flaviae
959 658 1092 699 decus
1115 659 1270 711 gentis,

382 723 493 765 Cum
514 725 623 776 sole,
644 731 688 766 et
709 726 857 776 astris,
882 740 1073 780 cumque
1095 728 1191 768 luce
1212 726 1430 768 Romana.

381 790 557 834 Invicta
579 793 788 847 quicquid
811 795 1009 835 condidit
1029 808 1197 844 manus,
1218 794 1380 835 coelum
1401 799 1483 837 est.
1671 796 1728 836 10

265 898 395 928 magnus
409 890 474 921 dies
484 891 697 922 Kalendarum
709 891 965 924 Germanicarum
981 894 1042 925 sibi
1057 893 1229 924 vendicabit
1240 893 1348 932 ingens
1362 903 1469 924 nomen
1477 892 1581 924 Rheni
1592 892 1729 924 subacti:

265 933 336 962 dum
348 942 424 963 saxa
445 935 576 974 Tarpeia
589 935 698 965 summi
714 936 804 965 Jovis
816 937 1000 968 manebunt.-
1026 939 1096 967 dum
1114 941 1255 967 matrona
1271 947 1339 967 voce
1354 937 1494 976 supplex,
1510 940 1539 966 et
1556 937 1628 966 dnm
1641 936 1730 967 thure

260 974 400 1014 placabit
426 986 517 1006 suane
545 977 668 1008 Numen
690 978 769 1008 (ἰὴ-α’
791 979 907 1010 Juliae:
930 990 1065 1010 summus
1092 980 1186 1010 honos
1210 980 1332 1010 Flavia?
1349 979 1486 1017 familiae
1509 978 1634 1009 durabit
1659 989 1728 1009 cum

262 1018 323 1048 sole
338 1021 367 1048 et
382 1019 546 1059 sideribus,
562 1024 591 1051 et
607 1030 673 1052 cum
686 1021 792 1060 gloria
806 1022 956 1053 Romana.
1004 1022 1159 1062 Quicquid
1171 1022 1339 1062 (edificat-it
1357 1032 1464 1053 uranus
1479 1021 1610 1063 invicta,
1619 1023 1727 1053 coelum

269 1063 326 1091 est.

875 1117 1113 1129 eeeeeeeeeeee

306 1159 326 1187 2
350 1157 468 1189 Codex
485 1159 722 1192 Florentinus:
741 1161 963 1192 commendavit
975 1164 1175 1193 aestates.—-3
1193 1161 1409 1201 Dumgrande
1423 1160 1525 1192 Fauni
1540 1171 1647 1192 nomen
1670 1162 1727 1192 ad-

260 1204 366 1231 serunt
383 1201 415 1232 in
430 1202 530 1234 codd.
554 1204 631 1234 Vat.
655 1209 690 1234 et
708 1205 925 1234 Florem—5
954 1205 1085 1244 Tarpeia
1099 1214 1213 1234 summo
1229 1214 1306 1235 saxa
1321 1205 1393 1234 dum
1415 1204 1502 1243 patri
1519 1204 1627 1235 codex
1645 1204 1726 1235 Pul-

265 1244 454 1275 manni.—7
473 1246 620 1276 Matrona
633 1247 719 1277 dives
733 1248 817 1277 dulce
829 1247 950 1277 dulium
963 1257 1072 1277 numen
1090 1246 1169 1279 Ald.
1184 1247 1280 1279 Juut.
1295 1247 1404 1278 Colin.
1419 1247 1491 1287 Gry
1499 1246 1553 1286 ph.
1571 1251 1606 1277 et
1620 1247 1727 1286 Lang.

263 1286 414 1318 Matrona
443 1288 523 1318 dira>
549 1290 635 1319 dulce
660 1290 758 1320 Jutioe
787 1300 898 1320 numen
927 1289 1026 1320 codd.
1059 1290 1138 1320 Vat.
1163 1295 1198 1321 et
1223 1291 1374 1320 Florent.
1398 1299 1471 1320 cum
1502 1288 1582 1319 edd.
1609 1289 1725 1320 Plant.

261 1327 399 1360 Junian.
430 1331 557 1371 Delph.
582 1332 682 1363 Grut.
712 1332 818 1363 Scriv.
854 1333 996 1363 Farnab.
1020 1332 1191 1363 Schrevel.
1220 1338 1255 1363 et
1282 1333 1430 1363 Barbou.
1472 1333 1622 1363 Matrona
1644 1333 1725 1363 divae

261 1371 349 1402 dulce
363 1372 460 1402 dulice
482 1384 588 1404 nomen
606 1374 714 1405 codex
731 1375 921 1405 Pulmanni.
959 1374 1058 1405 Unde
1076 1376 1258 1406 lectionem
1275 1382 1422 1406 nostram
1441 1375 1621 1406 sumserint
1637 1375 1726 1407 Edd.

262 1413 441 1453 Bipontini
465 1426 531 1446 non
558 1418 684 1457 reperi.
731 1417 807 1448 Hoc
831 1425 974 1456 certum,
1003 1418 1127 1448 ceteris
1156 1418 1310 1449 omnibus
1331 1418 1556 1450 anteferenda
1572 1421 1725 1451 esu—lo

264 1455 382 1487 Codex
395 1458 588 1499 Pulmauni,
610 1460 678 1491 coeli
693 1463 751 1500 est,
774 1460 864 1501 quod
888 1460 936 1491 illi
952 1460 1060 1500 magis
1073 1460 1213 1493 arridet.

925 1533 1066 1565 NOTAE

306 1589 322 1617 1
346 1587 432 1618 Dum
447 1588 549 1618 Janus
564 1587 702 1628 hyemes]
724 1588 829 1620 Janus
845 1598 967 1619 nomeu

261 1637 423 1678 imposuit
439 1639 545 1669 mensi
560 1638 738 1676 Januario,
755 1639 810 1680 qui
833 1649 892 1679 pro
908 1639 966 1679 hy-

263 1697 350 1727 eme,
381 1688 594 1719 Domitianus
627 1688 786 1729 Octobri,
815 1689 872 1730 qui
906 1699 966 1729 pro

262 1744 443 1779 autumno3
476 1740 650 1781 Augustus
675 1741 843 1782 Augusto,
866 1745 968 1772 antea

260 1791 396 1829 Sextili,
412 1791 467 1832 qui
492 1801 555 1832 pro
573 1797 693 1822 aestate
715 1792 879 1823 sumitur:
904 1792 967 1823 hoc

260 1845 326 1879 est,
353 1841 512 1881 quamdiu
530 1846 629 1872 erunt
645 1842 710 1871 illae
728 1842 805 1872 anni
820 1847 967 1882 tempes-

262 1895 365 1929 tates,
381 1891 506 1921 tamdiu
531 1891 641 1930 gentis
660 1892 785 1921 Flavia}
801 1893 965 1932 templum

261 1941 409 1973 durabit.
454 1942 507 1972 De
535 1951 600 1982 quo
627 1942 810 1973 Suetonius
834 1943 867 1973 iu
898 1943 965 1974 Do-

261 1992 401 2023 mitiano
415 2002 491 2033 cap.
503 1994 558 2023 17.

303 2046 322 2073 4
349 2042 621 2083 Germanicarum]
653 2042 729 2074 Hoc
756 2047 821 2082 est,
839 2043 965 2083 primus

260 2093 334 2123 dies
351 2093 579 2133 Septembris,
604 2103 703 2134 quem
721 2098 757 2124 et
774 2093 963 2126 Octobrem

260 2153 303 2174 ex
318 2143 606 2183 appellationibus
624 2144 690 2174 suis
721 2144 962 2176 Germanicum

260 2194 561 2235 Domitianumque
590 2195 870 2226 transnominavit
899 2197 964 2227 Do-

259 2244 429 2276 mitianus.
473 2243 655 2276 Suetonius
679 2255 752 2286 cap.
777 2248 828 2277 13.
843 2246 875 2276 iu
895 2247 962 2278 Do-

261 2295 416 2327 mitiano.

1064 1591 1082 1619 5
1111 1587 1260 1629 Tarpeia]
1288 1587 1365 1619 Hoc
1382 1592 1457 1620 est:
1482 1588 1571 1619 Dum
1588 1587 1726 1619 durabit

1022 1638 1240 1680 Capitolium.

1063 1692 1082 1720 7
1106 1690 1257 1720 Matrona
1282 1690 1368 1720 dives
1383 1688 1494 1730 [divoe]
1516 1688 1642 1721 Juliam
1656 1688 1727 1720 'riti

1022 1749 1145 1780 nempe
1162 1739 1263 1771 filiam
1287 1739 1421 1780 perdite
1439 1740 1566 1771 amavit
1583 1739 1726 1771 Domiti-

1021 1800 1116 1829 anus,
1148 1795 1235 1821 teste
1265 1790 1426 1821 Suetonio
1465 1791 1497 1821 in
1526 1791 1727 1823 Domitiano

1023 1852 1100 1883 cap.
1120 1845 1174 1874 22.
1198 1852 1298 1883 quam
1317 1847 1482 1874 mortuam
1500 1847 1538 1874 ut
1554 1843 1650 1874 deam
1661 1843 1726 1875 coli

1018 1894 1133 1934 jussit.
1179 1894 1279 1925 Dulce
1294 1894 1420 1935 numen]
1445 1895 1486 1926 Id
1519 1900 1584 1934 est,
1607 1905 1724 1927 carum

1021 1945 1231 1982 Domitiano,
1248 1950 1306 1975 aut
1325 1945 1481 1976 Romanis
1498 1945 1576 1985 ipsis
1590 1950 1724 1986 gratum

1020 2001 1122 2036 atque
1140 1995 1301 2036 optabile.
1347 1996 1481 2035 Legunt
1497 1996 1552 2026 alii
1567 2006 1575 2027 z
1601 1997 1725 2027 Matro-

1018 2054 1058 2075 na
1081 2046 1165 2076 dives
1188 2046 1274 2076 dulce
1298 2046 1417 2076 Julium
1443 2056 1566 2077 numen.
1621 2046 1724 2078 Prior

1019 2095 1121 2125 lectio
1139 2095 1378 2136 anteponenda
1396 2095 1541 2126 videtur.

1060 2151 1079 2179 8
1103 2149 1210 2179 Altum
1227 2148 1330 2188 decus]
1363 2147 1439 2179 Hoc
1452 2153 1516 2188 est,
1537 2147 1722 2188 superbum

1018 2199 1100 2230 illud
1120 2200 1294 2239 templum.

1063 2253 1101 2280 10
1127 2250 1242 2280 Coelum
1256 2249 1316 2289 est]
1342 2249 1417 2280 Hoc
1435 2254 1501 2289 est,
1518 2249 1722 2289 immortale,

1018 2304 1120 2341 atque
1137 2304 1302 2330 aeternum
1317 2303 1353 2330 ut
1367 2300 1500 2331 coelum.

946 2375 1034 2417 ΙΙΙ.

852 2465 900 2494 IN
940 2465 1128 2495 LUPUM·

261 2530 471 2571 PAUPER
495 2528 702 2571 amicitia}
725 2544 823 2571 cum
845 2533 922 2582 sis,
946 2532 1087 2586 Lupe,
1110 2545 1198 2572 nou
1221 2545 1268 2572 es
1290 2531 1443 2572 amicae
1464 2544 1473 2582 ;

317 2596 371 2637 Et
393 2597 583 2650 queritur
604 2597 657 2638 de
680 2602 720 2639 te
739 2601 934 2641 mentula
952 2601 1049 2641 sola
1070 2601 1189 2641 nihil.

913 2689 1056 2721 NOTAE

303 2741 319 2770 1
346 2739 481 2778 Pauper,
513 2739 580 2778 isa]
626 2739 713 2771 Vide
760 2741 960 2773 Juvenalern

260 2789 330 2821 Sat.
350 2797 415 2821 vn.
432 2791 484 2820 73.
508 2789 549 2820 ab
571 2789 687 2821 eadem
712 2796 826 2823 mente
853 2797 888 2823 et
914 2792 962 2823 in·

1016 2741 1123 2783 genio.
