1893 3225
511 207 919 240 ΕΡιοΒΑΜΜΑΤυΜ
955 207 1050 237 ΜΒ.
1084 208 1187 237 vm.
1490 197 1575 239 577

492 398 558 428 AD
590 396 831 428 GAESAREM
869 396 1211 428 DOMITIANUM.

123 469 442 510 vassmsse:
464 472 584 507 tuam
600 466 694 520 jam
715 471 758 506 te
778 467 863 507 scit
884 465 1067 507 Rhenus
1087 467 1132 507 in
1151 467 1328 509 urbem:

180 536 297 578 Nam
319 534 474 589 populi
493 547 627 575 voces
648 534 772 575 audit
799 537 844 575 et
860 533 936 575 ille
957 535 1038 574 tui.

123 603 391 645 Sarmaticas
414 603 545 643 etiam
566 606 734 655 gentes,
758 601 1026 655 Istrumque,
1049 600 1278 657 Getasque

178 672 367 713 Laetitiae
389 671 552 712 clamor
571 670 723 711 terruit
743 670 841 723 ipse
861 683 1006 710 novae.

124 740 242 781 Dum
263 744 303 780 te
322 740 452 792 longa
471 751 598 779 sacro
618 741 884 779 venerantur
905 737 1065 791 gaudia
1086 736 1234 788 Circo,
1550 740 1579 780 5

181 808 327 849 Nemo
348 813 504 861 quater
523 807 687 847 missos
707 819 879 847 currere
900 806 1034 846 sensit
1053 818 1206 860 equos.

124 875 305 916 Nullum
327 875 475 916 Roma
495 874 665 924 ducem,
682 887 763 915 nec
785 879 830 915 te
852 874 934 924 sic,
957 873 1122 923 Caesar,
1144 876 1334 916 amavit:

177 942 242 983 Te
264 955 440 997 quoque
455 943 552 997 jam
571 956 659 983 non
679 943 794 997 plus,
815 946 864 984 ut
883 943 990 983 velit
1010 943 1123 997 ipsa,
1145 946 1303 997 potest.

165 1044 290 1075 Rhenus
297 1044 367 1083 jam
390 1044 474 1075 notit
491 1047 520 1075 te
533 1044 661 1074 rediisse
676 1043 710 1073 in
726 1046 810 1073 tuam
825 1041 931 1073 urbem
942 1052 952 1072 .-
973 1052 1046 1073 nam
1061 1045 1092 1073 et
1108 1042 1160 1072 z'lle
1174 1043 1262 1073 audit
1279 1044 1512 1074 acclamationes
1532 1045 1580 1075 tui

119 1087 237 1126 populi.
287 1088 413 1118 Clamor
438 1089 502 1127 ipse
528 1087 599 1117 novi
620 1086 732 1126 gaudii
758 1084 917 1123 terrefecit
940 1088 1048 1124 gentes
1077 1085 1278 1123 Sarmaticas,
1293 1089 1325 1116 et
1341 1086 1533 1126 Danubium,
1549 1092 1581 1118 et

124 1129 234 1160 Getas.
280 1130 367 1160 Dum
390 1131 556 1170 applausus
575 1129 716 1160 diuturni
740 1129 842 1158 colunt
860 1131 890 1159 te
905 1137 991 1158 sucro
1005 1128 1094 1168 clivo,
1117 1129 1219 1159 nullus
1241 1129 1337 1160 sensit
1352 1139 1477 1161 currere
1491 1140 1582 1171 equos

120 1176 229 1212 quater
243 1173 376 1203 emissos.
421 1173 452 1204 Ο
473 1173 594 1210 Caesar,
612 1172 712 1202 Roma
726 1172 844 1201 nullum
859 1170 1078 1210 imperatorem
1092 1170 1137 1202 sic
1151 1171 1277 1212 dilexit,
1288 1182 1342 1203 nec
1354 1175 1384 1203 te
1398 1172 1508 1214 ipsum
1524 1183 1582 1204 an-

122 1221 191 1246 tea.
235 1216 310 1246 Jam
331 1215 425 1247 etiam
448 1216 551 1255 nequit
569 1224 673 1245 amare
689 1217 718 1245 te
731 1214 844 1253 magis,
859 1213 931 1244 licet
945 1214 1011 1254 ipsa
1026 1214 1142 1254 cupiat.

733 1292 967 1304 ‘memnone

164 1342 185 1370 6
211 1338 498 1370 BeverlandiMs.
518 1338 614 1370 sentit
641 1341 808 1378 equos.—⁷
834 1337 1006 1368 Gruterus
1022 1338 1174 1370 malebat
1197 1339 1258 1370 nisi
1274 1343 1305 1370 te
1320 1340 1375 1372 sic.
1422 1341 1579 1374 Raderus

126 1386 237 1413 tamen
255 1392 315 1422 pro
331 1388 472 1421 recepta
484 1387 576 1420 stat3
600 1391 698 1422 quem
717 1380 793 1411 vide
810 1380 842 1411 in
857 1380 940 1412 Var.
960 1381 1073 1413 Notis.
1106 1382 1187 1413 Ant.
1205 1382 1247 1412 de
1265 1384 1361 1424 Rooy
1377 1386 1577 1425 proposuit:

125 1425 227 1456 Ullum
240 1426 338 1456 Roma
350 1427 468 1461 ducem,
483 1435 538 1455 nec
555 1428 584 1456 te
598 1425 656 1463 sic,
674 1425 794 1461 Caesar‚
818 1422 961 1455 amat-it?
987 1425 1039 1456 vel
1055 1436 1063 1455 2
1093 1425 1197 1456 Ullum
1219 1426 1321 1457 Roma
1342 1428 1460 1466 ducem,
1475 1432 1582 1468 ceute,

120 1468 178 1506 sic,
193 1469 312 1509 Coesar,
326 1466 468 1499 amavit?
492 1468 545 1498 vel
562 1467 708 1509 denique
723 1478 731 1498 :
759 1467 890 1497 Nullum
906 1467 1006 1498 Roma
1020 1469 1138 1508 ducem,
1149 1478 1203 1499 ceu
1219 1472 1262 1509 te,
1276 1469 1334 1509 sic,
1353 1470 1472 1511 Coesar,
1495 1481 1580 1503 arna·

121 1510 180 1541 vit.

779 1551 919 1584 NOTAE

167 1620 183 1647 l
212 1616 351 1657 Rhenus]
376 1616 453 1648 Hoc
465 1619 527 1656 est,
543 1615 651 1646 Rheni
665 1615 806 1646 accolae.
883 1615 994 1647 emitti
1012 1626 1130 1647 currus
1148 1627 1213 1648 non
1230 1618 1519 1653 animadvertant.

168 1668 265 1698 Tuam
280 1666 401 1707 urbem]
427 1667 516 1699 Quia
531 1665 720 1707 magnificis
745 1675 826 1706 ope·
923 1669 943 1697 7
968 1666 1036 1697 Nec
1047 1670 1077 1697 te
1088 1667 1148 1707 sic]
1172 1667 1249 1700 Hoc
1266 1673 1330 1710 est,
1343 1679 1407 1701 nec
1423 1675 1457 1703 te
1473 1671 1583 1713 ipsum

122 1716 214 1748 ribus
227 1717 340 1748 fuerat
355 1726 374 1747 a
389 1716 587 1748 Domitiano
604 1722 780 1757 exornata,
792 1721 827 1747 et
882 1721 1013 1747 tantum
1038 1717 1128 1757 olim,
1146 1723 1310 1759 quantum
1331 1729 1421 1752 nunc
1438 1724 1586 1764 amavit;

122 1769 219 1809 quasi
235 1768 344 1799 denuo
361 1772 537 1799 exstructa
556 1767 677 1798 Roma.
881 1776 943 1797 nec
960 1767 1037 1807 plus
1064 1778 1176 1799 amare
1193 1774 1318 1809 potest.
1351 1770 1484 1813 Argute
1511 1775 1583 1815 qui-

164 1820 183 1848 3
207 1817 415 1858 Sarmaticas]
438 1818 490 1848 De
503 1817 624 1858 quibus
642 1826 758 1857 supra.
881 1816 958 1848 dem
975 1817 1162 1857 concludit,
1176 1819 1235 1849 sed
1251 1829 1371 1860 parum
1389 1831 1479 1855 vere.
1514 1825 1585 1855 Oc-

165 1872 183 1900 5
209 1869 315 1908 Longa
342 1868 476 1909 gaudia]
522 1867 739 1908 Interpretor
767 1877 826 1907 ap·
881 1869 987 1899 cisum
1004 1870 1093 1900 enim
1117 1871 1353 1905 Domitianum
1373 1876 1519 1915 populus
1535 1877 1583 1907 in-

122 1920 258 1960 pxausus
275 1919 465 1959 diuturnos,
490 1918 548 1960 qui
565 1928 702 1959 nempe,
716 1918 826 1959 inquit
881 1918 1082 1951 differenter
1098 1921 1189 1960 tulit,
1212 1921 1359 1955 Senatus
1385 1934 1464 1956 vero
1483 1927 1583 1958 valde

122 1969 291 2010 Raderus,
307 1969 349 2000 ad
364 1969 445 2001 duas
460 1969 640 2011 aliquando
654 1963 826 2001 hora'sdu-
880 1970 1015 2001 laetatus
1054 1974 1118 2002 est.
1162 1972 1346 2005 Suetonius
1381 1974 1416 2006 in
1453 1977 1586 2010 Domit.

120 2024 250 2052 rarent,
881 2029 956 2060 cap.
971 2023 1023 2052 23.
1068 2020 1207 2061 Legunt
1227 2022 1304 2055 alii:
1329 2024 1461 2057 Nullum
1484 2027 1585 2059 Roma

163 2072 184 2101 6
209 2071 307 2102 Nemo
322 2070 446 2111 quater]
479 2069 577 2101 Adeo
604 2079 720 2102 omnes
735 2070 776 2101 ad
793 2075 828 2102 te
881 2073 987 2103 ducem
1002 2072 1064 2104 nisi
1076 2076 1120 2113 te,
1131 2075 1188 2115 sic,
1201 2075 1320 2118 Coesar,
1334 2079 1464 2111 amavit.

123 2130 226 2152 unum
254 2121 380 2153 intenti
406 2124 497 2161 sunt,
523 2125 562 2152 ut
589 2130 608 2152 e
633 2121 828 2152 carceribus

791 2219 913 2261 ΧΠ.

683 2309 750 2338 An
784 2309 1016 2341 muscum.

126 2373 350 2416 UXOREM
373 2388 509 2429 quare
529 2375 792 2430 locupletem
814 2376 972 2419 ducere
993 2380 1143 2430 nolim,

183 2441 431 2492 Quaeritis?
463 2444 593 2484 uxori
613 2444 779 2485 nubere
800 2446 907 2486 nolo
928 2460 1054 2488 meae.

166 2540 300 2580 Rogatzs
314 2551 368 2573 cur
383 2542 478 2574 nolim
488 2543 599 2574 ducere
613 2553 741 2575 uxorem
753 2545 956 2586 locupletem?
977 2549 1044 2579 nolo
1057 2548 1169 2580 nubere
1183 2549 1277 2580 uxori
1290 2559 1377 2582 meae.
1414 2549 1447 2581 Ο
1462 2549 1584 2592 Prisce,

779 2621 919 2654 NOTAE

168 2672 189 2700 2
213 2668 352 2709 Nubere]
384 2671 485 2704 Quod
498 2673 674 2713 proprium
702 2680 755 2706 est
769 2674 827 2706 foe-
883 2677 983 2709 bilius
1004 2677 1088 2710 nihil
1103 2682 1155 2711 est
1177 2688 1277 2721 quam
1302 2678 1442 2711 foemina
1463 2678 1584 2719 dives‚'

127 2719 383 2759 minarum,hoc
407 2726 473 2761 est,
495 2724 573 2755 nolo
590 2725 718 2756 servire
743 2735 826 2757 meae
883 2730 948 2759 διο.

127 2771 235 2801 uxori.
273 2769 447 2802 ,Iuvenalis
463 2773 596 2807 Sat.v1.
630 2776 637 2792 ‘
658 2776 827 2808 lntoxera-

215 2824 329 2863 Dulph.
344 2827 372 2855 e!
396 2824 469 2855 Var.
488 2826 570 2857 Clas.
791 2829 938 2860 Martini.
1424 2835 1443 2862 2
1468 2833 1498 2863 Ο
