1893 3225
547 260 949 290 EPIGRAMMA'PIJM
988 261 1219 290 1.1B.x111.
1519 251 1603 290 959

797 420 977 462 LVIII.

675 510 834 541 JECUR
868 510 1095 539 ANSEms.

154 581 352 631 Asmcss,
373 593 506 635 quam
528 583 694 622 tumeat
710 591 867 631 magno
883 577 1009 631 jecur
1030 591 1183 618 ansere
1202 578 1370 631 majus!

214 649 404 691 Miratus
426 650 563 699 dices,
586 648 707 698 Hoc,
729 660 850 700 rogo,
874 646 1011 688 crevit
1031 646 1143 686 ubi?

203 759 279 790 Vide
295 768 385 800 quam
400 759 619 798 turgeatjecur
640 757 739 796 majus
756 766 868 796 magno
890 766 1019 788 ansere:
1043 755 1194 787 attonitus
1209 755 1302 796 dices,
1322 755 1405 796 Hoc,
1421 756 1473 787 ubi
1489 756 1611 790 crevit?

157 812 269 843 quaeso.

810 854 950 886 NOTAE

202 929 216 957 l
240 927 335 957 Jecur
372 924 487 965 majus]
545 926 685 956 Far-tum
722 924 856 956 scilicet
911 924 994 955 seris
1010 923 1102 956 albi:
1146 924 1270 957 Juven.
1285 924 1357 956 Sat.
1373 934 1405 955 v.
1452 924 1612 955 ‘Anseris

155 976 275 1015 mulso,
288 976 390 1014 lacte,
406 975 535 1014 ficu‚et
549 976 672 1006 carica.
704 976 759 1006 Sic
778 975 856 1006 Far·
910 979 990 1005 ante
1017 975 1125 1016 ipsum
1156 975 1280 1016 magni,
1306 976 1407 1016 jecur
1437 975 1611 1007 anseribus

154 1026 289 1058 nabius.
329 1026 495 1057 Horatius
527 1027 635 1057 Serm.
664 1035 702 1057 ιι.
729 1027 800 1058 Sat.
825 1030 856 1058 8.
911 1025 996 1068 par!

156 1076 367 1117 ‘Pinguibus
381 1082 418 1108 et
444 1076 516 1108 ficis
531 1082 666 1118 pastum
683 1077 786 1117 jecur
800 1086 857 1108 an-

826 1233 961 1275 LIX.

759 1323 1017 1353 GLIRES.

161 1389 300 1431 TOTA
321 1389 428 1430 mihi
448 1390 661 1431 dormitur
681 1391 853 1444 hyems,
873 1394 916 1432 et
938 1390 1143 1445 pinguior
1161 1390 1238 1431 illo

214 1458 438 1510 Tempore
460 1471 570 1508 sum,
592 1471 680 1511 quo
701 1471 770 1499 me
792 1459 855 1498 nil
874 1459 960 1499 nisi
984 1470 1167 1499 somnus
1189 1457 1280 1499 alit.

205 1557 336 1589 Dormio
351 1559 418 1587 tota
433 1556 552 1598 hyeme,
569 1559 598 1587 et
609 1555 758 1597 pinguior
774 1565 841 1586 sum
855 1556 907 1588 illo
923 1559 1070 1597 tempore,
1081 1566 1138 1596 quo
1153 1557 1278 1587 nutrior
1291 1557 1352 1588 solo
1367 1566 1481 1588 somno.

770 1638 1010 1650 eeeeeeeeeeee

204 1686 293 1717 Vide
311 1685 435 1716 Heius.
451 1684 493 1715 ad
509 1684 576 1715 Ov.
591 1685 656 1725 Ep.
674 1693 740 1715 xu.
754 1687 826 1716 170.

820 1763 958 1795 NOTAE

205 1830 324 1870 Glires]
358 1831 413 1862 De
427 1828 547 1871 quibus
563 1827 636 1860 fuse
653 1828 782 1859 Plinius
797 1827 854 1859 Iib.
866 1837 946 1859 vlu.
964 1837 1040 1869 cap.
1055 1832 1109 1861 52.
1126 1834 1160 1861 et
1178 1829 1236 1861 lib.
1256 1839 1366 1863 xxxx.
1395 1841 1471 1873 cap.
1487 1831 1618 1866 ultimo.

835 1970 943 2011 LX.

742 2061 1042 2091 CUNIGULUS.

165 2129 383 2171 GAUDET
406 2128 450 2168 in
472 2122 645 2169 effossis
666 2127 864 2168 habitare
885 2128 1117 2168 cuniculus
1139 2129 1295 2169 antris:

234 2195 509 2237 Monstravit
531 2196 692 2238 tacitas
712 2196 918 2237 hostibus
937 2196 1009 2237 ille
1026 2197 1134 2237 vias.

211 2309 376 2341 Cuniculus
387 2313 471 2341 amat
487 2309 627 2341 habitare
639 2310 673 2341 in
687 2309 841 2351 speluncis
859 2308 998 2350 effossis:
1021 2310 1073 2341 ille
1084 2310 1217 2341 ostendit
1233 2310 1372 2342 hostibus
1387 2311 1515 2342 tacitum
1531 2311 1601 2341 iter.

774 2393 1011 2404 eeeeeeeeeeee

211 2430 227 2458 1
256 2428 299 2458 G.
318 2427 483 2468 inoffensis
498 2428 566 2459 Ms.
585 2428 721 2459 Beverl.

822 2482 962 2514 NOTAE

208 2549 228 2577 2
253 2546 461 2587 Monstravit]
503 2546 513 2563 ‘
530 2546 632 2577 Aliud
663 2556 770 2588 genus
809 2556 868 2588 op·
920 2546 1107 2588 leporibus,
1120 2547 1175 2587 qui
1192 2556 1353 2577 cavernas
1375 2546 1437 2577 sub
1451 2547 1550 2577 terris
1572 2545 1620 2576 fo-

168 2599 387 2640 pugnationis
414 2603 465 2630 est
487 2599 742 2630 subterraneum
767 2605 868 2641 atque
922 2598 1032 2637 diunt,
1059 2598 1172 2638 ibique
1207 2597 1423 2629 conduntur.'
1457 2597 1622 2636 Vegetius

169 2654 353 2690 secretum,
369 2649 458 2690 quod
473 2649 666 2681 cuniculum
682 2656 826 2681 vocant:
851 2660 869 2682 a
922 2649 981 2681 lib.
999 2658 1046 2680 lv.
1064 2657 1139 2688 cap.
1155 2650 1207 2679 24.
