<?xml version="1.0" encoding="UTF-8"?>
<!DOCTYPE html PUBLIC "-//W3C//DTD XHTML 1.0 Transitional//EN"
    "http://www.w3.org/TR/xhtml1/DTD/xhtml1-transitional.dtd">
<html xmlns="http://www.w3.org/1999/xhtml" xml:lang="en" lang="en">
 <head>
  <title>
</title>
<meta http-equiv="Content-Type" content="text/html;charset=utf-8" />
  <meta name='ocr-system' content='tesseract 3.04.00' />
  <meta name='ocr-capabilities' content='ocr_page ocr_carea ocr_par ocr_line ocrx_word'/>
</head>
<body>
  <div class='ocr_page' id='page_1' title='image "./epigrammataexedi02martuoft_0547.png"; bbox 0 0 1893 3225; ppageno 0'>
   <div class='ocr_carea' id='block_1_1' title="bbox 582 242 1639 286">
    <p class='ocr_par' dir='ltr' id='par_1_1' title="bbox 582 242 1639 286">
     <span class='ocr_line' id='line_1_1' title="bbox 582 242 1639 286; baseline 0.001 -2"><span class='ocrx_word' id='word_1_1' title='bbox 582 254 987 286; x_wconf 66' lang='lat' dir='ltr'>nmeAMMA&#39;rUM</span> <span class='ocrx_word' id='word_1_2' title='bbox 1027 254 1118 284; x_wconf 76' lang='lat' dir='ltr'><em>mn.</em></span> <span class='ocrx_word' id='word_1_3' title='bbox 1154 253 1258 283; x_wconf 78' lang='lat' dir='ltr'><em>X1v.</em></span> <span class='ocrx_word' id='word_1_4' title='bbox 1529 242 1639 285; x_wconf 79' lang='lat'>1035</span> 
     </span>
    </p>
   </div>
   <div class='ocr_carea' id='block_1_2' title="bbox 649 406 1179 529">
    <p class='ocr_par' dir='ltr' id='par_1_2' title="bbox 649 406 1179 529">
     <span class='ocr_line' id='line_1_2' title="bbox 775 406 1065 448; baseline 0 -1"><span class='ocrx_word' id='word_1_5' title='bbox 775 406 1065 448; x_wconf 89' lang='lat' dir='ltr'>CXXXIV.</span> 
     </span>
     <span class='ocr_line' id='line_1_3' title="bbox 649 497 1179 529; baseline 0.002 -2"><span class='ocrx_word' id='word_1_6' title='bbox 649 497 822 527; x_wconf 78' lang='lat' dir='ltr'>FASCIA</span> <span class='ocrx_word' id='word_1_7' title='bbox 858 497 1179 529; x_wconf 67' lang='lat' dir='ltr'><em>pnc&#39;roRAms.</em></span> 
     </span>
    </p>
   </div>
   <div class='ocr_carea' id='block_1_3' title="bbox 190 563 1352 688">
    <p class='ocr_par' dir='ltr' id='par_1_3' title="bbox 190 563 1352 688">
     <span class='ocr_line' id='line_1_4' title="bbox 190 563 1352 621; baseline 0.004 -17"><span class='ocrx_word' id='word_1_8' title='bbox 190 563 375 605; x_wconf 65' lang='lat' dir='ltr'><em>FAscm</em></span> <span class='ocrx_word' id='word_1_9' title='bbox 401 571 651 607; x_wconf 79' lang='lat' dir='ltr'>crescentes</span> <span class='ocrx_word' id='word_1_10' title='bbox 674 566 864 607; x_wconf 86' lang='lat' dir='ltr'>dominae</span> <span class='ocrx_word' id='word_1_11' title='bbox 888 579 1123 620; x_wconf 77' lang='lat' dir='ltr'><em>compesce</em></span> <span class='ocrx_word' id='word_1_12' title='bbox 1144 568 1352 621; x_wconf 81' lang='lat' dir='ltr'><strong>papillas,</strong></span> 
     </span>
     <span class='ocr_line' id='line_1_5' title="bbox 252 632 1306 688; baseline 0.002 -14"><span class='ocrx_word' id='word_1_13' title='bbox 252 632 314 674; x_wconf 84' lang='lat' dir='ltr'><em>Ut</em></span> <span class='ocrx_word' id='word_1_14' title='bbox 333 634 392 674; x_wconf 82' lang='lat' dir='ltr'><em>sit</em></span> <span class='ocrx_word' id='word_1_15' title='bbox 413 635 529 687; x_wconf 92' lang='lat' dir='ltr'><em>quod</em></span> <span class='ocrx_word' id='word_1_16' title='bbox 553 634 702 688; x_wconf 80' lang='lat' dir='ltr'>capiat</span> <span class='ocrx_word' id='word_1_17' title='bbox 723 637 885 683; x_wconf 78' lang='lat' dir='ltr'><em>nostra,</em></span> <span class='ocrx_word' id='word_1_18' title='bbox 906 638 1116 688; x_wconf 80' lang='lat' dir='ltr'><em>tegatque</em></span> <span class='ocrx_word' id='word_1_19' title='bbox 1135 648 1306 676; x_wconf 88' lang='lat' dir='ltr'>manus.</span> 
     </span>
    </p>
   </div>
   <div class='ocr_carea' id='block_1_4' title="bbox 186 743 1640 818">
    <p class='ocr_par' dir='ltr' id='par_1_4' title="bbox 186 743 1640 818">
     <span class='ocr_line' id='line_1_6' title="bbox 207 743 1640 818; baseline 0.002 -44"><span class='ocrx_word' id='word_1_20' title='bbox 207 743 262 816; x_wconf 67' lang='lat' dir='ltr'><em>bs.)</em></span> <span class='ocrx_word' id='word_1_21' title='bbox 282 744 387 818; x_wconf 47' lang='lat' dir='ltr'><em>jglzscia</em></span> <span class='ocrx_word' id='word_1_22' title='bbox 409 746 513 777; x_wconf 80' lang='lat' dir='ltr'><em>cohibe</em></span> <span class='ocrx_word' id='word_1_23' title='bbox 529 756 675 777; x_wconf 79' lang='lat' dir='ltr'><em>mammas</em></span> <span class='ocrx_word' id='word_1_24' title='bbox 689 745 919 785; x_wconf 77' lang='lat' dir='ltr'><em>extuberantes,</em></span> <span class='ocrx_word' id='word_1_25' title='bbox 931 747 964 775; x_wconf 83' lang='lat' dir='ltr'><em>ut</em></span> <span class='ocrx_word' id='word_1_26' title='bbox 979 744 1023 775; x_wconf 82' lang='lat' dir='ltr'><em>sit</em></span> <span class='ocrx_word' id='word_1_27' title='bbox 1032 745 1111 785; x_wconf 76' lang='lat' dir='ltr'><em>quod</em></span> <span class='ocrx_word' id='word_1_28' title='bbox 1126 745 1281 776; x_wconf 83' lang='lat' dir='ltr'><em>contineat</em></span> <span class='ocrx_word' id='word_1_29' title='bbox 1299 748 1404 776; x_wconf 75' lang='lat' dir='ltr'><em>nostra</em></span> <span class='ocrx_word' id='word_1_30' title='bbox 1420 755 1537 785; x_wconf 82' lang='lat' dir='ltr'><em>manus,</em></span> <span class='ocrx_word' id='word_1_31' title='bbox 1548 748 1640 786; x_wconf 79' lang='lat' dir='ltr'><em>atque</em></span> 
     </span>
     <span class='ocr_line' id='line_1_7' title="bbox 186 791 363 818; baseline 0.006 -1"><span class='ocrx_word' id='word_1_32' title='bbox 186 797 204 817; x_wconf 84' lang='grc' dir='ltr'><em>α</em></span> <span class='ocrx_word' id='word_1_33' title='bbox 225 796 294 818; x_wconf 86' lang='lat' dir='ltr'><em>scon</em></span> <span class='ocrx_word' id='word_1_34' title='bbox 319 791 363 818; x_wconf 76' lang='lat' dir='ltr'><em>at.</em></span> 
     </span>
    </p>
   </div>
   <div class='ocr_carea' id='block_1_5' title="bbox 793 840 1033 850">
    <p class='ocr_par' dir='ltr' id='par_1_5' title="bbox 793 840 1033 850">
     <span class='ocr_line' id='line_1_8' title="bbox 793 840 1033 850; baseline 0 0"><span class='ocrx_word' id='word_1_35' title='bbox 793 840 1033 850; x_wconf 53' lang='lat' dir='ltr'><em>“eamn-‘oe</em></span> 
     </span>
    </p>
   </div>
   <div class='ocr_carea' id='block_1_6' title="bbox 187 894 1635 980">
    <p class='ocr_par' dir='ltr' id='par_1_6' title="bbox 187 894 1635 980">
     <span class='ocr_line' id='line_1_9' title="bbox 230 894 1635 935; baseline 0.001 -11"><span class='ocrx_word' id='word_1_36' title='bbox 230 896 245 924; x_wconf 88' lang='lat'>1</span> <span class='ocrx_word' id='word_1_37' title='bbox 271 894 440 926; x_wconf 71' lang='lat' dir='ltr'><em>Laetantes</em></span> <span class='ocrx_word' id='word_1_38' title='bbox 455 895 576 927; x_wconf 80' lang='lat' dir='ltr'><strong>Heius.</strong></span> <span class='ocrx_word' id='word_1_39' title='bbox 601 896 642 927; x_wconf 88' lang='lat' dir='ltr'><em>ad</em></span> <span class='ocrx_word' id='word_1_40' title='bbox 667 895 771 928; x_wconf 87' lang='lat' dir='ltr'><strong>Ovid.</strong></span> <span class='ocrx_word' id='word_1_41' title='bbox 789 897 885 928; x_wconf 83' lang='lat' dir='ltr'>Rem.</span> <span class='ocrx_word' id='word_1_42' title='bbox 902 896 1018 928; x_wconf 88' lang='lat' dir='ltr'>Amor.</span> <span class='ocrx_word' id='word_1_43' title='bbox 1041 905 1088 927; x_wconf 82' lang='lat' dir='ltr'><em>vs,</em></span> <span class='ocrx_word' id='word_1_44' title='bbox 1106 898 1181 927; x_wconf 80' lang='lat'><strong>338.</strong></span> <span class='ocrx_word' id='word_1_45' title='bbox 1199 896 1242 927; x_wconf 89' lang='lat' dir='ltr'><em>al.</em></span> <span class='ocrx_word' id='word_1_46' title='bbox 1255 898 1427 935; x_wconf 78' lang='lat' dir='ltr'><em>surgentes.</em></span> <span class='ocrx_word' id='word_1_47' title='bbox 1468 895 1575 926; x_wconf 79' lang='lat' dir='ltr'>Scriv.</span> <span class='ocrx_word' id='word_1_48' title='bbox 1593 896 1635 926; x_wconf 84' lang='lat' dir='ltr'><em>ad</em></span> 
     </span>
     <span class='ocr_line' id='line_1_10' title="bbox 187 937 1360 980; baseline 0.002 -13"><span class='ocrx_word' id='word_1_49' title='bbox 187 937 326 978; x_wconf 86' lang='lat' dir='ltr'>Pervig.</span> <span class='ocrx_word' id='word_1_50' title='bbox 346 938 386 969; x_wconf 90' lang='lat' dir='ltr'><em>V.</em></span> <span class='ocrx_word' id='word_1_51' title='bbox 404 941 640 978; x_wconf 78' lang='lat' dir='ltr'><em>turgentes.-2</em></span> <span class='ocrx_word' id='word_1_52' title='bbox 665 940 775 971; x_wconf 80' lang='lat' dir='ltr'><em>Faciat</em></span> <span class='ocrx_word' id='word_1_53' title='bbox 794 949 854 980; x_wconf 88' lang='lat' dir='ltr'><em>pro</em></span> <span class='ocrx_word' id='word_1_54' title='bbox 869 940 972 980; x_wconf 75' lang='lat' dir='ltr'><em>capiat</em></span> <span class='ocrx_word' id='word_1_55' title='bbox 988 939 1021 970; x_wconf 89' lang='lat' dir='ltr'><em>in</em></span> <span class='ocrx_word' id='word_1_56' title='bbox 1037 949 1142 979; x_wconf 84' lang='lat' dir='ltr'>marg.</span> <span class='ocrx_word' id='word_1_57' title='bbox 1157 938 1211 970; x_wconf 87' lang='lat' dir='ltr'><em>ed.</em></span> <span class='ocrx_word' id='word_1_58' title='bbox 1230 939 1360 979; x_wconf 83' lang='lat' dir='ltr'>Langii.</span> 
     </span>
    </p>
   </div>
   <div class='ocr_carea' id='block_1_7' title="bbox 846 1025 986 1057">
    <p class='ocr_par' dir='ltr' id='par_1_7' title="bbox 846 1025 986 1057">
     <span class='ocr_line' id='line_1_11' title="bbox 846 1025 986 1057; baseline -0.007 0"><span class='ocrx_word' id='word_1_59' title='bbox 846 1026 876 1057; x_wconf 95' lang='lat' dir='ltr'>N</span> <span class='ocrx_word' id='word_1_60' title='bbox 884 1025 986 1057; x_wconf 85' lang='lat' dir='ltr'><em>OTAE</em></span> 
     </span>
    </p>
   </div>
   <div class='ocr_carea' id='block_1_8' title="bbox 183 1088 1535 1182">
    <p class='ocr_par' dir='ltr' id='par_1_8' title="bbox 183 1088 1535 1182">
     <span class='ocr_line' id='line_1_12' title="bbox 205 1088 1535 1132; baseline 0.003 -14"><span class='ocrx_word' id='word_1_61' title='bbox 205 1091 225 1118; x_wconf 84' lang='lat'>2</span> <span class='ocrx_word' id='word_1_62' title='bbox 244 1088 286 1119; x_wconf 89' lang='lat' dir='ltr'><em>Ut</em></span> <span class='ocrx_word' id='word_1_63' title='bbox 298 1089 339 1120; x_wconf 81' lang='lat' dir='ltr'><em>sit</em></span> <span class='ocrx_word' id='word_1_64' title='bbox 352 1090 445 1130; x_wconf 79' lang='lat' dir='ltr'><em>qnod]</em></span> <span class='ocrx_word' id='word_1_65' title='bbox 459 1091 556 1122; x_wconf 82' lang='lat' dir='ltr'>Intra</span> <span class='ocrx_word' id='word_1_66' title='bbox 567 1091 702 1122; x_wconf 84' lang='lat' dir='ltr'>modum</span> <span class='ocrx_word' id='word_1_67' title='bbox 714 1097 883 1123; x_wconf 86' lang='lat' dir='ltr'><em>extumes-</em></span> <span class='ocrx_word' id='word_1_68' title='bbox 940 1091 1029 1122; x_wconf 87' lang='lat' dir='ltr'>enim</span> <span class='ocrx_word' id='word_1_69' title='bbox 1043 1100 1233 1122; x_wconf 85' lang='lat' dir='ltr'><em>mammosae</em></span> <span class='ocrx_word' id='word_1_70' title='bbox 1248 1090 1370 1131; x_wconf 82' lang='lat' dir='ltr'>puellae</span> <span class='ocrx_word' id='word_1_71' title='bbox 1386 1090 1535 1132; x_wconf 73' lang='lat' dir='ltr'><em>placent·</em></span> 
     </span>
     <span class='ocr_line' id='line_1_13' title="bbox 183 1141 885 1182; baseline 0.004 -13"><span class='ocrx_word' id='word_1_72' title='bbox 183 1144 302 1170; x_wconf 83' lang='lat' dir='ltr'><em>centes</em></span> <span class='ocrx_word' id='word_1_73' title='bbox 332 1141 469 1181; x_wconf 65' lang='lat' dir='ltr'>papillae</span> <span class='ocrx_word' id='word_1_74' title='bbox 501 1141 669 1182; x_wconf 75' lang='lat' dir='ltr'><em>gratiores</em></span> <span class='ocrx_word' id='word_1_75' title='bbox 693 1146 771 1173; x_wconf 85' lang='lat' dir='ltr'><em>sunt</em></span> <span class='ocrx_word' id='word_1_76' title='bbox 789 1151 796 1171; x_wconf 80' lang='lat' dir='ltr'>z</span> <span class='ocrx_word' id='word_1_77' title='bbox 822 1151 885 1172; x_wconf 87' lang='lat' dir='ltr'><em>nec</em></span> 
     </span>
    </p>
   </div>
   <div class='ocr_carea' id='block_1_9' title="bbox 705 1295 1115 1416">
    <p class='ocr_par' dir='ltr' id='par_1_9' title="bbox 705 1295 1115 1416">
     <span class='ocr_line' id='line_1_14' title="bbox 782 1295 1046 1337; baseline -0.004 0"><span class='ocrx_word' id='word_1_78' title='bbox 782 1295 1046 1337; x_wconf 87' lang='lat' dir='ltr'>CXXXV.</span> 
     </span>
     <span class='ocr_line' id='line_1_15' title="bbox 705 1386 1115 1416; baseline 0 0"><span class='ocrx_word' id='word_1_79' title='bbox 705 1386 1115 1416; x_wconf 68' lang='lat' dir='ltr'>GOENATonlA.</span> 
     </span>
    </p>
   </div>
   <div class='ocr_carea' id='block_1_10' title="bbox 147 1452 1356 1576">
    <p class='ocr_par' dir='ltr' id='par_1_10' title="bbox 147 1452 1356 1576">
     <span class='ocr_line' id='line_1_16' title="bbox 147 1452 1356 1503; baseline 0 -9"><span class='ocrx_word' id='word_1_80' title='bbox 147 1455 149 1458; x_wconf 80' lang='grc'><strong>“</strong></span> <span class='ocrx_word' id='word_1_81' title='bbox 188 1452 297 1494; x_wconf 69' lang='lat' dir='ltr'><em>NEC</em></span> <span class='ocrx_word' id='word_1_82' title='bbox 321 1453 418 1494; x_wconf 82' lang='lat' dir='ltr'><em>fora</em></span> <span class='ocrx_word' id='word_1_83' title='bbox 439 1456 541 1494; x_wconf 83' lang='lat' dir='ltr'><em>sunt</em></span> <span class='ocrx_word' id='word_1_84' title='bbox 560 1454 707 1503; x_wconf 87' lang='lat' dir='ltr'><em>nobis,</em></span> <span class='ocrx_word' id='word_1_85' title='bbox 729 1468 813 1496; x_wconf 89' lang='lat' dir='ltr'><em>nec</em></span> <span class='ocrx_word' id='word_1_86' title='bbox 836 1460 935 1496; x_wconf 86' lang='lat' dir='ltr'><em>sunt</em></span> <span class='ocrx_word' id='word_1_87' title='bbox 954 1453 1210 1496; x_wconf 79' lang='lat' dir='ltr'>vadimonia</span> <span class='ocrx_word' id='word_1_88' title='bbox 1228 1458 1356 1494; x_wconf 79' lang='lat' dir='ltr'><em>nota:</em></span> 
     </span>
     <span class='ocr_line' id='line_1_17' title="bbox 241 1520 1146 1576; baseline -0.001 -14"><span class='ocrx_word' id='word_1_89' title='bbox 241 1520 335 1563; x_wconf 86' lang='lat' dir='ltr'><em>Hic</em></span> <span class='ocrx_word' id='word_1_90' title='bbox 358 1534 472 1575; x_wconf 88' lang='lat' dir='ltr'><em>opus</em></span> <span class='ocrx_word' id='word_1_91' title='bbox 494 1527 565 1562; x_wconf 84' lang='lat' dir='ltr'><em>est</em></span> <span class='ocrx_word' id='word_1_92' title='bbox 581 1522 716 1576; x_wconf 82' lang='lat' dir='ltr'><em>pictis</em></span> <span class='ocrx_word' id='word_1_93' title='bbox 738 1524 1000 1564; x_wconf 78' lang='lat' dir='ltr'><em>accubuisse</em></span> <span class='ocrx_word' id='word_1_94' title='bbox 1024 1522 1146 1563; x_wconf 85' lang='lat' dir='ltr'><em>toris.</em></span> 
     </span>
    </p>
   </div>
   <div class='ocr_carea' id='block_1_11' title="bbox 228 1644 1553 1744">
    <p class='ocr_par' dir='ltr' id='par_1_11' title="bbox 228 1644 1553 1744">
     <span class='ocr_line' id='line_1_18' title="bbox 228 1644 1553 1685; baseline -0.001 -10"><span class='ocrx_word' id='word_1_95' title='bbox 228 1644 297 1676; x_wconf 84' lang='lat' dir='ltr'><em>Nec</em></span> <span class='ocrx_word' id='word_1_96' title='bbox 313 1646 521 1684; x_wconf 82' lang='lat' dir='ltr'><em>cognoscimus</em></span> <span class='ocrx_word' id='word_1_97' title='bbox 529 1645 618 1685; x_wconf 83' lang='lat' dir='ltr'><em>fora,</em></span> <span class='ocrx_word' id='word_1_98' title='bbox 632 1656 686 1677; x_wconf 82' lang='lat' dir='ltr'><em>nec</em></span> <span class='ocrx_word' id='word_1_99' title='bbox 697 1646 871 1677; x_wconf 71' lang='lat' dir='ltr'><em>vadimonia</em></span> <span class='ocrx_word' id='word_1_100' title='bbox 883 1657 893 1677; x_wconf 89' lang='lat'><em>.·</em></span> <span class='ocrx_word' id='word_1_101' title='bbox 917 1655 1024 1676; x_wconf 82' lang='lat' dir='ltr'><em>munus</em></span> <span class='ocrx_word' id='word_1_102' title='bbox 1037 1648 1083 1676; x_wconf 84' lang='lat' dir='ltr'><em>est</em></span> <span class='ocrx_word' id='word_1_103' title='bbox 1097 1645 1147 1676; x_wconf 81' lang='lat' dir='ltr'><em>hic</em></span> <span class='ocrx_word' id='word_1_104' title='bbox 1161 1644 1337 1676; x_wconf 80' lang='lat' dir='ltr'><em>accumbere</em></span> <span class='ocrx_word' id='word_1_105' title='bbox 1349 1644 1438 1675; x_wconf 77' lang='lat' dir='ltr'><em>lectis</em></span> <span class='ocrx_word' id='word_1_106' title='bbox 1448 1644 1553 1684; x_wconf 78' lang='lat' dir='ltr'><em>pictis.</em></span> 
     </span>
     <span class='ocr_line' id='line_1_19' title="bbox 786 1732 1022 1744; baseline 0 -1"><span class='ocrx_word' id='word_1_107' title='bbox 786 1732 1022 1744; x_wconf 55' lang='grc'><em>,,,,,,,,,,,,</em></span> 
     </span>
    </p>
   </div>
   <div class='ocr_carea' id='block_1_12' title="bbox 221 1775 978 1849">
    <p class='ocr_par' dir='ltr' id='par_1_12' title="bbox 221 1775 978 1849">
     <span class='ocr_line' id='line_1_20' title="bbox 221 1775 665 1816; baseline 0 -11"><span class='ocrx_word' id='word_1_108' title='bbox 221 1777 241 1805; x_wconf 82' lang='lat'>2</span> <span class='ocrx_word' id='word_1_109' title='bbox 264 1775 399 1816; x_wconf 83' lang='lat' dir='ltr'>Legunt</span> <span class='ocrx_word' id='word_1_110' title='bbox 415 1775 472 1806; x_wconf 81' lang='lat' dir='ltr'>alii</span> <span class='ocrx_word' id='word_1_111' title='bbox 495 1775 566 1807; x_wconf 83' lang='lat' dir='ltr'><em>Hoc</em></span> <span class='ocrx_word' id='word_1_112' title='bbox 580 1785 665 1815; x_wconf 86' lang='lat' dir='ltr'><em>opus.</em></span> 
     </span>
     <span class='ocr_line' id='line_1_21' title="bbox 835 1817 978 1849; baseline -0.007 0"><span class='ocrx_word' id='word_1_113' title='bbox 835 1817 978 1849; x_wconf 87' lang='lat' dir='ltr'>NOTAE</span> 
     </span>
    </p>
   </div>
   <div class='ocr_carea' id='block_1_13' title="bbox 229 1879 1633 1924">
    <p class='ocr_par' dir='ltr' id='par_1_13' title="bbox 229 1879 1633 1924">
     <span class='ocr_line' id='line_1_22' title="bbox 229 1879 1633 1924; baseline -0.004 -9"><span class='ocrx_word' id='word_1_114' title='bbox 229 1883 422 1924; x_wconf 73' lang='lat' dir='ltr'><em>coenatoria]</em></span> <span class='ocrx_word' id='word_1_115' title='bbox 448 1884 582 1915; x_wconf 83' lang='lat' dir='ltr'><em>Neutro</em></span> <span class='ocrx_word' id='word_1_116' title='bbox 596 1892 721 1923; x_wconf 81' lang='lat' dir='ltr'><strong>genere</strong></span> <span class='ocrx_word' id='word_1_117' title='bbox 748 1891 877 1923; x_wconf 82' lang='lat' dir='ltr'><strong>ponun-</strong></span> <span class='ocrx_word' id='word_1_118' title='bbox 933 1882 1027 1913; x_wconf 78' lang='lat' dir='ltr'>tendi</span> <span class='ocrx_word' id='word_1_119' title='bbox 1058 1881 1249 1923; x_wconf 80' lang='lat' dir='ltr'><em>sejudicio</em></span> <span class='ocrx_word' id='word_1_120' title='bbox 1278 1880 1321 1912; x_wconf 83' lang='lat' dir='ltr'><em>ad</em></span> <span class='ocrx_word' id='word_1_121' title='bbox 1344 1880 1433 1911; x_wconf 84' lang='lat' dir='ltr'>diem</span> <span class='ocrx_word' id='word_1_122' title='bbox 1462 1879 1633 1920; x_wconf 60' lang='lat' dir='ltr'><em>praestitu-</em></span> 
     </span>
    </p>
   </div>
   <div class='ocr_carea' id='block_1_14' title="bbox 179 1933 1631 2022">
    <p class='ocr_par' dir='ltr' id='par_1_14' title="bbox 179 1933 1631 2022">
     <span class='ocr_line' id='line_1_23' title="bbox 179 1933 1015 1975; baseline -0.002 -10"><span class='ocrx_word' id='word_1_123' title='bbox 179 1938 246 1974; x_wconf 82' lang='lat' dir='ltr'><em>tur,</em></span> <span class='ocrx_word' id='word_1_124' title='bbox 281 1939 319 1966; x_wconf 91' lang='lat' dir='ltr'><em>ut</em></span> <span class='ocrx_word' id='word_1_125' title='bbox 348 1934 406 1967; x_wconf 81' lang='lat' dir='ltr'><strong>lib.</strong></span> <span class='ocrx_word' id='word_1_126' title='bbox 430 1944 467 1966; x_wconf 86' lang='lat' dir='ltr'><em>x.</em></span> <span class='ocrx_word' id='word_1_127' title='bbox 507 1934 609 1975; x_wconf 85' lang='lat' dir='ltr'><strong>Epig.</strong></span> <span class='ocrx_word' id='word_1_128' title='bbox 637 1935 692 1964; x_wconf 81' lang='grc'><em>87.</em></span> <span class='ocrx_word' id='word_1_129' title='bbox 729 1933 738 1949; x_wconf 86' lang='lat'><em>‘</em></span> <span class='ocrx_word' id='word_1_130' title='bbox 758 1933 877 1964; x_wconf 86' lang='lat' dir='ltr'>Coena-</span> <span class='ocrx_word' id='word_1_131' title='bbox 934 1937 1015 1963; x_wconf 89' lang='lat' dir='ltr'><em>tam.</em></span> 
     </span>
     <span class='ocr_line' id='line_1_24' title="bbox 179 1980 1631 2022; baseline -0.004 -6"><span class='ocrx_word' id='word_1_132' title='bbox 179 1986 264 2016; x_wconf 83' lang='lat' dir='ltr'><em>toria</em></span> <span class='ocrx_word' id='word_1_133' title='bbox 280 1986 396 2017; x_wconf 79' lang='lat' dir='ltr'><em>mittat</em></span> <span class='ocrx_word' id='word_1_134' title='bbox 410 1984 602 2017; x_wconf 69' lang='lat' dir='ltr'><em>advocato!</em></span> <span class='ocrx_word' id='word_1_135' title='bbox 976 1985 996 2012; x_wconf 87' lang='lat'><strong>2</strong></span> <span class='ocrx_word' id='word_1_136' title='bbox 1024 1982 1089 2013; x_wconf 85' lang='lat' dir='ltr'><em>Hic</em></span> <span class='ocrx_word' id='word_1_137' title='bbox 1115 1991 1191 2022; x_wconf 83' lang='lat' dir='ltr'><em>opus</em></span> <span class='ocrx_word' id='word_1_138' title='bbox 1209 1982 1270 2022; x_wconf 85' lang='lat' dir='ltr'><em>est]</em></span> <span class='ocrx_word' id='word_1_139' title='bbox 1295 1981 1373 2012; x_wconf 90' lang='lat' dir='ltr'><em>Hoc</em></span> <span class='ocrx_word' id='word_1_140' title='bbox 1397 1985 1461 2016; x_wconf 81' lang='lat' dir='ltr'><em>est,</em></span> <span class='ocrx_word' id='word_1_141' title='bbox 1483 1980 1631 2011; x_wconf 80' lang='lat' dir='ltr'><em>Inservi-</em></span> 
     </span>
    </p>
   </div>
   <div class='ocr_carea' id='block_1_15' title="bbox 221 2030 1632 2096">
    <p class='ocr_par' dir='ltr' id='par_1_15' title="bbox 221 2030 1632 2096">
     <span class='ocr_line' id='line_1_25' title="bbox 221 2030 1632 2096; baseline -0.004 -29"><span class='ocrx_word' id='word_1_142' title='bbox 221 2038 237 2066; x_wconf 93' lang='lat' dir='ltr'>l</span> <span class='ocrx_word' id='word_1_143' title='bbox 265 2037 331 2067; x_wconf 80' lang='lat' dir='ltr'><em>Nec</em></span> <span class='ocrx_word' id='word_1_144' title='bbox 345 2036 421 2074; x_wconf 78' lang='lat' dir='ltr'><em>fora</em></span> <span class='ocrx_word' id='word_1_145' title='bbox 436 2036 523 2076; x_wconf 77' lang='lat' dir='ltr'><em>sunl]</em></span> <span class='ocrx_word' id='word_1_146' title='bbox 541 2036 646 2066; x_wconf 86' lang='lat' dir='ltr'><em>Veste</em></span> <span class='ocrx_word' id='word_1_147' title='bbox 663 2034 753 2066; x_wconf 87' lang='lat' dir='ltr'>enim</span> <span class='ocrx_word' id='word_1_148' title='bbox 764 2043 877 2065; x_wconf 86' lang='lat' dir='ltr'>coena-</span> <span class='ocrx_word' id='word_1_149' title='bbox 933 2042 1006 2063; x_wconf 86' lang='lat' dir='ltr'><em>mus</em></span> <span class='ocrx_word' id='word_1_150' title='bbox 1023 2036 1155 2064; x_wconf 86' lang='lat' dir='ltr'><em>tantum</em></span> <span class='ocrx_word' id='word_1_151' title='bbox 1169 2031 1336 2072; x_wconf 89' lang='lat' dir='ltr'><em>convivis,</em></span> <span class='ocrx_word' id='word_1_152' title='bbox 1349 2031 1405 2073; x_wconf 83' lang='lat' dir='ltr'><em>qui</em></span> <span class='ocrx_word' id='word_1_153' title='bbox 1418 2031 1517 2063; x_wconf 73' lang='lat' dir='ltr'><em>lectis</em></span> <span class='ocrx_word' id='word_1_154' title='bbox 1532 2030 1632 2096; x_wconf 32' lang='lat' dir='ltr'><em>piceis</em></span> 
     </span>
    </p>
   </div>
   <div class='ocr_carea' id='block_1_16' title="bbox 175 2084 1150 2179">
    <p class='ocr_par' dir='ltr' id='par_1_16' title="bbox 175 2084 1150 2179">
     <span class='ocr_line' id='line_1_26' title="bbox 177 2084 1150 2118; baseline -0.004 0"><span class='ocrx_word' id='word_1_155' title='bbox 177 2087 265 2118; x_wconf 75' lang='lat' dir='ltr'><em>toria</em></span> <span class='ocrx_word' id='word_1_156' title='bbox 279 2087 366 2118; x_wconf 86' lang='lat' dir='ltr'><em>domi</em></span> <span class='ocrx_word' id='word_1_157' title='bbox 381 2091 512 2118; x_wconf 83' lang='lat' dir='ltr'><em>tantum</em></span> <span class='ocrx_word' id='word_1_158' title='bbox 524 2085 707 2117; x_wconf 86' lang='lat' dir='ltr'><em>utebantur</em></span> <span class='ocrx_word' id='word_1_159' title='bbox 721 2084 877 2116; x_wconf 80' lang='lat' dir='ltr'><em>Romani.</em></span> <span class='ocrx_word' id='word_1_160' title='bbox 931 2084 1150 2115; x_wconf 88' lang='lat' dir='ltr'>accumbunt.</span> 
     </span>
     <span class='ocr_line' id='line_1_27' title="bbox 175 2136 879 2179; baseline -0.006 -9"><span class='ocrx_word' id='word_1_161' title='bbox 175 2139 416 2170; x_wconf 84' lang='lat' dir='ltr'>Vadimonium</span> <span class='ocrx_word' id='word_1_162' title='bbox 431 2143 482 2169; x_wconf 81' lang='lat' dir='ltr'><em>est</em></span> <span class='ocrx_word' id='word_1_163' title='bbox 493 2137 632 2179; x_wconf 81' lang='lat' dir='ltr'><em>sponsio</em></span> <span class='ocrx_word' id='word_1_164' title='bbox 646 2137 801 2179; x_wconf 75' lang='lat' dir='ltr'>quaedam</span> <span class='ocrx_word' id='word_1_165' title='bbox 818 2136 879 2167; x_wconf 85' lang='lat' dir='ltr'><em>sis·</em></span> 
     </span>
    </p>
   </div>
   <div class='ocr_carea' id='block_1_17' title="bbox 766 2293 1061 2415">
    <p class='ocr_par' dir='ltr' id='par_1_17' title="bbox 766 2293 1061 2415">
     <span class='ocr_line' id='line_1_28' title="bbox 766 2293 1061 2336; baseline -0.007 0"><span class='ocrx_word' id='word_1_166' title='bbox 766 2293 1061 2336; x_wconf 87' lang='lat' dir='ltr'>CXXXVI.</span> 
     </span>
     <span class='ocr_line' id='line_1_29' title="bbox 816 2385 997 2415; baseline -0.006 -1"><span class='ocrx_word' id='word_1_167' title='bbox 816 2387 842 2414; x_wconf 78' lang='lat' dir='ltr'>L</span> <span class='ocrx_word' id='word_1_168' title='bbox 855 2386 895 2415; x_wconf 79' lang='lat' dir='ltr'><strong>AE</strong></span> <span class='ocrx_word' id='word_1_169' title='bbox 908 2386 936 2414; x_wconf 89' lang='lat' dir='ltr'>N</span> <span class='ocrx_word' id='word_1_170' title='bbox 952 2385 997 2414; x_wconf 84' lang='lat' dir='ltr'><em>A.</em></span> 
     </span>
    </p>
   </div>
   <div class='ocr_carea' id='block_1_18' title="bbox 178 2452 1314 2578">
    <p class='ocr_par' dir='ltr' id='par_1_18' title="bbox 178 2452 1314 2578">
     <span class='ocr_line' id='line_1_30' title="bbox 178 2452 1314 2505; baseline -0.004 -8"><span class='ocrx_word' id='word_1_171' title='bbox 178 2455 423 2497; x_wconf 76' lang='lat' dir='ltr'><strong>TEMPORE</strong></span> <span class='ocrx_word' id='word_1_172' title='bbox 444 2455 636 2497; x_wconf 80' lang='lat' dir='ltr'>brumali</span> <span class='ocrx_word' id='word_1_173' title='bbox 654 2467 744 2496; x_wconf 90' lang='lat' dir='ltr'><em>non</em></span> <span class='ocrx_word' id='word_1_174' title='bbox 765 2453 946 2495; x_wconf 87' lang='lat' dir='ltr'>multum</span> <span class='ocrx_word' id='word_1_175' title='bbox 970 2452 1086 2493; x_wconf 80' lang='lat' dir='ltr'>levia</span> <span class='ocrx_word' id='word_1_176' title='bbox 1105 2453 1314 2505; x_wconf 84' lang='lat' dir='ltr'><em>prosunt:</em></span> 
     </span>
     <span class='ocr_line' id='line_1_31' title="bbox 237 2521 1050 2578; baseline -0.006 -13"><span class='ocrx_word' id='word_1_177' title='bbox 237 2523 489 2565; x_wconf 82' lang='lat' dir='ltr'>Calfaciunt</span> <span class='ocrx_word' id='word_1_178' title='bbox 509 2524 604 2565; x_wconf 88' lang='lat' dir='ltr'><strong>villi</strong></span> <span class='ocrx_word' id='word_1_179' title='bbox 624 2524 760 2578; x_wconf 78' lang='lat' dir='ltr'>pallia</span> <span class='ocrx_word' id='word_1_180' title='bbox 783 2525 931 2564; x_wconf 81' lang='lat' dir='ltr'><em>vestra</em></span> <span class='ocrx_word' id='word_1_181' title='bbox 950 2521 1050 2562; x_wconf 85' lang='lat' dir='ltr'>mei.</span> 
     </span>
    </p>
   </div>
   <div class='ocr_carea' id='block_1_19' title="bbox 176 2616 1632 2710">
    <p class='ocr_par' dir='ltr' id='par_1_19' title="bbox 176 2616 1632 2710">
     <span class='ocr_line' id='line_1_32' title="bbox 203 2616 1632 2700; baseline -0.007 -43"><span class='ocrx_word' id='word_1_182' title='bbox 203 2626 350 2700; x_wconf 30' lang='lat' dir='ltr'><em>‘l-Glabra</em></span> <span class='ocrx_word' id='word_1_183' title='bbox 389 2636 449 2656; x_wconf 84' lang='lat' dir='ltr'><em>non</em></span> <span class='ocrx_word' id='word_1_184' title='bbox 475 2626 564 2656; x_wconf 72' lang='lat' dir='ltr'><em>valde</em></span> <span class='ocrx_word' id='word_1_185' title='bbox 589 2624 681 2655; x_wconf 80' lang='lat' dir='ltr'><em>utilia</em></span> <span class='ocrx_word' id='word_1_186' title='bbox 707 2627 779 2654; x_wconf 84' lang='lat' dir='ltr'><em>sunt</em></span> <span class='ocrx_word' id='word_1_187' title='bbox 802 2623 934 2665; x_wconf 80' lang='lat' dir='ltr'><em>hyberno</em></span> <span class='ocrx_word' id='word_1_188' title='bbox 963 2625 1117 2661; x_wconf 78' lang='lat' dir='ltr'><em>tempore.-</em></span> <span class='ocrx_word' id='word_1_189' title='bbox 1138 2618 1237 2659; x_wconf 83' lang='lat' dir='ltr'><em>pallia</em></span> <span class='ocrx_word' id='word_1_190' title='bbox 1261 2619 1364 2649; x_wconf 75' lang='lat' dir='ltr'><em>vestra</em></span> <span class='ocrx_word' id='word_1_191' title='bbox 1386 2616 1529 2658; x_wconf 73' lang='lat' dir='ltr'><em>calefiunt</em></span> <span class='ocrx_word' id='word_1_192' title='bbox 1555 2616 1632 2648; x_wconf 83' lang='lat' dir='ltr'><em>meis</em></span> 
     </span>
     <span class='ocr_line' id='line_1_33' title="bbox 176 2679 262 2710; baseline 0 -10"><span class='ocrx_word' id='word_1_193' title='bbox 176 2680 210 2710; x_wconf 79' lang='lat' dir='ltr'><em>pz</em></span> <span class='ocrx_word' id='word_1_194' title='bbox 226 2679 262 2700; x_wconf 73' lang='lat' dir='ltr'><em>cs.</em></span> 
     </span>
    </p>
   </div>
   <div class='ocr_carea' id='block_1_20' title="bbox 176 2764 1629 2851">
    <p class='ocr_par' dir='ltr' id='par_1_20' title="bbox 176 2764 1629 2851">
     <span class='ocr_line' id='line_1_34' title="bbox 218 2764 1629 2806; baseline -0.007 0"><span class='ocrx_word' id='word_1_195' title='bbox 218 2776 303 2806; x_wconf 81' lang='lat' dir='ltr'><em>Lena</em></span> <span class='ocrx_word' id='word_1_196' title='bbox 317 2774 352 2805; x_wconf 89' lang='lat' dir='ltr'><em>in</em></span> <span class='ocrx_word' id='word_1_197' title='bbox 364 2773 443 2805; x_wconf 83' lang='lat' dir='ltr'><strong>edd.</strong></span> <span class='ocrx_word' id='word_1_198' title='bbox 459 2776 607 2804; x_wconf 44' lang='lat' dir='ltr'><em>vett-*l</em></span> <span class='ocrx_word' id='word_1_199' title='bbox 637 2772 743 2803; x_wconf 80' lang='lat' dir='ltr'>Toem&#39;a</span> <span class='ocrx_word' id='word_1_200' title='bbox 758 2772 830 2803; x_wconf 83' lang='lat' dir='ltr'><em>cod.</em></span> <span class='ocrx_word' id='word_1_201' title='bbox 847 2772 986 2803; x_wconf 77' lang='lat' dir='ltr'>Beverl.</span> <span class='ocrx_word' id='word_1_202' title='bbox 1004 2770 1059 2802; x_wconf 82' lang='lat' dir='ltr'>alii</span> <span class='ocrx_word' id='word_1_203' title='bbox 1083 2769 1240 2800; x_wconf 61' lang='lat' dir='ltr'><em>linem—2</em></span> <span class='ocrx_word' id='word_1_204' title='bbox 1270 2767 1385 2797; x_wconf 65' lang='lat' dir='ltr'><em>Nostra</em></span> <span class='ocrx_word' id='word_1_205' title='bbox 1402 2764 1436 2797; x_wconf 84' lang='lat' dir='ltr'><em>in</em></span> <span class='ocrx_word' id='word_1_206' title='bbox 1453 2774 1558 2806; x_wconf 81' lang='lat' dir='ltr'>marg.</span> <span class='ocrx_word' id='word_1_207' title='bbox 1576 2765 1629 2797; x_wconf 89' lang='lat' dir='ltr'><em>ed.</em></span> 
     </span>
     <span class='ocr_line' id='line_1_35' title="bbox 176 2815 963 2851; baseline -0.006 -1"><span class='ocrx_word' id='word_1_208' title='bbox 176 2819 253 2851; x_wconf 81' lang='lat' dir='ltr'>Par.</span> <span class='ocrx_word' id='word_1_209' title='bbox 271 2820 363 2849; x_wconf 86' lang='grc'><strong>1617.</strong></span> <span class='ocrx_word' id='word_1_210' title='bbox 397 2817 466 2848; x_wconf 86' lang='lat' dir='ltr'><em>Pro</em></span> <span class='ocrx_word' id='word_1_211' title='bbox 482 2817 541 2847; x_wconf 73' lang='lat' dir='ltr'><em>mei</em></span> <span class='ocrx_word' id='word_1_212' title='bbox 557 2816 589 2847; x_wconf 86' lang='lat' dir='ltr'><em>in</em></span> <span class='ocrx_word' id='word_1_213' title='bbox 605 2815 680 2847; x_wconf 79' lang='lat' dir='ltr'><em>cod.</em></span> <span class='ocrx_word' id='word_1_214' title='bbox 705 2816 841 2847; x_wconf 79' lang='lat' dir='ltr'>Beverl.</span> <span class='ocrx_word' id='word_1_215' title='bbox 858 2817 963 2846; x_wconf 80' lang='lat' dir='ltr'><em>semet.</em></span> 
     </span>
    </p>
   </div>
  </div>
 </body>
</html>
