1893 3225
598 249 999 280 1-:PIGRAMMATL‘M
1039 249 1132 277 mis.
1168 248 1269 276 xiv.
1539 236 1648 277 1051

854 343 991 374 5²01·AE

243 413 253 439 i
287 409 373 450 Rufi]
397 410 532 447 Batavi,
559 414 595 440 ut
628 409 684 439 alii
719 409 898 447 Germani,
993 411 1011 438 ⁵.)
1038 408 1117 438 Ila'c
1141 408 1227 438 timet
1243 417 1297 438 ora
1317 406 1406 446 puer]
1432 406 1569 437 Larvati
1589 406 1653 436 Ba-

193 460 334 500 capillos
374 459 541 497 rufabaut,
598 466 632 490 ut
666 470 768 500 supra
796 459 896 499 Epig.
952 459 1020 490 tavi
1050 459 1171 489 terrori
1208 463 1286 489 sunt
1311 458 1436 498 pueris.
1493 457 1573 496 Alii,
1597 468 1650 487 ora

199 515 251 542 26.
950 513 1048 552 pater.

774 662 1076 705 CLXXVII.

616 753 878 784 HERCULES
911 752 1236 783 CORINTHIUS.

196 817 375 860 ΕιΛΒΙΤ
398 823 592 873 geminos
612 823 771 873 infans,
792 835 873 863 nec
896 822 1083 875 respicit
1106 835 1279 874 angues.

253 885 354 927 Jam
378 894 551 941 poterat
574 895 744 931 teneras
765 889 905 944 hydra
927 890 1076 930 timere
1099 902 1269 930 manus.

239 998 349 1036 Infans
374 1000 496 1041 conficit
512 1003 587 1032 duos
601 1012 729 1041 angues,
744 1012 798 1033 nec
812 1003 950 1042 respicit.
974 1002 1049 1032 ,Iam
1063 1002 1162 1042 hydra
1177 1004 1297 1042 poterat
1314 999 1517 1038 reformidare
1534 1002 1654 1029 tenc-rus

200 1051 318 1072 nimum.

853 1098 994 1130 NOTAE

239 1161 392 1192 Hercules
417 1163 612 1204 Corinthius]
636 1164 712 1195 Hoc
729 1169 795 1200 est,
813 1164 898 1195 Her·
954 1164 1044 1195 cules
1077 1162 1185 1194 infans
1223 1163 1389 1194 dracones
1430 1160 1657 1199 strangulans,

198 1211 282 1241 culis
297 1217 411 1243 statua
429 1223 470 1244 ex
495 1224 563 1244 aere
594 1215 771 1247 Corinthio
794 1215 897 1247 facta.
954 1214 1122 1245 Alcmena
1153 1219 1260 1244 maire
1296 1223 1409 1244 eoram
1442 1215 1588 1253 pavente
1621 1215 1655 1240 et

195 1262 252 1292 De
270 1261 422 1294 Hercule
443 1264 533 1304 picto
558 1265 688 1296 Plinius
705 1266 762 1298 lib.
780 1275 895 1298 xxxv.
953 1264 1226 1305 Amphitryone!
1287 1263 1373 1294 Vide
1429 1261 1648 1293 Theocritum

197 1322 273 1353 cap.
292 1316 323 1344 9.
347 1314 356 1330 ‘
372 1314 576 1354 Maguificus
594 1320 648 1346 est
667 1315 805 1357 Jupiter
821 1317 896 1356 ejus
952 1317 1057 1357 Idyll.
1086 1325 1178 1347 xxv.

198 1364 233 1394 iu
258 1363 377 1395 throno
409 1364 598 1396 astantibus
623 1365 716 1396 Diis:
744 1370 779 1397 et
806 1366 895 1397 Her-

758 1527 1088 1570 CLXXVIII.

670 1618 932 1649 HERCULES
957 1618 1181 1648 FlcTILls.

198 1676 304 1718 SUM
328 1676 520 1730 fragilis:
553 1677 631 1718 sed
652 1680 712 1726 tu,
733 1689 905 1726 moneo,
926 1689 982 1716 ne
1005 1689 1160 1730 sperne
1183 1675 1385 1729 sigillum.

255 1744 358 1786 Non
379 1744 519 1798 pudet
545 1744 725 1786 Alciden
747 1756 905 1784 nomen
926 1743 1087 1784 habere
1109 1757 1270 1784 meum.

244 1874 319 1904 Sum
328 1873 480 1913 fragilis.-
504 1876 536 1904 at
552 1882 670 1912 moneo,
691 1876 725 1903 tu
745 1882 782 1903 ne
804 1875 961 1903 contemne
987 1871 1132 1910 signum:
1156 1869 1282 1901 Alcides
1301 1879 1362 1900 mn
1381 1868 1531 1900 embescit
1549 1868 1659 1899 habere

204 1927 302 1948 meum
314 1927 430 1948 nomeu.

859 1957 890 1988 N
897 1956 1002 1988 OTAE

243 2023 528 2065 Herculesficlz'lis]
551 2022 683 2054 Plinius
709 2022 765 2053 lib.
783 2030 897 2052 xxxv.
953 2020 1085 2061 supple,
1102 2020 1110 2036 ‘
1126 2019 1181 2061 qui
1195 2019 1361 2061 hodieque
1374 2018 1526 2050 materiae
1541 2027 1660 2049 nomen

200 2086 274 2116 cap.
293 2079 343 2107 12.
389 2077 397 2092 ‘
412 2075 463 2106 Ab
480 2075 542 2115 hoc
559 2073 703 2113 eodem,’
748 2073 898 2104 'suriano
954 2072 987 2102 in
1019 2071 1103 2102 urbe
1136 2070 1291 2103 retinet.'
1345 2070 1541 2102 Dicebatur
1567 2069 1659 2100 enim

200 2135 333 2167 nempe,
360 2126 509 2157 ‘factum
524 2123 731 2165 Herculem:
757 2123 899 2155 fictilem
955 2122 1124 2154 Hercules
1142 2121 1268 2153 fictilis.

787 2281 1073 2324 CLXXIX.

661 2374 748 2404 MIN
760 2374 891 2403 ERVA
925 2372 1208 2403 ARGENTEA.

211 2442 304 2483 Dic
325 2441 444 2491 mihi,
465 2442 586 2495 virgo
603 2441 747 2492 ferox,
771 2454 870 2482 cum
892 2441 948 2481 sit
966 2440 1047 2481 tibi
1069 2439 1208 2480 cassis
1230 2442 1273 2479 et
1291 2438 1433 2486 hasta,

259 2508 408 2559 Quare
429 2521 518 2549 non
536 2509 703 2550 habeas
725 2507 903 2562 aegida‘?
936 2507 1088 2549 Caesar
1110 2506 1254 2546 habet.

246 2609 277 2640 Ο
293 2609 382 2647 virgo
403 2617 496 2647 soeva,
519 2608 568 2639 dic
583 2608 672 2646 mihi,
687 2619 756 2641 cum
779 2608 904 2641 habeas*
918 2609 1042 2649 galeam
1063 2611 1092 2639 et
1117 2608 1250 2645 hastam,
1263 2614 1319 2636 cur
1333 2614 1392 2636 non
1407 2603 1517 2635 habeas
1530 2603 1636 2641 oegida
1650 2600 1665 2632 ,7

207 2653 314 2684 Coesar
329 2650 430 2682 habet.

861 2695 890 2726 N
897 2694 1000 2726 OTAE

245 2762 265 2790 2
291 2759 397 2789 Coesar
411 2757 517 2797 habet]
543 2757 759 2789 Domitianus
770 2767 904 2798 nempe.
961 2760 991 2788 l.
1009 2756 1066 2787 lib.
1081 2764 1147 2786 vn.
1165 2758 1172 2771 ⁸
1192 2754 1339 2786 Pectore
1355 2763 1430 2785 cum
1444 2762 1541 2784 sacro
1569 2752 1663 2784 sede-

205 2808 390 2849 Responsio
404 2813 456 2839 est
481 2808 659 2839 Minervae.
704 2807 791 2838 Vide
810 2808 905 2848 Epig.
963 2807 1018 2848 rit,
1036 2806 1115 2846 aegis
1134 2803 1220 2836 erit)
