1893 3225
540 259 900 290 i·;P1GRAMMA'1'b
913 260 942 287 M
982 259 1027 289 Li
1040 259 1075 286 Β.
1112 258 1143 287 Χ
1156 259 1182 287 1.

1483 249 1567 287 «505

111 357 174 398 Te
195 357 307 398 duce
328 357 537 410 gaudebit
560 358 745 407 Brutus;
778 356 857 397 tibi
874 356 998 409 Sylla
1020 360 1223 396 cruentus

168 424 410 479 Imperium
431 425 591 475 tradet,
609 437 708 466 cum
729 424 953 478 positurus
971 424 1064 463 erit.
1510 423 1565 461 10

112 492 169 533 Et
190 496 230 532 te
252 492 430 545 privato
451 505 550 533 cum
573 491 752 533 Coesare
775 492 968 545 Magnus
991 492 1157 532 amabit
1175 506 1183 531 :

168 559 371 601 Donabit
390 565 513 602 totas
535 564 579 602 et
596 560 674 601 tibi
697 559 886 600 Crassus
908 572 1032 611 opes,

109 626 216 681 Ipse
237 641 414 683 quoque
434 628 612 669 infernis
632 631 867 669 revocatus
894 627 1009 668 Ditis
1032 627 1087 667 ab
1111 627 1276 667 umbris

166 695 216 736 Si
237 694 350 737 Cato
371 696 592 747 reddatur,
615 695 899 739 Caesarianus
919 696 1013 737 erit.

108 810 197 850 Sylla
212 814 356 842 cruentus
371 811 430 842 tibi
451 812 535 842 cedet
561 811 737 852 imperium,
754 820 822 842 cum
845 811 905 841 erit
921 811 1136 850 depositurus.-
1162 815 1191 842 et
1217 811 1354 851 Magnus
1380 811 1562 850 Pompeius

106 854 221 892 diliget
248 858 278 884 te
302 864 369 884 cum
398 855 521 885 Caesure
544 856 687 895 privato:
711 858 741 885 et
760 856 891 885 Crassus
916 854 1003 885 dabit
1026 855 1083 885 tibi
1106 864 1209 885 omnes
1236 864 1312 885 suas
1338 854 1476 886 divitias.
1524 854 1561 885 Si

105 896 171 935 ipse
194 897 289 927 etiam
317 899 395 928 Cato
428 898 614 929 restituatur
639 901 798 929 revocatus
824 897 862 929 ab
887 897 1004 928 umbris
1026 897 1158 935 infernis
1180 898 1337 938 Plutonis,
1364 897 1561 929 Coesarianus

106 939 179 970 erit.

770 995 799 1026 N
807 995 910 1026 OTAE

147 1064 168 1092 9
192 1062 328 1104 Brutus]
352 1064 419 1096 Qui
445 1065 577 1095 exactis
607 1064 804 1107 Tarquiniis

105 1114 246 1144 Romam
263 1114 297 1144 in
312 1115 505 1146 libertatem
521 1115 805 1155 asseruit,Livius

103 1164 162 1196 lib.
174 1173 198 1196 1.
231 1164 365 1196 Decad.
382 1174 408 1196 1.
426 1172 485 1196 aut
501 1166 645 1196 alterum
659 1166 806 1198 Brutum

104 1216 249 1247 Caesaris
261 1225 496 1256 percussorem
511 1217 677 1257 intellige.

147 1266 252 1308 Sylla]
290 1267 397 1308 Cujus
430 1267 617 1298 crudelitas
648 1268 682 1298 in
713 1268 805 1299 cives

103 1317 273 1348 Romanos
280 1322 362 1349 nota
373 1328 415 1349 ex
429 1318 806 1358 Plutarcho‚Sallustio,

103 1372 139 1398 et
150 1367 235 1399 aliis.

148 1421 185 1448 11
209 1418 365 1459 Magnus]
388 1419 573 1460 Pompeius
594 1429 730 1460 nempe,
747 1420 804 1461 qui

102 1478 178 1498 cum
190 1468 284 1500 Julio
295 1469 430 1500 Caesare
447 1470 572 1501 bellum
586 1470 688 1501 civile
699 1471 806 1511 gessit

101 1517 176 1550 fuse
187 1518 399 1560 descriptum
411 1530 430 1551 a
446 1521 592 1553 Lucano.

903 1067 943 1096 12
975 1066 1123 1106 Crassus]
1149 1066 1321 1096 Romanus
1337 1064 1421 1095 civis
1438 1063 1564 1094 ditissi-

860 1124 952 1146 mus:
978 1116 1137 1147 Valerius
1154 1116 1325 1146 Maximus
1341 1115 1400 1146 lib.
1420 1124 1469 1146 Vl.
1487 1124 1562 1155 cap.

863 1170 913 1198 ll.
937 1167 1070 1198 Plinius
1086 1168 1143 1200 lib.
1158 1178 1238 1200 xxr.
1252 1178 1328 1209 cap.
1344 1171 1379 1199 3.

906 1220 946 1248 14
973 1217 1067 1258 Cato]
1093 1218 1278 1257 Uticensis,
1303 1218 1359 1259 qui
1385 1227 1420 1248 se
1450 1217 1562 1257 ipsum

861 1268 1053 1308 interfecit,
1069 1278 1113 1300 ne
1128 1268 1161 1299 in
1176 1269 1258 1301 Julii
1279 1268 1424 1300 Caesaris
1442 1276 1562 1298 manus

860 1318 1031 1350 incideret
1044 1319 1139 1350 vivus
1154 1329 1161 1350 :
1187 1324 1337 1350 attamen
1352 1319 1435 1350 licet
1451 1318 1564 1349 Caesa-

859 1369 905 1401 ris
933 1370 1112 1410 imperium
1144 1371 1347 1411 occupantis
1373 1368 1564 1400 inimicissi-

858 1431 946 1460 mus,
969 1431 1004 1451 se
1021 1421 1084 1452 tibi
1112 1421 1288 1452 mitissimo
1301 1419 1446 1462 principi
1470 1419 1562 1450 ultro

859 1471 1088 1502 submitteret.

791 1655 876 1697 VI.

684 1746 750 1776 AD
787 1746 980 1775 ROMAM.

216 1812 406 1854 UNCTIS
426 1812 613 1854 falciferi
634 1815 750 1854 senis
773 1813 946 1863 diebus,

214 1880 438 1933 Regnator
458 1882 621 1935 quibus
643 1881 833 1935 imperat
853 1881 1044 1931 fritillus,

214 1947 362 1990 Versu
383 1949 532 1991 ludere
553 1962 640 1990 non
661 1949 891 1990 laborioso

217 2016 460 2067 Permittis‚
481 2021 605 2070 puto,
626 2016 799 2070 pileata
822 2016 985 2058 Roma.

142 2126 254 2157 Lautis
271 2126 375 2157 diebus
382 2126 526 2165 falciferi
540 2127 635 2166 senis,
649 2127 759 2166 quibus
772 2128 950 2157 dominatur
964 2130 1113 2166 regnator
1119 2126 1273 2166 fritillas,
1287 2136 1306 2157 ο
1317 2128 1433 2167 pilenta
1448 2127 1558 2166 Roma,

101 2170 191 2210 sinis,
205 2170 326 2210 opinor,
333 2169 438 2208 jocari
460 2171 594 2201 carmine
610 2180 670 2201 non
686 2171 823 2201 molesto.
869 2170 1006 2201 Risistz‘:
1030 2169 1196 2210 igiturfas
1212 2174 1270 2210 est,
1282 2180 1335 2201 nec
1348 2170 1556 2211 prohibemur.

709 2255 826 2266 eeeeee

831 2254 946 2267 oooooo

140 2308 194 2339 Ad
210 2309 252 2340 R.
269 2312 300 2339 et
318 2309 514 2350 Dindymum
530 2309 609 2342 edd.
628 2315 714 2342 vett.
730 2316 766 2342 et
782 2311 904 2352 Delph.
928 2311 978 2342 Ad
988 2311 1180 2351 Dindymum
1195 2310 1231 2341 tle
1247 2309 1466 2341 Saturnalibus
1482 2309 1558 2341 cod.

754 2396 894 2429 NOTAE

101 2351 284 2383 Pulmann.

143 2469 158 2496 l
186 2465 352 2506 Falciferz']
374 2467 512 2498 Saturni
536 2467 659 2499 falcem
683 2478 800 2510 geren-

101 2522 158 2546 tis.

141 2570 160 2598 2
190 2565 327 2606 Imperat
339 2567 491 2608 fritillas]
514 2570 613 2602 Tunc
637 2570 710 2602 alea
740 2571 799 2602 im·

100 2626 191 2659 pune
213 2616 380 2649 ludebant
393 2627 507 2649 omnes
534 2631 543 2652 z
581 2619 694 2652 fritilli
722 2626 801 2653 sunt

98 2668 272 2700 turriculae
298 2677 340 2698 ex
357 2668 478 2709 quibus
501 2669 684 2710 ejiciuntur
704 2673 798 2704 aleae.

98 2718 186 2750 Vide
201 2718 299 2758 Epig.
313 2720 364 2749 1-1.
389 2718 447 2749 lib.
460 2728 509 2750 iv.
526 2724 559 2750 et
576 2723 628 2751 84.
644 2721 755 2754 lib..v.

118 2798 121 2803 ,
140 2772 160 2800 4
185 2769 310 2799 Pileata
337 2768 450 2808 Roma]
473 2770 700 2802 Saturnalium
717 2779 798 2804 tem·

99 2828 182 2860 pore
192 2819 279 2850 servi
298 2819 390 2850 velut
418 2819 544 2851 domini
563 2822 682 2861 pileati
708 2824 797 2855 ince-

858 2469 998 2501 debant.
1052 2469 1231 2499 Turnebus
1248 2469 1305 2500 lib.
1321 2478 1402 2500 vm.
1437 2472 1556 2509 cap.4.

857 2520 1000 2550 Romani
1035 2520 1273 2551 Saturnalibus
1300 2520 1424 2560 pileum
1459 2530 1557 2560 gere-

856 2570 952 2609 bant,
968 2570 1043 2601 aliis
1059 2570 1181 2601 diebus
1198 2570 1289 2602 nudo
1306 2572 1422 2611 capite
1446 2576 1557 2609 erant,

856 2625 915 2651 aut
945 2625 1053 2661 caput
1084 2625 1181 2651 veste
1214 2621 1388 2651 velabant.
1434 2621 1556 2661 Itaque

857 2677 990 2703 veteres
1025 2672 1127 2703 nullae
1168 2673 1396 2703 Romanorum
1432 2678 1555 2703 statuae

858 2734 934 2754 curn
972 2724 1063 2764 pileo
1101 2724 1272 2762 visuntur,
1310 2726 1373 2754 ἀρ.
1422 2723 1556 2763 Lipsius

852 2774 955 2806 etiam
967 2773 1133 2805 videndus
1150 2773 1192 2805 de
1206 2773 1466 2814 Amphitheatro
1477 2782 1554 2813 cap·

854 2827 904 2855 19.
