1893 3225
285 213 369 257 918
760 228 808 256 M.
841 228 951 258 vn„
985 228 1261 261 MAR'rlAms

879 405 1086 446 LXVlL

705 508 756 538 lN
791 507 1033 537 NATALEM
1070 508 1241 537 MARON
1256 509 1309 538 is.

398 592 548 634 M2x1AE
572 588 840 630 Mercurium
863 588 1047 628 creastis
1069 587 1192 628 Idus„

396 659 609 712 Augustis
630 656 743 696 redit
764 655 922 695 Idibus
941 655 1105 697 Diana.

390 727 608 769 Octobres
632 723 762 763 Maro
783 723 1063 763 consecravit
1083 722 1205 763 Idus.

392 797 499 837 Idus
520 807 641 847 saepe
661 792 783 832 colas
804 795 846 830 et
866 791 966 839 has,
989 795 1032 831 et
1053 790 1169 840 illas,

389 864 479 915 Qui
500 861 647 914 magui
667 859 864 900 celebras
888 856 1088 898 Maronis
1112 857 1232 899 Idus.
1704 863 1733 901 5

321 972 351 1001 ()
379 969 477 1000 Maiae
503 968 589 1003 Idus,
610 965 763 1004 genuistis
791 963 991 994 Mercurium.
1037 963 1145 994 Diana
1169 964 1283 994 colitur
1303 964 1410 995 Idibus
1432 964 1595 1001 Aug-ustis.
1640 966 1733 996 Mar-0

274 1013 463 1045 consecravit
485 1011 560 1041 Idus
577 1009 736 1040 Octobres.
781 1007 869 1047 Soepe
885 1006 1018 1038 celebres
1035 1007 1090 1036 hus
1103 1010 1133 1038 et
1158 1008 1230 1038 isius
1257 1007 1345 1045 Idus,
1368 1009 1420 1048 qui
1445 1009 1520 1039 colis
1537 1009 1730 1048 lausmagnaj

277 1059 317 1089 M
318 1057 431 1088 uronis.

886 1101 1122 1113 eeeeeeeeeeee

318 1154 368 1184 De
382 1152 482 1183 idibus
498 1150 546 1181 M.
565 1148 641 1180 edd.
659 1151 743 1179 vett.
758 1152 793 1178 et
808 1147 929 1188 Delph.
965 1147 1005 1178 In
1019 1157 1051 1178 η.
1074 1147 1203 1187 Virgilii
1218 1146 1273 1178 cd.
1287 1146 1389 1178 Barb.

933 1229 1073 1262 NOTAE

320 1303 335 1331 1
364 1300 477 1340 Maiae]
498 1297 666 1330 Ausonius
682 1296 807 1338 Idyuio
824 1296 865 1327 de
882 1294 976 1326 feriis
1075 1296 1095 1325 4
1121 1294 1199 1325 Idus
1212 1304 1293 1334 soepe
1306 1293 1401 1334 colas]
1420 1294 1497 1324 Hoc
1513 1297 1577 1331 est,
1601 1293 1666 1323 Diu
1685 1294 1733 1323 vi-

276 1351 435 1382 Romanis
451 1362 458 1381 2
472 1350 480 1366 ‘
499 1350 544 1380 Et
558 1348 685 1380 medias
699 1347 782 1378 Idus
794 1347 891 1385 Maii,
907 1345 977 1377 Au·
1033 1354 1102 1383 vam,
1127 1349 1163 1375 et
1186 1344 1236 1375 sic
1263 1344 1368 1384 possis
1394 1344 1506 1374 colere
1532 1343 1614 1373 Idus
1639 1343 1734 1373 Mena

274 1402 431 1443 gustique
443 1410 584 1431 recursu
597 1400 690 1432 Quas
701 1397 979 1437 sibiMercurius,
1032 1394 1119 1425 curii
1142 1398 1178 1425 et
1197 1394 1332 1434 Dianae,
1347 1393 1404 1434 qui
1423 1392 1558 1434 Virgilii
1583 1393 1731 1424 natatem

274 1461 425 1493 (masque
441 1452 556 1483 Diana
568 1449 687 1481 dicat!
1032 1445 1125 1475 colis.

889 1578 1123 1621 LXVIII.

834 1671 901 1701 AD
936 1670 1195 1700 CLIENTES.

275 1743 557 1785 MATUTmu.
580 1740 733 1789 cliens,
755 1739 878 1780 urbis
899 1738 1006 1778 mihi
1030 1751 1171 1779 causa
1198 1738 1378 1788 relictae,

333 1810 479 1860 Atria,
504 1810 543 1851 si
562 1808 734 1862 sapias,
756 1806 997 1847 ambitiosa
1015 1806 1150 1846 colas.

274 1879 377 1920 Non
400 1891 496 1918 sum
520 1890 601 1930 ego
624 1875 897 1924 causidicus,
913 1887 995 1914 nec
1018 1874 1179 1914 amaris
1200 1874 1351 1915 litibus
1371 1879 1505 1928 aptus
1524 1887 1535 1915 :

330 1946 416 1987 Sed
438 1946 574 1999 piger,
596 1947 639 1984 et
660 1943 825 1992 senior,
847 1941 1163 1995 Pieridumque
1185 1955 1349 1984 comes,

273 2014 381 2054 Otia
401 2027 470 2054 me
492 2025 763 2065 somnusque
779 2010 953 2065 juvant,
975 2022 1077 2063 quae
1106 2023 1264 2063 magna
1286 2011 1461 2062 negavit

334 2081 483 2122 Roma
500 2080 633 2122 mihi:
665 2079 808 2127 redeo,
834 2078 872 2118 si
893 2077 1103 2130 vigilatur
1126 2081 1169 2118 et
1190 2078 1274 2119 hic.

1703 2011 1730 2049 Ut

316 2191 346 2221 0
361 2192 455 2223 cliens
467 2192 631 2229 matutine,
646 2200 738 2222 causa
761 2199 815 2220 cur
835 2188 1011 2219 secesserint
1035 2187 1073 2218 ab
1089 2187 1176 2226 urbe,
1197 2188 1224 2218 si
1249 2189 1365 2228 sapias,
1387 2188 1469 2219 colas
1494 2187 1604 2219 limina
1624 2191 1733 2227 poten-

275 2235 401 2266 tiorum.
446 2236 516 2274 Ego
529 2245 588 2265 non
609 2244 677 2265 sum
689 2233 877 2271 causidicus,
899 2241 954 2262 uec
969 2232 1096 2261 idoneus
1117 2232 1234 2261 amaris
1255 2231 1373 2270 litibus,
1394 2232 1446 2262 sed
1461 2232 1554 2269 iners,
1575 2233 1605 2260 et
1619 2231 1734 2268 senior,

277 2281 305 2307 et
321 2287 419 2308 comcs
435 2279 612 2308 Musarum.
660 2277 756 2312 Quies
772 2278 802 2305 et
816 2284 938 2305 somnus
951 2273 1028 2304 mihi
1048 2274 1183 2314 placent,
1205 2284 1272 2314 quoe
1286 2274 1362 2305 mihi
1377 2273 1528 2305 recusavit
1543 2282 1654 2312 magua
1671 2273 1734 2303 Ro-

271 2331 320 2350 mu
333 2331 342 2351 .·
365 2324 516 2361 revertor,
529 2321 556 2351 si
570 2321 621 2351 hic
636 2329 750 2360 quoque
763 2318 924 2358 vigilatur.

881 2389 1117 2402 eeeeeeeeeeee

315 2442 333 2467 5
353 2438 499 2477 Negabus
516 2438 592 2469 cod.
608 2437 742 2468 Beveri.
790 2435 928 2474 Negabat
945 2433 1022 2466 cod.
1037 2434 1071 2465 in
1087 2444 1194 2475 marg.
1207 2434 1260 2465 ed.
1282 2435 1362 2467 Par.
1376 2438 1469 2466 1617.

926 2519 1071 2552 NOTAE

313 2593 334 2620 6
359 2590 396 2620 Si
418 2589 569 2628 vigilatur
589 2593 619 2620 et
648 2588 712 2627 hic]
747 2588 898 2624 Romam,
923 2585 971 2616 in·
1028 2585 1170 2618 clientes
1187 2587 1400 2628 importunos
1416 2585 1497 2617 mihi
1519 2585 1621 2617 liceat
1651 2585 1730 2617 dor-

274 2642 360 2683 quit,
377 2651 448 2672 sum
464 2640 648 2680 rediturus,
665 2640 689 2670 si
704 2648 766 2670 nec
785 2637 898 2670 Bilbili
913 2646 971 2677 per
1029 2638 1124 2671 mire.
