1893 3225
551 223 955 254 EPlGRAMMATUM
994 225 1071 254 [ΑΒ
1112 225 1160 254 x.
1501 213 1586 255 769

140 318 336 371 Contigit
355 322 397 359 ct
416 318 595 360 thalami
616 319 721 360 mihi
740 320 884 373 gloria
904 333 1014 370 rara,
1035 320 1202 374 fuitque

198 386 298 427 Una
318 386 547 440 pudicitiae
569 388 766 430 mentula
786 394 894 429 nota
911 401 1033 430 meae.

140 506 196 527 nus
210 497 384 527 clauserunt
400 499 520 528 nostros
535 498 645 528 oculos.
695 497 740 528 Et
752 498 829 528 mihi
841 498 973 539 contigit
988 509 1093 530 rarum
1108 499 1198 530 decus
1214 497 1355 539 thalami,
1370 500 1400 529 et
1415 497 1508 529 habui
1519 498 1586 529 uni-

140 549 207 570 cum
221 539 377 570 maritum.

785 655 961 697 LXIV.

704 746 769 775 AD
804 745 1022 776 POLLAM.

142 812 450 852 CoN'ricEms
466 813 614 865 regina
635 825 758 853 meos
780 813 818 853 si
839 813 972 854 Polla
989 812 1182 862 libellos,

201 879 305 920 Non
325 880 480 921 tetrica
501 884 674 921 nostros
696 881 858 935 excipe
881 881 1025 922 fronte
1041 881 1191 935 jocosi.

145 946 226 987 Ille
245 952 350 988 tuus
370 952 506 997 vates,
531 948 767 989 Heliconis
790 949 928 1002 gloria
947 949 1101 999 nostri,

199 1014 347 1056 Pieria
368 1020 546 1058 caneret
567 1030 666 1057 cum
687 1016 780 1058 fera
800 1017 917 1058 bella
938 1017 1058 1067 tuba,

144 1082 244 1123 Non
263 1087 410 1124 tamen
432 1083 615 1125 crubuit
636 1084 808 1125 lascivo
828 1083 972 1125 dicere
993 1096 1137 1133 versu,
1566 1081 1593 1119 5

199 1150 247 1191 Si
267 1164 350 1192 nec
371 1152 584 1206 paedicor,
601 1150 751 1201 Cotta,
776 1151 885 1205 quid
905 1151 978 1192 hic
1000 1151 1150 1192 facio?

185 1271 216 1302 Ο
236 1273 326 1304 Polla
340 1273 438 1312 ἀὶυεε,
452 1273 480 1304 si
493 1272 582 1311 sorte
593 1273 764 1312 contigeris
781 1283 860 1304 meos
876 1273 983 1311 libros,
998 1282 1034 1303 ne
1049 1272 1188 1313 excipias
1203 1274 1322 1302 nostros
1337 1271 1423 1302 ludos
1444 1270 1531 1301 vultu
1546 1279 1592 1301 se-

140 1323 221 1345 vere.
268 1315 327 1346 Ille
342 1319 415 1346 tuus
426 1316 517 1356 poeta
531 1317 622 1347 decus
643 1316 743 1347 nostri
758 1316 931 1353 Heliconis,
954 1324 1022 1347 cum
1045 1319 1167 1347 caneret
1189 1324 1271 1345 soeva
1293 1314 1369 1344 bella
1382 1313 1456 1345 tuba
1474 1313 1596 1353 Pieria,

147 1356 348 1389 nihilominus
357 1368 418 1390 non
429 1359 553 1390 erubuit
566 1359 667 1391 dicere
680 1359 794 1390 lascivo
809 1369 911 1399 versu,
927 1358 977 1389 Η.

751 1449 990 1461 eeeeeeeeeee

188 1493 201 1520 l
227 1491 263 1522 Si
274 1491 362 1529 forte
376 1492 492 1523 libellos
508 1493 591 1534 legit
607 1492 722 1525 Palat.

798 1545 942 1577 NOTA-J

192 1610 208 1637 l
236 1607 337 1647 Polla]
358 1608 413 1639 De
437 1619 504 1650 qua
521 1613 556 1641 et
570 1610 707 1641 Lucano
719 1609 847 1641 dictum
946 1612 964 1640 3
990 1609 1154 1641 Heliconis
1189 1608 1303 1648 nostri]
1333 1608 1409 1640 Hoc
1443 1610 1509 1647 est,
1536 1608 1598 1638 La-

142 1657 240 1696 Epig.
270 1660 323 1688 21.
355 1663 390 1689 et
422 1662 472 1691 22.
507 1660 564 1691 lib.
594 1669 657 1691 vn.
681 1660 845 1701 Reginam
901 1661 981 1691 tinae
999 1660 1142 1700 poeseos
1157 1659 1273 1690 decus.

142 1712 242 1738 vocat
276 1718 317 1738 eo
347 1718 460 1748 sensu,
492 1720 556 1751 quo
595 1711 739 1743 clientes
769 1721 845 1742 suos
941 1713 961 1741 4
987 1710 1069 1741 Fera
1092 1709 1184 1748 bella]
1209 1708 1330 1739 Civilia
1353 1708 1484 1743 scilicet
1512 1707 1599 1739 inter

143 1762 306 1797 patronos
321 1758 541 1799 appellabant
558 1769 668 1799 reges.
902 1759 1101 1800 Pompeium
1119 1764 1153 1791 et
1168 1758 1296 1790 Julium
1313 1759 1494 1790 Caesarem.

801 1898 953 1941 LXV.

638 1988 686 2017 ΙΝ
723 1988 928 2019 ΟΑΒΜΕΝ
943 1987 1111 2018 ΙΟΝΕΜ.

260 2053 371 2094 CUM
397 2059 438 2095 te
460 2056 731 2110 municipem
752 2055 1080 2097 Corinthiorum

259 2122 288 2163 J
293 2127 430 2173 actes,
455 2123 736 2174 Carmenion‚
759 2129 944 2178 negante
965 2126 1103 2175 nullo,

262 2190 353 2231 Cur
373 2191 504 2232 frater
525 2191 608 2232 tibi
629 2192 769 2241 dicor,
789 2206 846 2232 ex
868 2192 1025 2242 Iberis,

263 2258 323 2299 Et
343 2258 482 2300 Celtis
503 2259 693 2311 genitus,
715 2260 916 2314 Tagique
938 2260 1053 2301 civis
1071 2261 1088 2299 ”e

189 2367 220 2399 Ο
238 2368 434 2409 Οανιηεηίοη,
448 2378 515 2399 cuni
532 2372 561 2400 te
574 2370 724 2410 proedices
737 2369 921 2411 municipem
946 2369 1180 2401 Corinthiorum
1195 2369 1315 2401 nemine
1330 2366 1468 2410 quidem
1485 2376 1601 2407 negan-

151 2412 192 2450 te,
214 2418 269 2441 cur
287 2412 423 2452 appellas
441 2411 581 2449 fratrem
603 2422 652 2444 me
673 2413 815 2452 genitum
842 2422 882 2444 ex
909 2412 1086 2453 Celtiberis,
1107 2417 1137 2444 et
1153 2414 1250 2445 civem
1272 2410 1373 2452 Tagi?
1395 2411 1448 2442 An
1468 2410 1607 2442 videmur

798 2506 942 2539 NOTAE

192 2571 207 2599 1
234 2568 440 2609 Municipem]
463 2569 595 2600 Gellius
610 2569 758 2601 libanu.
773 2579 850 2611 cap.
946 2572 966 2602 2
991 2570 1137 2610 Negante
1163 2570 1261 2611 nullo]
1285 2570 1370 2602 Cum
1401 2569 1527 2610 perditi
1557 2570 1604 2600 tui

150 2621 202 2649 13.
217 2616 292 2649 fuse
305 2618 458 2659 explicat
472 2619 553 2660 quid
561 2620 606 2651 sit
617 2621 850 2662 municipium,
904 2630 1015 2652 mores
1033 2625 1067 2651 te
1085 2621 1293 2652 Corinthium
1308 2619 1466 2661 probent.

151 2673 186 2700 et
212 2668 380 2709 quomodo
407 2667 546 2700 differat
571 2670 760 2702 acolonia:
785 2671 849 2703 Co·
948 2673 968 2702 4
994 2672 1038 2702 Et
1057 2671 1158 2703 Celtis
1169 2671 1310 2712 genitus]
1334 2669 1422 2702 Vide
1435 2668 1534 2711 Epig.
1550 2672 1604 2702 62.

150 2717 266 2749 rinthii
292 2727 371 2749 vero
399 2718 528 2758 molles,
555 2723 591 2750 et
619 2721 850 2761 voluptatibus
905 2721 964 2752 lib.
980 2731 1003 2753 1.
1047 2722 1056 2739 ‘
1077 2722 1151 2754 Nec
1168 2730 1220 2754 me
1237 2720 1366 2753 tacebit
1382 2719 1540 2751 Bilbilis.’

151 2768 269 2800 dediti.

236 2821 351 2862 Delph.
367 2825 394 2851 ce
421 2822 489 2853 ναν,
509 2823 592 2853 Clas.
807 2824 951 2855 Martial-
1464 2825 1481 2852 3
1507 2823 1532 2852 C-
