1893 3225
258 302 343 344 ‚586
734 316 782 344 M.
817 316 926 344 vAi„
962 315 1237 345 MARTIALIS

910 449 1077 490 XXV.
1884 474 1887 494 ,

777 539 824 568 1N
862 538 1138 568 OPPIANUM.

429 607 629 648 VmisTl
653 607 804 656 semel,
827 606 1048 660 Oppiam,
1070 612 1239 648 tantum

431 675 614 727 AEgrum
635 688 704 715 me
720 675 861 716 male:
893 688 1014 728 saepe
1036 682 1075 716 te
1095 675 1273 716 videbo.

307 779 460 819 Oppiam,
494 781 585 810 semel
619 783 739 810 tantum
773 781 921 822 spectasti
948 792 994 812 me
1029 782 1117 812 valde
1150 783 1377 820 oegrotantenu
1412 778 1517 810 crebro
1547 777 1652 810 videbo
1683 782 1713 810 te

266 831 401 862 aegrum.

865 876 1100 887 ,,,,,,,

306 919 351 950 Et
364 919 418 950 hic
434 920 525 950 nulla
541 925 590 951 est
606 920 760 951 lectionis
778 921 924 952 varietas
940 922 971 952 in
990 922 1193 953 membranis
1207 925 1266 952 aut
1281 919 1416 951 excusis
1432 918 1693 959 exemplaribus.

917 986 947 1017 N
954 986 1056 1018 OTAE

302 1051 318 1079 l
345 1047 500 1088 Oppiane]
532 1048 636 1089 Cujus
651 1049 804 1080 meminit
821 1049 876 1081 lib.
896 1060 960 1082 vu.
1015 1050 1227 1082 laborantem
1266 1049 1402 1089 videris,
1440 1052 1568 1089 quanto
1611 1048 1716 1087 magis

259 1099 358 1140 Epig.
378 1102 410 1130 3.
425 1099 528 1130 etlib.
545 1108 595 1131 w.
612 1100 712 1141 Epig.
724 1102 777 1130 42.
796 1101 853 1141 qui
876 1110 960 1132 sern-
1015 1110 1079 1141 ego
1110 1100 1266 1141 laetabor,
1296 1100 1353 1142 qui
1379 1104 1412 1131 te
1435 1108 1569 1139 semper
1592 1107 1715 1139 aegrum

260 1159 323 1190 per
339 1150 415 1180 mali
441 1154 515 1180 erat
544 1150 679 1182 coloris.
724 1150 850 1181 Sensus
880 1157 958 1183 est:
1015 1150 1157 1182 videbo!

257 1202 293 1232 Si
310 1200 435 1232 laetaris
453 1201 540 1242 qnod
555 1211 608 1232 me
620 1201 722 1232 semel
735 1202 829 1242 gravi
845 1203 961 1234 morbo

893 1316 1087 1358 XXVI.

626 1406 688 1436 AD
723 1407 967 1436 CAESAREM
1004 1407 1345 1438 DOMITIANUM.

260 1472 370 1512 NON
396 1477 459 1514 tot
479 1474 523 1513 in
545 1473 654 1514 Eois
676 1475 824 1515 timuit
845 1473 1119 1526 Gangeticus
1141 1475 1259 1515 arvis

316 1539 502 1593 Raptor,
521 1541 562 1581 in
587 1541 799 1595 Hyrcano
822 1542 898 1595 qui
915 1542 1026 1594 fugit
1046 1542 1174 1583 albus
1195 1554 1324 1595 equo,

261 1606 384 1656 Quot
404 1613 480 1648 tua
502 1607 651 1648 Roma
670 1622 814 1649 novas
835 1608 958 1658 vidit,
981 1609 1261 1659 Germanice,
1283 1609 1442 1662 tigres3

318 1674 514 1716 Delicias
536 1677 686 1730 potuit
705 1690 787 1718 nec
805 1690 1027 1718 numerare
1050 1691 1167 1718 suas.

259 1740 414 1783 Vincit
434 1742 689 1797 Erythraeos
709 1749 802 1794 tua,
825 1743 992 1793 Caesar,
1016 1757 1151 1785 arena
1168 1743 1432 1798 triumphos,
1691 1746 1719 1785 5

316 1809 372 1850 Et
395 1810 578 1851 victoris
600 1824 706 1865 opes
727 1811 997 1865 divitiasque
1021 1812 1122 1852 Dei.

261 1876 380 1917 Nam
402 1891 500 1918 cum
522 1879 727 1932 captivos
749 1883 898 1932 ageret
920 1879 1003 1919 sub
1026 1879 1228 1919 curribus
1252 1878 1404 1928 Indos,

316 1943 565 1985 Contentus
586 1946 762 1998 gemina
783 1945 937 1999 tigride
960 1945 1167 1986 Bacchus
1188 1951 1298 1986 erat.

309 2049 407 2079 ludus
422 2053 540 2089 ruptor,
565 2050 618 2089 qui
638 2050 775 2090 pallidus
782 2049 873 2089 fugit
889 2050 922 2080 in
942 2060 1016 2090 equo
1028 2049 1191 2090 Hyrcano,
1206 2060 1266 2081 non
1281 2050 1390 2081 metuit
1403 2052 1449 2080 tot
1470 2049 1570 2088 tigres
1583 2049 1616 2080 in
1630 2050 1719 2088 agris

267 2091 408 2129 orientis,
423 2095 494 2132 quot
509 2093 653 2123 insolitas
667 2093 816 2133 spectavit
831 2098 885 2123 lua
903 2094 1002 2124 Roma
1013 2104 1025 2130 ;
1048 2103 1102 2124 nec
1123 2093 1225 2133 potuit
1239 2102 1400 2124 numerare
1422 2103 1478 2123 sua
1493 2094 1722 2124 delectamenta.

267 2134 298 2163 O
315 2135 435 2174 Coesar‚
451 2138 505 2165 tua
521 2145 613 2166 arena
626 2136 783 2175 superarit
800 2136 984 2176 Eryllzroeos
997 2136 1180 2176 triumphos,
1198 2139 1288 2176 atque
1302 2146 1373 2176 opes
1386 2139 1414 2166 et
1431 2136 1562 2166 dicitius
1584 2137 1647 2167 Dei
1657 2136 1721 2166 vic-

265 2177 355 2208 toris.
390 2177 533 2209 Bacchus
545 2179 625 2209 enim
644 2182 805 2210 contentus
819 2182 887 2210 erat
900 2180 1025 2219 gemina
1036 2180 1166 2219 tigride,
1181 2189 1247 2210 cum
1263 2179 1317 2210 sub
1331 2179 1471 2210 curribus
1487 2180 1612 2210 duceret
1628 2179 1721 2210 Indus

260 2220 405 2250 devictos.

871 2274 1105 2286 eemmme

300 2318 317 2346 1
346 2316 539 2355 Gangeticus
552 2317 648 2348 armis
673 2317 878 2348 Beverlandi
895 2318 1030 2348 Ms.—2
1054 2317 1178 2358 Raptor
1190 2321 1221 2348 et
1243 2318 1393 2359 Hyrcano
1410 2319 1495 2359 conj.
1520 2317 1716 2349 Farnabius.

259 2361 320 2388 -5
351 2358 436 2389 Vicit
452 2360 635 2400 Erythraeos
650 2360 683 2391 in
701 2361 777 2391 edd.
796 2365 882 2391 vett,

920 2401 1061 2434 NOTAE

305 2468 321 2496 l
362 2465 556 2506 Gangeticus
600 2466 738 2507 Raptor]
804 2467 959 2498 Venator
1056 2470 1075 2498 4
1102 2468 1168 2499 Nec
1184 2469 1360 2509 numerare]
1383 2467 1447 2499 His
1465 2467 1576 2498 verbis
1590 2467 1717 2508 signifi-

259 2526 383 2556 nempe
403 2517 434 2546 in
461 2517 573 2556 India,
588 2518 645 2548 ubi
661 2516 783 2548 fluvius
807 2517 959 2557 Ganges,
1015 2512 1072 2548 ca't
1088 2519 1210 2549 multas
1227 2518 1260 2549 in
1289 2528 1392 2549 arena
1414 2518 1518 2558 tigres
1541 2516 1644 2548 fuisse
1660 2528 1718 2549 ex-

259 2576 331 2607 prae
364 2567 487 2598 timore
516 2567 662 2608 pallidus
689 2569 798 2608 raptis
827 2567 960 2608 tigridis
1015 2568 1149 2600 hibitus.

259 2617 380 2648 catulis
397 2617 495 2658 fugit.
540 2618 627 2649 Vide
639 2618 788 2649 Plinium
805 2618 863 2650 lib.
878 2627 960 2650 vm.
1058 2623 1076 2649 5
1095 2619 1200 2650 Vincit
1220 2619 1417 2660 Erythraeos]
1429 2619 1523 2652 Quos
1537 2620 1610 2660 egit
1625 2620 1713 2651 Bac-

261 2678 337 2709 cap.
357 2671 408 2700 18.
425 2675 461 2700 et
474 2669 646 2700 Valerium
663 2670 821 2701 Flaccum
838 2669 898 2701 lib.
913 2679 938 2700 1.
1015 2669 1096 2701 chus
1112 2669 1333 2701 delittoiibus
1349 2670 1458 2701 Rubri
1475 2679 1535 2701 seu
1548 2670 1720 2710 Erythraei

301 2722 322 2750 2
339 2720 378 2750 In
394 2719 544 2760 Hyrcano
556 2720 645 2760 equo]
669 2720 745 2751 Hoc
760 2720 958 2758 est‚celeri:
1017 2720 1131 2759 maris,
1154 2725 1257 2760 atque
1275 2729 1315 2750 ex
1341 2720 1434 2750 Indis
1452 2720 1623 2751 subactis:
1661 2721 1716 2751 ine

255 2769 303 2801 sic
318 2769 407 2800 enim
422 2769 618 2810 Hyrcanum
631 2780 751 2811 equum
767 2771 961 2810 intelligere
1015 2771 1103 2801 enim
1131 2771 1261 2810 gemina
1278 2774 1407 2801 tantum
1426 2770 1548 2810 tigride
1563 2771 1716 2802 invectus

260 2821 396 2852 videtur
423 2821 552 2853 Poeta:
582 2823 757 2863 Hyrcania
775 2832 853 2853 vero
870 2822 961 2854 Asioe
1016 2821 1255 2861 triumphavit:
1290 2826 1325 2851 ιιι
1350 2831 1440 2860 vero,
1465 2830 1484 2851 ο
1509 2820 1717 2859 Domitiaue,

261 2872 367 2913 regio,
384 2871 440 2904 ubi
458 2873 557 2904 etiam
576 2875 678 2914 tigres
696 2872 925 2906 ferocissimae.
1016 2875 1129 2915 plures
1144 2874 1268 2915 populo
1283 2873 1485 2914 spectandas
1502 2871 1695 2903 exhibuisti.
