1893 3225
537 201 941 234 issrionAmiA'ruM
983 203 1073 233 [ΑΒ.
1108 203 1156 232 s.
1486 194 1569 237 717

806 372 867 413 II.

680 464 746 493 An
784 462 1015 493 EUNDEM.

108 529 397 571 FsssrlNA'rA
421 532 540 584 prior
560 530 720 572 decimi
740 530 848 571 mihi
870 542 976 570 cura
996 529 1135 571 libelli

166 599 380 652 Elapsum
402 599 608 639 manibus
629 611 744 639 nunc
765 597 993 639 revocavit
1012 611 1137 652 opus,

109 665 233 707 Nota
256 667 376 720 leges
396 667 616 720 quaedam,
639 665 719 707 sed
739 666 845 706 lima
863 678 966 706 rasa
989 666 1179 707 recenti:

166 733 277 775 Pars
293 747 411 776 nova
426 735 568 789 major
590 735 693 776 erit:
723 734 878 784 lector,
899 733 1073 787 utrique
1095 734 1211 775 fave.

107 802 281 852 Lector,
305 816 415 857 opes
435 808 612 853 nostrae,
635 815 764 856 quem
786 815 886 842 cum
908 801 1014 842 mihi
1039 800 1185 842 Roma
1208 801 1420 853 dedisset,
1540 816 1568 842 o

164 870 242 911 Nil
263 871 345 911 tibi
367 871 485 924 quod
507 871 664 912 demus
685 870 830 925 majus
847 870 1075 918 habemus,
1095 870 1169 910 ait.

106 936 236 990 Pigra
257 951 336 991 per
354 938 468 979 hunc
490 938 635 991 fugies
656 939 839 992 ingratae
861 938 1043 979 flumina
1060 938 1239 986 Lethes,

162 1005 218 1047 Et
237 1006 417 1047 meliore
437 1007 500 1048 tui
522 1011 645 1061 parte
664 1011 901 1061 superstes
920 1005 1022 1060 eris.

104 1071 332 1114 Marmora
354 1075 569 1116 Messalae
590 1074 716 1115 findit
737 1073 996 1127 caprificus,
1017 1077 1064 1113 et
1085 1072 1235 1113 audax

159 1141 384 1183 Dimidios
406 1142 553 1196 Crispi
573 1143 710 1183 mulio
731 1142 843 1182 ridet
862 1154 1016 1195 equos.
1511 1143 1566 1184 10

101 1206 164 1250 At
185 1210 347 1252 chartis
369 1224 450 1252 nec
470 1210 590 1251 furta
610 1214 789 1259 nocent,
810 1222 892 1250 nec
914 1208 1080 1250 saecula
1101 1213 1312 1262 prosunt3

159 1277 353 1334 Solaque
374 1292 460 1320 non
483 1283 638 1320 norunt
657 1278 755 1319 haec
776 1280 1062 1318 monumenta
1081 1277 1206 1317 mori.

142 1389 239 1420 Prior
260 1399 336 1421 cura
349 1390 458 1421 decimi
473 1389 548 1420 libri
572 1402 590 1420 a
607 1400 654 1420 me
677 1392 843 1429 properata
869 1398 950 1420 nunc
965 1388 1118 1419 revocavit
1144 1397 1220 1427 opus
1246 1388 1384 1428 elapsum
1411 1387 1565 1420 mnibus.

101 1432 232 1464 Evolves
245 1434 385 1473 quoeddm
401 1433 464 1464 tibi
479 1436 644 1472 compertu,
666 1434 719 1463 sed
733 1432 830 1472 polita
845 1433 961 1462 recenti
976 1432 1060 1462 lima.
1106 1432 1214 1471 Major
1229 1431 1289 1461 erit
1301 1440 1376 1471 pars
1392 1431 1500 1461 addita
1511 1442 1523 1468 ;
1546 1442 1565 1462 ο

99 1476 206 1512 lector,
214 1476 291 1514 saw
303 1477 437 1516 utrique.
482 1477 513 1508 O
530 1477 627 1507 lector
641 1475 762 1506 divitiae
774 1479 902 1514 nostrae,
916 1485 1003 1514 quem
1018 1484 1087 1505 cum
1102 1475 1178 1505 mihi
1189 1475 1331 1504 ‹lonasset
1345 1474 1456 1511 Roma,
1468 1474 1565 1514 dixit,

102 1518 193 1548 Nihil
205 1518 349 1550 habemus
362 1520 472 1558 nwjus,
486 1520 565 1559 quod
578 1519 634 1549 tibi
647 1520 802 1549 donemus.
837 1518 946 1558 HaJ'us
958 1527 1049 1557 opera
1064 1517 1178 1548 vitabis
1186 1517 1280 1557 pigra
1287 1515 1427 1557 flumina
1442 1516 1567 1557 Lethes,

100 1564 129 1590 et
146 1561 206 1591 eris
221 1566 376 1601 superstes
390 1561 514 1592 meliore
535 1565 624 1600 parte
646 1562 704 1593 ἰιιὶ.
751 1561 925 1602 ζ’(ιρνξῇεηε
940 1561 1040 1599 aperit
1065 1569 1219 1590 marmora
1245 1560 1404 1598 Messala',
1425 1563 1455 1590 et
1471 1561 1566 1590 mulia

99 1604 203 1634 unda-1?
219 1605 328 1635 irridet
344 1615 434 1644 equos
462 1605 606 1635 dimidios
625 1604 741 1644 Crispi.
787 1604 850 1634 Sed
865 1614 919 1634 'nec
936 1604 1030 1641 furta
1053 1603 1188 1644 afficiunt
1215 1603 1353 1642 scriptis,
1376 1613 1429 1633 vec
1452 1605 1565 1634 soecula

96 1647 279 1686 prcesident,
303 1651 333 1677 et
344 1648 409 1678 hoec
424 1647 487 1678 sola
503 1651 696 1677 monumenta
712 1647 852 1678 nesciunt
866 1647 979 1686 perire.

714 1729 927 1741 outremer:
934 1730 951 1740 t

141 1786 162 1814 6
185 1782 225 1814 In
240 1793 346 1825 marg.
361 1785 459 1817 Junt.
477 1794 582 1825 penes
600 1784 777 1816 Editorem
790 1786 955 1818 dotum—7
981 1786 1022 1817 In
1049 1795 1156 1826 marg.
1179 1784 1291 1826 ejusd.
1317 1784 1443 1823 Nigroe.
1467 1784 1565 1816 Alios

94 1826 211 1866 legere
230 1827 337 1866 Nigra
359 1834 500 1858 monent
524 1828 635 1859 multi.
680 1828 750 1859 Sed
767 1829 872 1868 Pigra
899 1833 952 1859 est
980 1829 1013 1859 in
1037 1838 1129 1860 omn.
1155 1828 1234 1860 edd.
1246 1828 1367 1868 quibus
1379 1828 1564 1859 utimur.—

96 1872 134 1900 11
160 1869 217 1901 Sic
233 1871 310 1902 cod.
328 1871 508 1902 Pulmann.
524 1876 560 1901 et
577 1871 626 1901 sic
642 1871 741 1902 aliter
758 1872 825 1912 legi
843 1876 1023 1902 notaverat
1040 1871 1188 1902 Farnab.
1235 1871 1280 1901 At
1296 1880 1321 1900 s.
1335 1880 1417 1910 pros
1433 1871 1563 1901 Timan.

97 1912 174 1944 eod.
219 1912 268 1944 Ac
283 1924 309 1946 s,
335 1924 420 1954 pros.
431 1914 541 1945 edidit
558 1914 769 1946 Barbouius:
795 1918 826 1946 et
841 1925 867 1946 s.
883 1924 965 1955 pros.
981 1914 1097 1946 Maitt.
1144 1915 1211 1945 Nee
1233 1924 1259 1944 s.
1274 1924 1372 1954 proes.
1385 1913 1469 1945 dant
1485 1913 1565 1945 edd.

96 1956 339 1998 antiquissimae
367 1967 443 1988 cum
471 1957 616 1989 Farnab.
665 1958 806 1988 Prosunt
834 1957 988 1989 breviter
1014 1958 1179 1999 scriptum
1208 1962 1260 1988 est
1284 1957 1318 1987 in
1344 1966 1449 1998 marg.
1465 1957 1565 1989 Junt.

756 2045 788 2076 N
794 2045 901 2077 OTAE

141 2114 156 2142 1
184 2109 349 2141 Festinata
359 2110 461 2151 prior]
486 2109 589 2141 Hunc
614 2119 738 2150 nempe
759 2111 800 2142 li·
855 2109 936 2148 λήθη
951 2111 1042 2142 enim
1058 2111 1180 2143 Latine
1204 2110 1333 2143 oblivio
1349 2114 1411 2141 est.

94 2161 192 2193 brum
206 2161 308 2193 nimia
323 2160 548 2193 festinatione
559 2161 687 2193 editum
705 2171 799 2193 revo-
898 2165 918 2193 8
941 2162 1103 2203 Superstes
1111 2162 1189 2203 eris]
1213 2162 1303 2195 Quia
1318 2170 1454 2201 semper
1472 2160 1563 2201 lege·

94 2213 197 2251 cavit,
213 2218 317 2254 atque
333 2212 542 2244 emendavit.
855 2213 914 2252 ris,
928 2218 963 2244 et
980 2214 1220 2246 celebraberis.
1251 2215 1260 2231 ‘
1276 2213 1421 2245 Meliore
1438 2212 1564 2253 parte‚'

136 2267 156 2295 3
182 2263 282 2304 Nota]
304 2263 448 2294 Scilicet
465 2263 497 2293 in
514 2262 618 2304 priori
634 2262 798 2294 editione.
854 2264 946 2295 fama
962 2264 1096 2296 scilicet
1109 2265 1251 2305 ingenii.

137 2317 158 2345 4
185 2315 317 2354 Utrique
324 2313 417 2353 fave]
442 2313 518 2346 Hoc
535 2318 586 2344 est
599 2313 798 2345 :Prioribus
897 2318 918 2347 9
941 2316 1106 2347 Marmora
1122 2315 1284 2356 Messalae]
1303 2314 1404 2346 AEdes
1417 2323 1563 2346 marmo-

94 2370 132 2396 et
143 2365 239 2395 novis
255 2365 379 2396 additis
395 2364 550 2396 versibus
566 2364 658 2397 fave.
854 2375 942 2405 rem,
966 2366 1021 2397 vel
1052 2366 1165 2408 potius
1189 2367 1347 2408 sepulcra
1372 2375 1564 2398 marmorea

137 2418 156 2445 5
180 2415 302 2456 Lector,
325 2425 395 2456 opes
419 2416 549 2457 nostroe]
574 2417 644 2447 Per
668 2417 799 2458 apposi-
854 2417 1020 2458 intellige,
1036 2428 1111 2459 quae
1129 2418 1298 2450 Corvinus
1323 2418 1475 2449 Messala
1490 2417 1562 2448 Au-

94 2467 220 2498 tionem
247 2465 310 2497 hoc
332 2466 444 2506 addit,
466 2467 529 2498 hoc
544 2471 597 2499 est
614 2478 622 2499 z
647 2468 724 2500 Quo
742 2468 798 2499 be-
855 2467 945 2508 gusti
972 2478 1046 2499 aevo
1063 2473 1182 2500 orator
1194 2468 1400 2500 clarissimus
1415 2472 1452 2498 et
1465 2467 1562 2498 ditis-

95 2518 200 2557 nigno
230 2521 333 2558 atque
358 2517 523 2549 benevolo
547 2519 678 2550 lectore
714 2519 795 2550 nihil
854 2519 956 2550 simus
971 2520 1154 2551 exstruxit.
1202 2519 1291 2550 Vide
1309 2518 1412 2560 Epig.
1438 2520 1470 2549 3.
1499 2517 1561 2549 lib.

93 2568 204 2608 majus
220 2567 300 2598 mihi
315 2567 397 2598 dare
417 2567 525 2599 Roma
540 2574 689 2610 poterat.
853 2579 935 2601 vm.

136 2622 156 2649 7
182 2618 328 2650 Flumina
348 2617 476 2658 Lethes]
500 2619 575 2650 Hoc
592 2626 640 2650 est
656 2632 663 2652 :
687 2621 734 2652 Te
749 2620 793 2652 ab
893 2621 1082 2663 Caprificus]
1103 2621 1201 2653 Ficus
1213 2625 1266 2652 est
1280 2619 1468 2661 sylvestris,
1485 2629 1560 2662 quae

93 2669 264 2700 hominum
278 2668 447 2700 oblivione
461 2669 660 2701 vindicabis.
687 2671 795 2703 Lethe
851 2674 904 2704 vel
918 2673 1116 2704 durissimos
1129 2673 1260 2714 lapides
1284 2672 1396 2703 findit.

94 2719 278 2752 inferorum
294 2719 417 2752 fluvius
443 2724 507 2759 est,
530 2721 586 2762 qui
605 2723 795 2761 praeterita·
895 2727 933 2755 10
958 2724 1117 2755 Dimidios
1141 2724 1247 2764 equos]
1274 2724 1327 2755 De
1343 2723 1466 2764 Crispo
1488 2722 1556 2753 dic-

95 2781 166 2802 rum
184 2771 330 2802 omnium
350 2772 794 2804 rm·11mn1e1no=·ia111delet:
854 2779 923 2805 tuin
949 2774 1049 2814 Epig.
1079 2777 1132 2806 54.
1153 2774 1211 2806 lib.
1239 2783 1286 2805 iv.
1311 2773 1409 2814 cnjus
1433 2777 1556 2805 statuae
