1893 3225
557 241 965 274 EmGRAMMA'ruM
1003 241 1099 273 ΜΒ.
1134 241 1239 271 xiv.
1498 230 1607 271 1061

793 430 959 473 CCIV.

700 533 725 562 c
744 533 774 562 Y
794 532 827 561 M
850 533 921 561 BA
941 532 1032 561 LA.

151 611 278 652 [ΕΒΑ
302 611 546 654 Celaenaeos
564 612 762 666 lugentia
781 612 934 653 matris
956 623 1125 653 amores

206 679 416 721 Esuriens
434 680 593 722 Gallus
614 681 808 722 vendere
831 694 955 735 saepe
978 680 1103 720 solet.

196 793 307 824 Gallus
315 793 482 831 famelicus
494 803 575 834 saepe
590 794 667 825 solet
682 795 812 825 vendere
828 803 892 824 (ενα
908 791 1055 833 deflentia
1068 801 1186 824 amores
1205 792 1368 824 Celoenceos
1384 795 1503 825 matris.

196 931 211 958 1
239 927 380 958 ‘sundere
395 927 535 968 conjicit
552 928 608 959 De
624 928 731 968 Rooy.

812 992 953 1024 NOTAE

197 1061 211 1087 l
238 1058 333 1098 AEra]
356 1056 434 1088 Hoc
458 1062 524 1097 est,
550 1057 706 1098 cymbala
728 1067 787 1088 seu
806 1056 855 1087 in·
911 1061 994 1096 tum,
1011 1056 1105 1096 cujus
1131 1056 1245 1097 patria
1269 1054 1334 1086 fuit
1358 1055 1502 1087 Celaenae
1534 1056 1611 1087 urbs

150 1112 341 1139 strumenta
357 1117 478 1139 sonora
491 1117 534 1139 ex
554 1117 633 1148 aere,
655 1118 730 1149 quae
747 1108 856 1148 pulsa·
910 1107 1089 1148 Phrygiae:
1108 1107 1196 1138 unde
1211 1112 1310 1138 vocat
1324 1106 1416 1147 Atyn
1428 1107 1614 1139 Celaeuaeos

154 1160 238 1190 bant
268 1159 360 1190 Galli
389 1159 538 1201 Cybeles
568 1159 768 1191 sacerdotes
799 1159 857 1189 de·
911 1167 1056 1190 amores.

152 1208 274 1241 flentes
292 1208 384 1250 Atyn
410 1220 551 1250 puerum
569 1210 612 1242 ab
638 1220 680 1241 ea
702 1210 856 1242 redama-

817 1390 954 1432 CCV.

682 1490 813 1520 PUER
845 1489 1089 1520 CINAEDUS.

154 1568 238 1608 SIT
259 1570 388 1611 nobis
409 1575 542 1612 aetate
561 1583 683 1624 puer,
705 1582 790 1611 non
811 1570 982 1624 pumice
1002 1569 1131 1618 levis,

215 1635 402 1691 Propter
424 1651 555 1692 quem
576 1638 750 1692 placeat
770 1638 892 1678 nulla
913 1638 1064 1692 puella
1084 1637 1204 1678 mihi.

815 1752 955 1784 NOTAE

160 1829 175 1856 1
196 1827 411 1868 Nonpumice]
428 1828 603 1869 Impubes,
619 1838 686 1860 non
704 1829 839 1870 pumice
856 1834 915 1861 aut
940 1828 1088 1870 dropace
1105 1829 1284 1870 levigatus.
1302 1829 1376 1860 Lib.
1393 1837 1431 1860 ιι.
1448 1829 1547 1870 Epig.
1560 1829 1616 1860 29.

807 2010 970 2053 CCVL

759 2111 1015 2143 CESTos

274 2193 442 2235 COLLO
464 2199 592 2235 necte
614 2207 726 2248 puer
744 2206 888 2234 meros
910 2205 1100 2243 amores,

274 2261 441 2303 Ceston
464 2262 519 2303 de
542 2263 730 2304 Veneris
753 2263 854 2304 sinu
876 2262 1103 2304 calentem.

202 2370 233 2402 O
247 2381 336 2412 puer,
356 2373 431 2403 collo
446 2373 538 2413 injice
552 2384 649 2406 meros
664 2384 792 2415 amores,
813 2378 914 2406 ceston
931 2374 1081 2405 calentem
1097 2374 1134 2405 de
1147 2373 1219 2405 sinu
1239 2372 1379 2406 Veneris.

817 2471 957 2503 NOTAE

207 2541 221 2568 l
248 2536 379 2577 Ceston]
400 2538 455 2569 De
473 2549 538 2580 quo
553 2538 628 2572 fuse
643 2540 788 2572 diximus
803 2542 860 2573 lib.
916 2541 1063 2573 cussoris
1073 2550 1186 2572 amore
1198 2540 1468 2572 incendebatur:
1492 2541 1618 2574 idcirco

166 2598 215 2620 vx.
245 2588 345 2629 Epig.
372 2591 423 2620 13.
468 2590 613 2621 Veneris
642 2601 764 2632 nempe
796 2591 863 2623 fuit
917 2592 1030 2624 Po'e'ta
1046 2597 1149 2624 vocat
1164 2597 1280 2624 ceston
1298 2600 1407 2623 meros
1420 2601 1561 2623 amores.

162 2639 309 2679 balteus,
333 2648 401 2680 quo
420 2639 477 2680 qui
504 2642 774 2683 percutiebatur,
788 2652 864 2685 per-
