1893 3225
245 243 332 287 764

723 257 773 289 M.
806 257 918 289 VAL.
950 258 1226 290 MARTIALIS

904 442 1057 485 LVII.

816 531 883 561 AD
917 531 1132 563 SEXTUM.

249 592 482 635 ARGENTI
504 595 665 637 libram
685 596 915 639 mittebas:
946 598 1068 639 facta
1088 599 1247 639 selibra
1269 602 1351 649 est,

307 662 398 703 Sed
419 662 609 717 piperis:
640 664 750 705 tanti
769 677 855 705 non
876 678 992 715 emo,
1015 665 1169 715 Sexte,
1191 665 1331 719 piper.

293 781 447 814 Mittebas
461 782 574 814 libram
589 783 739 823 argenti;
754 784 879 815 redacta
894 787 939 814 est
954 784 994 814 ad
1010 783 1166 824 selibram,
1179 786 1213 815 at
1225 784 1356 825 piperi&
1402 783 1433 815 Ο
1450 782 1558 824 Sexte,
1570 793 1630 815 non
1641 793 1710 815 emo

909 868 1050 900 NOTAE

293 942 311 970 l
335 939 486 981 Argenti]
521 941 552 973 Ο
583 941 700 982 Sexte,
739 952 815 974 cum
850 946 952 974 antea
1007 947 1140 974 tantum
1163 943 1338 975 dimidiam
1361 943 1497 984 libram,
1523 948 1559 975 et
1575 942 1710 985 quidem

249 989 405 1022 mitteres
428 992 549 1024 libram
577 993 723 1035 argenti,
745 994 818 1034 jam
845 994 952 1026 mittis
1007 993 1149 1035 piperis.

249 824 330 854 tanti
342 825 446 865 piper.

902 1149 1084 1193 LVIII.

779 1239 847 1268 AD
881 1240 1197 1271 FRONTINUM.

256 1298 500 1342 ANXURIS
523 1303 718 1356 aequorei
738 1304 960 1357 placidOS‚
984 1307 1206 1357 Frontiue,
1228 1322 1446 1359 recessus,

310 1367 370 1407 Et
392 1369 575 1422 propius
599 1370 752 1420 Baias,
772 1372 1080 1425 littoreamque
1104 1374 1301 1423 domum,

253 1434 313 1475 Et
334 1435 455 1488 quod
476 1436 726 1477 inhumanae
747 1436 920 1478 Cancro
941 1438 1138 1480 fervente
1159 1441 1328 1482 cicadae

311 1501 420 1543 Non
434 1515 598 1543 novere
619 1516 793 1553 nemuS,
815 1503 1138 1558 flumineosque
1159 1507 1297 1556 lacus,

254 1569 376 1610 Dum
396 1570 530 1620 colui,
560 1570 720 1612 doctas
742 1574 885 1612 tecum
906 1572 1126 1613 celebrare
1147 1575 1342 1616 vacabat
1688 1576 1716 1616 5

310 1637 517 1678 Pieridas
535 1651 544 1678 :
575 1651 689 1678 nunc
710 1651 791 1679 nos
812 1640 1010 1680 maxima
1034 1640 1181 1682 Roma
1202 1642 1313 1682 terit.

258 1701 351 1743 Hic
371 1704 475 1744 mihi
496 1705 674 1758 quando
695 1705 791 1746 dies
814 1719 941 1747 meus
965 1709 1060 1749 est‘?
1087 1708 1314 1761 jactamur
1333 1709 1378 1750 in
1399 1708 1489 1750 alto

312 1769 466 1822 Urbis,
489 1778 534 1813 et
554 1773 600 1813 in
621 1773 758 1814 sterili
781 1774 874 1815 vita
899 1774 1049 1816 labore
1070 1777 1205 1828 perit3

301 1891 389 1922 Dum
403 1892 485 1922 colui
508 1894 694 1933 tranquillos
715 1904 852 1926 recessus
875 1897 1030 1927 maritimi
1048 1896 1204 1935 Anxuris,
1228 1900 1258 1927 et
1278 1896 1406 1936 propius
1428 1895 1537 1934 Baias,
1557 1899 1587 1926 et
1600 1896 1721 1927 domum

263 1932 430 1973 littoream,
447 1935 651 1975 etflumz'neos
667 1937 762 1976 lucus,
784 1942 814 1968 et
831 1948 947 1976 nemus,
970 1940 1048 1978 quod
1070 1949 1128 1969 non
1145 1948 1254 1969 novere
1270 1939 1446 1969 inhumauoe
1460 1939 1574 1969 cicadoe
1599 1939 1721 1969 Cancro

247 1975 405 2014 fervente,
424 1976 535 2008 licebat
560 1981 660 2009 tecum
675 1980 828 2010 celebrare
851 1982 956 2011 doctas
979 1981 1152 2012 Pieridas.-
1182 1991 1263 2012 nunc
1285 1981 1423 2011 maxima
1446 1981 1545 2011 Roma
1569 1981 1720 2011 consumit

253 2029 320 2050 nos.
367 2019 434 2050 Hic
449 2021 568 2060 quando
575 2021 672 2059 fruor
687 2020 761 2054 die?
785 2023 954 2055 Jactamur
979 2024 1013 2054 in
1037 2024 1111 2054 altis
1126 2024 1211 2055 urbis
1219 2023 1384 2065 fluctibus,
1400 2027 1431 2055 et
1450 2024 1517 2055 vita
1531 2024 1722 2055 consumitur

918 2118 1064 2150 NOTAE

299 2193 314 2221 1
340 2190 484 2222 Anxuris
506 2191 657 2232 aequorei]
681 2191 769 2225 Vide
785 2193 884 2236 Epig.
905 2197 960 2226 51.

252 2250 368 2283 supra,
383 2247 418 2273 et
434 2243 534 2282 Epig.
551 2245 579 2274 1.
593 2243 654 2275 lib.
670 2252 705 2276 v·

299 2295 319 2323 2
344 2293 390 2322 Et
414 2293 541 2332 propius
571 2293 685 2333 Baias]
712 2293 810 2325 Colui
838 2304 962 2335 nempe

254 2352 419 2374 recessus.
464 2344 638 2375 Littoream
664 2345 801 2384 domum]
826 2346 964 2377 Palatia

256 2392 410 2433 intellige
427 2393 518 2424 Baiis
533 2394 573 2424 ad
589 2404 682 2426 mare
698 2396 824 2436 posita.

299 2445 319 2474 3
345 2444 388 2473 Et
405 2443 498 2483 quod]
521 2444 674 2484 Sylvam,
690 2450 726 2476 et
737 2455 854 2485 agrum
872 2445 963 2476 Rhe·

258 2492 388 2533 ginum,
405 2493 445 2523 de
461 2503 526 2534 quo
540 2494 671 2525 Plinius
689 2495 747 2526 lib.
764 2504 804 2526 11.
819 2505 894 2536 cap.
911 2498 963 2527 27.

256 2543 267 2559 ‘
286 2542 333 2574 At
353 2543 386 2573 in
403 2543 558 2583 Rhegino
573 2544 675 2575 silent
691 2553 806 2574 omnes
822 2545 964 2584 cicadae,

261 2593 353 2624 ultra
361 2592 485 2624 flumen
499 2594 531 2624 in
545 2595 708 2625 Locrensi
720 2595 866 2626 canunt.'
882 2596 963 2627 Can-

255 2643 478 2683 crofervente]
504 2643 580 2675 Hoc
597 2649 662 2683 est,
680 2654 796 2675 mense
812 2645 917 2677 Julio.

300 2696 322 2725 4
346 2693 581 2733 Flumineosque
608 2694 705 2734 lacus]
731 2693 864 2725 AIIcem
897 2704 965 2725 am-

256 2752 335 2775 nem
358 2743 524 2783 intelligit
546 2743 700 2775 Raderus
727 2753 770 2774 ex
794 2744 965 2784 Leandro,

257 2793 294 2826 in
308 2802 430 2836 magna
445 2793 595 2836 Graeeia,
611 2793 669 2827 ubi
691 2794 794 2827 Locri
819 2799 856 2827 et
878 2794 965 2827 Rhe·

1016 2203 1122 2234 grum.

1061 2247 1079 2274 7
1104 2244 1183 2275 Dies
1207 2253 1290 2274 meus
1317 2243 1379 2284 est]
1406 2245 1540 2284 Legunt
1565 2243 1622 2274 alii
1650 2243 1721 2275 sine

1017 2294 1298 2333 interrogatione,
1313 2300 1347 2325 et
1363 2295 1449 2325 hunc
1463 2294 1723 2325 accommodant

1018 2354 1173 2375 sensum:
1199 2344 1343 2377 Quando
1359 2344 1445 2375 liber
1460 2355 1530 2376 sum
1545 2345 1587 2376 ab
1601 2344 1721 2376 officiis

1018 2400 1252 2434 patronorum,
1279 2395 1397 2425 habito
1422 2395 1455 2425 in
1486 2397 1555 2426 alta
1585 2396 1721 2435 semita,

1018 2455 1140 2485 nempe
1157 2446 1189 2475 in
1216 2451 1331 2476 monte
1350 2446 1531 2484 Quirinali,
1554 2448 1618 2477 Sec.
1662 2446 1722 2477 Vi-

1018 2495 1098 2526 deat
1111 2496 1231 2527 lector.
1277 2496 1341 2526 Illa
1356 2496 1596 2536 interpretatio
1611 2496 1721 2528 minus

1017 2545 1106 2576 bona
1122 2546 1201 2576 mihi
1219 2545 1365 2578 videtur.
1410 2547 1576 2577 Juctamur
1591 2547 1622 2577 iu
1639 2546 1720 2587 alto]

1016 2596 1223 2636 Metaphora
1237 2603 1300 2628 est.
1343 2597 1469 2628 Sensus
1486 2602 1556 2628 est:
1576 2596 1722 2637 Officiis,

1018 2646 1118 2685 curis,
1134 2651 1167 2676 et
1191 2647 1338 2686 negotiis
1367 2657 1585 2687 occupamur,
1599 2651 1634 2678 et
1650 2648 1723 2678 vita

1019 2697 1228 2728 consumitur
1244 2698 1277 2727 in
1302 2696 1421 2728 officiis
1444 2698 1663 2738 praestandis,
1679 2708 1721 2729 ex

1019 2747 1139 2789 quibus
1152 2747 1282 2779 nullum
1297 2746 1448 2780 fructum
1464 2748 1686 2790 percipimus.
