1924 3225
289 203 372 245 544
768 214 816 244 Μ.
852 214 960 243 VAL.
993 214 1270 244 MAR'FIALIS

288 310 421 351 Hanc
443 310 528 351 sibi
543 309 642 364 jure
664 315 791 363 petat
811 310 957 362 magni
980 310 1101 350 senis
1122 308 1303 351 Atticus
1324 309 1493 359 hortus,

344 378 444 419 Nec
464 380 606 419 minus
629 391 724 418 esse
743 390 866 418 suam
889 377 1046 417 Stoica
1066 378 1192 417 turba
1214 378 1333 417 velit.

284 444 422 488 Vivet
443 459 556 500 opus
577 445 885 500 quodcumque
903 458 980 498 per
1000 444 1081 485 has
1102 445 1305 485 emiseris
1329 457 1484 496 aures;
1717 445 1746 485 5

341 516 456 557 Tam
475 528 565 556 non
584 514 856 562 foemineum,
876 526 959 553 nec
979 513 1193 566 populare
1212 513 1342 566 sapit.

287 584 393 625 Non
413 589 490 624 tua
510 583 741 624 Pantaenis
762 581 941 622 nimium
965 594 1012 621 se
1033 581 1242 634 praeferat
1263 581 1344 630 illi,

343 652 561 702 Quamvis
582 649 731 691 Pierio
753 650 810 690 sit
830 649 941 689 bene
963 652 1070 688 nota
1090 647 1238 688 choro.

285 719 492 761 Carmina
512 719 743 771 fingentem
764 717 947 771 Sappho
968 716 1170 757 laudavit
1192 715 1408 757 amatrix:

341 798 516 840 Castior
535 798 648 847 haec,
670 801 712 838 et
732 810 821 838 non
843 797 1019 837 doctior
1040 795 1120 836 illa
1139 794 1233 836 suit.
1688 797 1744 838 10

282 910 337 940 cis.
384 908 505 939 Hortus
516 908 642 939 Atticus
656 908 763 947 magni
784 908 866 939 senis
879 908 954 947 jure
969 907 1107 938 vendicet
1123 906 1202 936 hanc
1217 905 1301 941 sil›i;
1323 915 1377 936 nec
1392 904 1484 936 turba
1510 904 1619 937 Stoica
1642 906 1744 938 minus

281 952 388 991 cupiat
404 951 512 982 habere
525 952 609 981 illam
620 951 834 990 discipulam.
882 953 1103 990 Quodcumque
1119 959 1193 988 opus
1207 948 1373 987 subjeceris
1389 949 1438 979 his
1448 949 1587 988 auribus,
1598 959 1658 980 non
1672 960 1740 989 per·

282 995 363 1025 ibit:
389 997 453 1024 tam
470 995 549 1024 valet
566 995 619 1024 illu
638 994 762 1032 jndicio
783 1004 837 1024 nec
858 993 1012 1031 muliebri,
1043 1003 1095 1022 nuc
1111 991 1260 1030 vulgari:
1283 991 1349 1022 Tua
1367 991 1530 1021 Pantoenis
1546 1002 1583 1022 ne
1605 992 1699 1024 nimis
1713 1002 1745 1024 se

280 1040 446 1077 anteponat
468 1038 527 1074 illi,
550 1038 620 1067 licet
643 1037 751 1067 chorus
774 1038 938 1067 Musarum
962 1036 1035 1066 bene
1057 1038 1185 1065 noverat
1208 1034 1304 1064 illum.
1351 1033 1477 1074 Sappho
1499 1035 1639 1065 amatrix
1661 1045 1744 1066 com-

280 1080 469 1111 mendaverit
490 1079 711 1120 Tlieopliilam
733 1081 908 1111 condentem
931 1088 1059 1109 versus:
1094 1078 1158 1108 laoec
1176 1076 1245 1115 fuit
1265 1076 1387 1117 purior,
1410 1087 1465 1108 nec
1487 1078 1542 1108 illa
1572 1077 1641 1116 suit
1670 1088 1740 1109 eru-

280 1124 388 1154 ditior.

911 1175 967 1186 “a
971 1174 1126 1185 ‘oetme

280 1235 336 1261 tur
352 1230 470 1270 optimi
487 1231 699 1263 codices.—3
715 1230 794 1262 Ald.
805 1231 902 1264 Junt.
914 1230 1024 1261 Colin.
1037 1228 1169 1269 Gryph.
1181 1230 1247 1259 «Sec.
1263 1228 1371 1267 magni
1383 1228 1465 1259 senis
1477 1229 1559 1259 allus
1574 1229 1608 1260 in
1629 1229 1740 1262 hortis.

279 1273 396 1304 Codex
413 1274 612 1305 Pulmanni:
637 1274 744 1313 magni
762 1276 843 1305 senis
859 1274 984 1305 Atticus
1006 1272 1124 1303 hortus.
1147 1271 1234 1302 Vide
1257 1272 1338 1302 var.
1358 1272 1545 1302 Notas.—5
1571 1272 1742 1304 Gruterus

279 1326 321 1347 ex
346 1316 465 1347 codice
483 1318 638 1347 Palatino
665 1317 769 1357 legit:
791 1327 848 1357 per
867 1318 922 1347 has
944 1316 1084 1347 emiseris
1105 1324 1207 1353 aures,
1234 1319 1269 1345 et
1293 1314 1340 1344 sic
1365 1319 1416 1344 est
1432 1315 1464 1344 in
1484 1315 1662 1346 Vaticano.
1683 1326 1740 1356 per

276 1359 354 1389 istas
368 1359 490 1390 miseris
503 1368 592 1391 aures
608 1360 771 1391 exhibent
796 1360 875 1391 edd.
899 1362 1048 1390 vem-6
1071 1359 1147 1388 dam
1169 1367 1230 1388 non
1249 1356 1432 1395 foemineum
1448 1358 1653 1389 Beverlandi
1671 1360 1738 1391 Ms-

277 1405 340 1432 —7
367 1402 439 1432 Non
463 1406 517 1432 tua
546 1403 713 1433 Parthenis
738 1402 816 1433 Ald.
848 1403 943 1435 Junt.
969 1402 1077 1432 Colin.
1105 1400 1239 1440 Grypli.
1266 1400 1423 1430 Pulman.
1454 1400 1568 1431 Plaut.
1597 1402 1737 1433 Junian.

277 1444 381 1484 Lang.
408 1445 579 1475 calderia.
604 1446 732 1485 Delpli.
760 1446 846 1476 aliae.
894 1446 966 1475 Non
995 1448 1049 1474 tua
1075 1443 1247 1473 szthenis
1270 1452 1311 1473 ex
1337 1442 1437 1473 codd.
1456 1444 1523 1473 suis
1539 1444 1636 1475 dedit
1652 1445 1740 1475 Gru-

276 1492 381 1518 terus.
427 1488 545 1518 Lectio
562 1494 679 1518 nostra
704 1488 852 1519 debetur
875 1488 1127 1519 Scriveri0.-—9
1148 1486 1236 1517 Sunt
1259 1486 1316 1526 qui
1341 1486 1494 1526 laudaret,
1518 1488 1571 1518 vel
1590 1488 1741 1529 laudarit,

277 1530 342 1570 legi
358 1529 485 1561 debere
503 1535 636 1571 putant.

936 1571 1078 1604 NOTAE

317 1640 335 1667 3
360 1636 487 1667 Atticus
499 1635 620 1676 hortus]
642 1637 769 1668 Sensus
788 1641 861 1668 est:
886 1637 972 1668 lianc
1028 1634 1144 1666 nescio
1162 1645 1262 1676 quam
1288 1634 1454 1676 poetriam
1479 1635 1673 1678 intelligere
1692 1639 1739 1670 vi-

275 1687 338 1718 sibi
362 1686 562 1727 discipulam
582 1687 662 1727 jure
680 1687 841 1718 vendicet
858 1688 973 1727 Plato,
1030 1686 1146 1717 detur.

275 1739 327 1770 vel
343 1739 485 1780 quilibet
504 1738 588 1768 alius
605 1738 779 1777 magister,
796 1739 851 1779 qui
871 1739 976 1778 philo·
1073 1740 1093 1768 9
1116 1736 1275 1768 Laudat-it
1305 1737 1477 1779 [laudarit]
1500 1738 1564 1769 Vel
1582 1740 1738 1773 laudaret:
1788 1750 1789 1753 ’

275 1789 425 1830 sophiam
460 1788 583 1819 doceat
611 1788 646 1818 in
673 1788 771 1818 horto
803 1788 845 1819 ab
874 1788 978 1819 heroe
1035 1787 1091 1818 alii
1105 1796 1184 1818 vero
1199 1788 1349 1818 laudavit.-
1361 1787 1736 1832 hocest‚ipsaSappho

276 1841 449 1873 Academo
473 1840 618 1871 Athenis
655 1840 688 1870 in
729 1850 823 1870 usum
853 1840 977 1872 scholae
1034 1837 1178 1869 Poetria
1208 1837 1342 1876 nobilis,
1366 1838 1460 1878 cnjus
1483 1838 1626 1871 historia
1653 1843 1735 1874 satis

274 1896 485 1924 consecrato.
531 1891 618 1922 Sunt
635 1890 692 1931 qui
710 1890 863 1922 referant
889 1892 977 1922 hunc
1034 1894 1116 1919 nota
1131 1893 1196 1927 est,
1217 1894 1252 1920 et
1279 1889 1376 1929 cujus
1391 1894 1521 1920 restant
1538 1889 1648 1921 adhuc
1663 1902 1736 1924 car-

271 1944 406 1974 hortum
424 1942 465 1973 ad
483 1943 682 1982 Epicurum,
697 1942 765 1982 qui,
781 1946 818 1972 ut
834 1942 881 1973 ait
902 1943 968 1973 Ra·
1034 1939 1123 1970 mina
1136 1939 1208 1969 aliis
1223 1939 1333 1979 poetis
1348 1939 1463 1981 lyricis
1475 1939 1738 1980 juncta,lauda·

272 1994 386 2032 denis,
412 1993 548 2023 hortum
576 1995 627 2023 80.
651 1992 748 2022 minis
771 1999 912 2032 emerat,
936 1998 970 2024 et
1025 1995 1079 2022 ret
1103 1992 1342 2032 Theophilum.
1389 1991 1602 2024 Amatricem
1634 2002 1736 2028 vocat

271 2044 357 2074 vixit
384 2043 569 2083 nonaginta
592 2043 732 2073 circiter
747 2053 863 2083 annos,
880 2043 970 2075 unde
1026 2042 1176 2073 Pliaouis
1209 2043 1283 2073 scil.
1322 2043 1436 2074 Lesbii
1459 2043 1598 2084 juvenis
1625 2044 1736 2078 fornia

271 2103 411 2135 magnus
429 2103 532 2124 senex
556 2093 693 2124 dicitur.
736 2093 879 2126 Judicet
903 2096 969 2127 lec·
1026 2094 1177 2134 egregia,
1193 2103 1211 2124 a
1235 2103 1301 2135 quo
1317 2103 1391 2125 cum
1410 2095 1581 2135 repulsam
1599 2102 1735 2137 patere-

271 2149 334 2176 tor.
382 2144 463 2182 Alii,
484 2145 567 2175 ultus
588 2144 617 2174 in
635 2144 745 2175 hortis.
1025 2149 1094 2185 tur,
1112 2155 1147 2175 se
1166 2145 1198 2175 in
1219 2154 1313 2175 mare
1334 2145 1548 2185 praecipiteui
1561 2146 1669 2179 dedit.

314 2198 333 2226 4
357 2194 464 2225 Stoica
494 2193 597 2233 turba]
620 2194 840 2235 Tlleopliilam
864 2204 969 2237 expe·
1068 2197 1108 2225 10
1136 2195 1264 2225 Castior
1293 2195 1374 2236 hoec]
1412 2195 1601 2237 Theophila
1638 2199 1733 2231 nimi-

271 2250 347 2276 tant
363 2253 494 2286 quoque
508 2245 625 2275 Stoici.
1025 2254 1114 2276 rum.

313 2298 332 2326 7
363 2296 436 2326 Non
471 2298 526 2326 tua
563 2295 744 2336 Puntoenis]
789 2297 967 2329 Eruditam
1068 2299 1143 2329 Non
1171 2299 1288 2330 doctior
1310 2299 1379 2340 illa]
1407 2300 1541 2342 Sappho
1557 2302 1701 2337 scilicet.

913 2422 1077 2465 LXX.

814 2511 866 2542 {N
900 2513 1179 2544 PH1LAEN1M.

439 2572 669 2618 IPSARUM
693 2578 916 2620 tribadum
937 2582 1088 2631 tribas,
1110 2580 1315 2630 Philaeni,

439 2640 597 2694 Recte,
620 2657 751 2698 quam
773 2645 928 2699 futuis,
950 2663 1087 2691 vocas
1106 2649 1307 2691 amicam,

873 2747 909 2757 ee
914 2748 1026 2759 oeten
1031 2749 1067 2760 Ν
1071 2748 1107 2760 ee

310 2797 350 2829 111
378 2799 439 2829 llOC
467 2798 721 2838 Epigrammate
760 2801 951 2833 exhibendo
981 2803 1201 2836 consenti-unt
1228 2802 1433 2835 membrana».
1460 2808 1495 2836 et
1519 2808 1725 2850 exemplaria

266 2851 402 2873 excusa.
