1893 3225
294 238 379 279 806
784 249 831 277 M.
867 248 979 277 VAL.
1013 248 1290 279 MAR'rlAms

410 343 572 384 Risisti
591 359 600 385 ε
633 345 737 385 licet
759 357 878 398 ergo,
900 358 982 387 nec
1003 350 1217 388 vetamur.
1720 363 1748 390 o

410 412 636 453 Pallentes
660 414 812 466 procul
832 413 932 454 hinc
955 415 1073 455 abite
1097 428 1240 455 curae:

408 479 634 533 Quicquid
656 482 823 522 venerit
842 482 1036 532 obvium,
1058 483 1307 536 loquamur,

408 547 594 589 Morosa
615 549 709 590 sine
731 551 1013 603 cogitatione.

407 615 552 657 Misce
573 616 793 667 dimidios,
816 631 938 671 puer,
961 620 1157 668 trientes,

408 682 579 734 Quales
598 685 872 739 Pythagoras
895 686 1031 727 dabat
1054 685 1248 727 Neroni:
1694 689 1748 729 10

409 752 568 802 Misce,
593 753 829 807 Dindyme,
850 754 927 794 sed
949 754 1280 808 frequentiores.

408 821 604 862 Possum
625 822 685 862 nil
706 835 787 874 ego
811 823 986 864 sobrius
1004 836 1013 864 :
1044 822 1215 864 bibenti

410 888 681 930 Succurrent
701 890 810 930 mihi
823 889 1074 943 quindecim
1095 889 1260 943 po'etae.

416 958 485 998 Da
505 970 620 998 nunc
640 958 780 1007 basia,
802 958 882 999 sed
903 958 1180 999 Catulliana:

411 1024 527 1074 Quae
550 1026 588 1066 si
608 1030 676 1066 tot
695 1025 873 1076 fuerint,
898 1031 1006 1080 quot
1026 1027 1098 1067 ille
1123 1027 1250 1077 dixit,
1694 1028 1751 1070 15

410 1094 601 1135 Donabo
622 1094 703 1134 tibi
725 1107 947 1148 passerem
971 1094 1150 1137 Catulli.

295 1203 483 1234 Anxietates
497 1202 632 1242 pallidae,
646 1202 778 1233 recedite
802 1203 872 1233 hinc
887 1203 998 1241 longe.-
1021 1203 1180 1242 loquamur
1196 1201 1342 1243 quicquid
1364 1203 1483 1235 venerit
1499 1204 1532 1234 in
1549 1203 1672 1235 buccam
1686 1205 1753 1236 sine

297 1247 408 1277 tetrica
423 1245 622 1284 cogitatione.
669 1246 699 1275 O
717 1255 816 1282 serre,
831 1246 933 1282 funde
949 1246 1094 1276 dimidios
1110 1247 1249 1284 trientes,
1271 1247 1375 1286 quales
1383 1246 1538 1284 fundebat
1553 1247 1755 1289 Pythagor&

298 1290 437 1320 Neroni.-
463 1289 493 1319 0
511 1289 677 1329 Dindyme,
691 1288 792 1326 funde
806 1290 858 1318 sed
867 1287 1109 1327 frequentiores.
1156 1289 1224 1326 Ego
1239 1290 1339 1320 siccus
1354 1290 1563 1330 nihilpossum
1578 1290 1729 1321 scribere
1744 1301 1753 1321 ι

295 1332 467 1372 quindecim
481 1332 579 1371 poetae
595 1331 774 1362 subvenient
799 1331 875 1361 mihi
901 1331 1036 1370 potanti.
1085 1332 1175 1362 Nunc
1196 1331 1259 1362 liba
1274 1333 1390 1371 oscula,
1404 1334 1458 1364 sed
1478 1333 1671 1373 Catulliana,
1685 1343 1754 1374 quoe

295 1375 324 1405 si
340 1379 385 1406 tot
394 1375 518 1414 fuerint
535 1378 607 1415 quot
622 1374 706 1405 dixit
721 1375 781 1414 ille,
798 1374 874 1405 dabo
892 1374 949 1404 tibi
960 1384 1115 1413 passerem
1131 1375 1260 1405 Catulli.

953 1447 1092 1479 NOTAE

338 1523 355 1549 5
383 1516 511 1556 Risistz']
536 1516 617 1547 Risu
639 1515 835 1547 consentire
862 1514 932 1545 visa
949 1524 997 1545 es.
1052 1513 1188 1553 nabins,
1202 1514 1324 1546 Calens
1335 1524 1429 1546 mero
1442 1513 1582 1546 fundam
1594 1517 1758 1556 carmina,

297 1570 354 1600 De
372 1568 551 1599 trientibus
569 1566 661 1598 alibi.
1053 1572 1088 1597 et
1105 1567 1292 1607 exprimam
1306 1567 1438 1608 ingenia
1451 1567 1644 1609 quindecim
1657 1568 1756 1600 simul

340 1623 380 1651 10
406 1617 620 1660 Pythagoras]
644 1618 707 1649 Cui
731 1618 764 1649 in
791 1617 927 1648 modum
951 1626 1000 1647 so·
1053 1617 1242 1658 poetarum.

294 1671 446 1703 lenuium
475 1669 706 1709 conjugiorum
742 1669 857 1709 nupsit
895 1668 1000 1708 Nero,
1097 1671 1137 1698 16
1154 1668 1284 1699 Donabo
1307 1669 1380 1709 tibi]
1405 1669 1613 1709 Compouam
1640 1679 1756 1701 versus

293 1722 431 1754 Tacitus
446 1720 505 1751 lib.
523 1729 584 1750 xv.
609 1718 803 1750 Annalium.
1056 1729 1124 1749 non
1145 1720 1252 1751 minus
1269 1724 1384 1760 gratos
1402 1720 1442 1751 iis
1459 1730 1542 1761 quos
1560 1720 1601 1751 de
1618 1730 1756 1762 passere

341 1775 379 1803 1⁴2
418 1771 562 1812 Bibenti]
587 1771 664 1802 Hoc
693 1775 755 1811 est,
782 1770 891 1811 inquit
919 1770 1000 1801 Far·
1056 1771 1191 1802 Lesbiae
1208 1771 1347 1813 scripsit
1363 1771 1531 1803 Catullus.

848 1988 914 2016 AD
951 1987 1206 2017 PAULLAM.

297 2059 400 2099 JAM
426 2061 543 2098 certe
563 2057 743 2110 stupido
760 2069 843 2096 non
866 2056 1003 2105 dices,
1026 2055 1202 2105 Paulla,
1226 2057 1399 2106 marito,

356 2125 430 2165 Ad
452 2125 675 2165 moechum
699 2124 870 2177 quoties
891 2123 1067 2175 longius
1090 2124 1151 2164 ire
1172 2124 1313 2173 voles,

299 2191 452 2234 Caesar
472 2194 517 2234 in
538 2192 762 2233 Albanum
778 2192 915 2245 jussit
933 2204 1001 2231 me
1021 2204 1149 2231 mane
1173 2191 1333 2241 venire,

357 2261 510 2302 Caesar
531 2260 753 2301 Circeios:
777 2259 872 2313 jam
896 2259 1076 2312 stropha
1098 2259 1197 2299 talis
1216 2259 1317 2299 abit.

342 2360 373 2391 O
391 2360 518 2398 Paullo,
535 2360 653 2399 quoties
669 2360 748 2390 voles
768 2358 890 2397 longius
907 2359 952 2389 ire
968 2358 1007 2388 ad
1023 2358 1208 2396 adulterum,
1219 2358 1283 2398 jam
1301 2368 1374 2389 sane
1390 2369 1448 2389 non
1465 2359 1546 2390 dices
1562 2360 1662 2391 hebeti
1678 2361 1758 2399 viro,

301 2404 408 2434 Caesar
423 2403 589 2444 imperavit
606 2412 693 2433 mane
716 2412 764 2433 me
779 2403 866 2432 adire
880 2401 1048 2439 Albanum,
1066 2406 1123 2431 aut
1142 2401 1292 2433 Circeios.
1338 2403 1413 2432 Jam
1431 2404 1504 2433 talis
1519 2404 1606 2434 dolus
1619 2404 1758 2436 sublatus

912 2475 1046 2486 “eoo-et
1051 2475 1124 2485 ecto
1130 2475 1145 2484 ο

340 2525 360 2553 4
387 2521 523 2552 Circaeos
541 2519 622 2552 Ald.
638 2520 735 2552 Jnnt.
754 2519 863 2551 Colin.
905 2519 915 2534 ⁴
930 2519 1067 2550 Circeios
1090 2519 1243 2560 reposuit
1270 2520 1407 2559 Junius,
1431 2524 1467 2552 et
1497 2521 1643 2561 Circam,
1667 2523 1754 2564 quod

959 2597 1097 2629 NOTAE

344 2665 359 2692 l
391 2660 521 2700 Paullo]
557 2661 611 2692 De
639 2670 705 2701 qua
730 2661 802 2701 jam
829 2661 928 2702 Epig.
943 2664 996 2693 75.
1050 2661 1187 2700 bantur,
1204 2662 1304 2703 Epig.
1318 2665 1347 2694 1.
1365 2662 1424 2694 lib.
1440 2672 1489 2694 lv.
1504 2663 1553 2694 ire
1571 2672 1606 2694 se
1621 2664 1758 2696 dicebat

297 2713 353 2744 lib.
375 2721 397 2743 1.
1052 2712 1193 2743 Panna:
1213 2718 1348 2744 mortuo
1360 2718 1474 2745 autem
1486 2714 1682 2746 Domitiano
1693 2716 1756 2747 hoc

342 2766 360 2794 3
388 2762 510 2803 Coesnr]
534 2762 765 2801 Domitianus,
789 2762 882 2803 cujus
903 2763 998 2802 jussu
1054 2768 1250 2804 praetexere
1268 2763 1447 2805 nequibat.

298 2816 332 2846 in
347 2813 598 2854 Albanu1n,ubi
614 2813 834 2855 quinquatria
845 2814 999 2845 celebra-
1098 2817 1117 2845 >1
1144 2813 1301 2854 Cerceios]
1326 2815 1603 2847 Promontorinm
1631 2817 1732 2848 Latii.
