<?xml version="1.0" encoding="UTF-8"?>
<!DOCTYPE html PUBLIC "-//W3C//DTD XHTML 1.0 Transitional//EN"
    "http://www.w3.org/TR/xhtml1/DTD/xhtml1-transitional.dtd">
<html xmlns="http://www.w3.org/1999/xhtml" xml:lang="en" lang="en">
 <head>
  <title>
</title>
<meta http-equiv="Content-Type" content="text/html;charset=utf-8" />
  <meta name='ocr-system' content='tesseract 3.04.00' />
  <meta name='ocr-capabilities' content='ocr_page ocr_carea ocr_par ocr_line ocrx_word'/>
</head>
<body>
  <div class='ocr_page' id='page_1' title='image "./epigrammataexedi02martuoft_0517.png"; bbox 0 0 1893 3225; ppageno 0'>
   <div class='ocr_carea' id='block_1_1' title="bbox 493 227 1023 259">
    <p class='ocr_par' dir='ltr' id='par_1_1' title="bbox 493 227 1023 259">
     <span class='ocr_line' id='line_1_1' title="bbox 493 227 1023 259; baseline 0 -1"><span class='ocrx_word' id='word_1_1' title='bbox 493 228 598 259; x_wconf 78' lang='lat' dir='ltr'>EPIG</span> <span class='ocrx_word' id='word_1_2' title='bbox 610 228 709 258; x_wconf 76' lang='grc' dir='ltr'>ΒΑΜ</span> <span class='ocrx_word' id='word_1_3' title='bbox 722 228 897 259; x_wconf 77' lang='grc' dir='ltr'>ΜΛΤυΜ</span> <span class='ocrx_word' id='word_1_4' title='bbox 932 227 1023 258; x_wconf 66' lang='grc' dir='ltr'>[ΑΒ.</span> 
     </span>
    </p>
   </div>
   <div class='ocr_carea' id='block_1_2' title="bbox 1056 220 1571 261">
    <p class='ocr_par' dir='ltr' id='par_1_2' title="bbox 1056 220 1571 261">
     <span class='ocr_line' id='line_1_2' title="bbox 1056 220 1571 261; baseline 0.01 -5"><span class='ocrx_word' id='word_1_5' title='bbox 1056 227 1086 257; x_wconf 84' lang='lat' dir='ltr'>x</span> <span class='ocrx_word' id='word_1_6' title='bbox 1099 228 1109 257; x_wconf 90' lang='grc' dir='ltr'>ι</span> <span class='ocrx_word' id='word_1_7' title='bbox 1121 229 1160 256; x_wconf 79' lang='lat' dir='ltr'>v.</span> <span class='ocrx_word' id='word_1_8' title='bbox 1460 220 1571 261; x_wconf 78' lang='lat'>1005</span> 
     </span>
    </p>
   </div>
   <div class='ocr_carea' id='block_1_3' title="bbox 699 361 977 482">
    <p class='ocr_par' dir='ltr' id='par_1_3' title="bbox 699 361 977 482">
     <span class='ocr_line' id='line_1_3' title="bbox 801 361 879 402; baseline -0.013 0"><span class='ocrx_word' id='word_1_9' title='bbox 801 361 879 402; x_wconf 91' lang='lat' dir='ltr'>LI.</span> 
     </span>
     <span class='ocr_line' id='line_1_4' title="bbox 699 450 977 482; baseline 0 0"><span class='ocrx_word' id='word_1_10' title='bbox 699 450 977 482; x_wconf 68' lang='lat' dir='ltr'>srmeimzs.</span> 
     </span>
    </p>
   </div>
   <div class='ocr_carea' id='block_1_4' title="bbox 111 519 1280 644">
    <p class='ocr_par' dir='ltr' id='par_1_4' title="bbox 111 519 1280 644">
     <span class='ocr_line' id='line_1_5' title="bbox 111 519 1280 575; baseline 0 -12"><span class='ocrx_word' id='word_1_11' title='bbox 111 521 390 563; x_wconf 80' lang='lat' dir='ltr'><strong>PERGAMUS</strong></span> <span class='ocrx_word' id='word_1_12' title='bbox 411 521 492 562; x_wconf 85' lang='lat' dir='ltr'>has</span> <span class='ocrx_word' id='word_1_13' title='bbox 512 520 654 562; x_wconf 81' lang='lat' dir='ltr'>misit:</span> <span class='ocrx_word' id='word_1_14' title='bbox 687 533 824 561; x_wconf 90' lang='lat' dir='ltr'>curvo</span> <span class='ocrx_word' id='word_1_15' title='bbox 849 519 1112 575; x_wconf 81' lang='lat' dir='ltr'>destringere</span> <span class='ocrx_word' id='word_1_16' title='bbox 1134 521 1249 563; x_wconf 82' lang='lat' dir='ltr'>ferro</span> <span class='ocrx_word' id='word_1_17' title='bbox 1269 535 1280 573; x_wconf 90' lang='lat'>;</span> 
     </span>
     <span class='ocr_line' id='line_1_6' title="bbox 167 587 1052 644; baseline -0.003 -12"><span class='ocrx_word' id='word_1_18' title='bbox 167 590 273 632; x_wconf 90' lang='lat' dir='ltr'>Non</span> <span class='ocrx_word' id='word_1_19' title='bbox 294 595 382 631; x_wconf 82' lang='lat' dir='ltr'>tam</span> <span class='ocrx_word' id='word_1_20' title='bbox 403 602 526 644; x_wconf 86' lang='lat' dir='ltr'>saepe</span> <span class='ocrx_word' id='word_1_21' title='bbox 545 593 657 631; x_wconf 88' lang='lat' dir='ltr'>teret</span> <span class='ocrx_word' id='word_1_22' title='bbox 674 589 812 630; x_wconf 84' lang='lat' dir='ltr'>lintea</span> <span class='ocrx_word' id='word_1_23' title='bbox 826 587 936 629; x_wconf 83' lang='lat' dir='ltr'>fullo</span> <span class='ocrx_word' id='word_1_24' title='bbox 956 589 1052 630; x_wconf 91' lang='lat' dir='ltr'>tibi.</span> 
     </span>
    </p>
   </div>
   <div class='ocr_carea' id='block_1_5' title="bbox 152 693 1568 736">
    <p class='ocr_par' dir='ltr' id='par_1_5' title="bbox 152 693 1568 736">
     <span class='ocr_line' id='line_1_7' title="bbox 152 693 1568 736; baseline 0.001 -10"><span class='ocrx_word' id='word_1_25' title='bbox 152 695 216 726; x_wconf 84' lang='lat' dir='ltr'>Hae</span> <span class='ocrx_word' id='word_1_26' title='bbox 230 696 335 727; x_wconf 78' lang='lat' dir='ltr'>ollatae</span> <span class='ocrx_word' id='word_1_27' title='bbox 356 700 427 728; x_wconf 82' lang='lat' dir='ltr'>sunt</span> <span class='ocrx_word' id='word_1_28' title='bbox 444 696 598 736; x_wconf 83' lang='lat' dir='ltr'>Pergamo</span> <span class='ocrx_word' id='word_1_29' title='bbox 607 705 619 732; x_wconf 92' lang='lat'>‚·</span> <span class='ocrx_word' id='word_1_30' title='bbox 639 695 714 726; x_wconf 82' lang='lat' dir='ltr'>rade</span> <span class='ocrx_word' id='word_1_31' title='bbox 730 702 854 734; x_wconf 88' lang='lat' dir='ltr'>corpus</span> <span class='ocrx_word' id='word_1_32' title='bbox 875 693 966 732; x_wconf 78' lang='lat' dir='ltr'>ferro</span> <span class='ocrx_word' id='word_1_33' title='bbox 981 704 1075 726; x_wconf 79' lang='lat' dir='ltr'>curvo</span> <span class='ocrx_word' id='word_1_34' title='bbox 1087 706 1098 731; x_wconf 90' lang='lat'><em>;</em></span> <span class='ocrx_word' id='word_1_35' title='bbox 1113 695 1196 733; x_wconf 85' lang='lat' dir='ltr'>fullo</span> <span class='ocrx_word' id='word_1_36' title='bbox 1211 704 1272 726; x_wconf 79' lang='lat' dir='ltr'>non</span> <span class='ocrx_word' id='word_1_37' title='bbox 1288 699 1352 726; x_wconf 69' lang='lat' dir='ltr'>tam</span> <span class='ocrx_word' id='word_1_38' title='bbox 1367 696 1473 728; x_wconf 79' lang='lat' dir='ltr'>crebro</span> <span class='ocrx_word' id='word_1_39' title='bbox 1489 698 1568 729; x_wconf 75' lang='lat' dir='ltr'>eluet</span> 
     </span>
    </p>
   </div>
   <div class='ocr_carea' id='block_1_6' title="bbox 109 739 287 770">
    <p class='ocr_par' dir='ltr' id='par_1_6' title="bbox 109 739 287 770">
     <span class='ocr_line' id='line_1_8' title="bbox 109 739 287 770; baseline 0.006 -1"><span class='ocrx_word' id='word_1_40' title='bbox 109 741 164 769; x_wconf 85' lang='lat' dir='ltr'>tua</span> <span class='ocrx_word' id='word_1_41' title='bbox 178 739 287 770; x_wconf 80' lang='lat' dir='ltr'>lintea.</span> 
     </span>
    </p>
   </div>
   <div class='ocr_carea' id='block_1_7' title="bbox 718 789 913 802">
    <p class='ocr_par' dir='ltr' id='par_1_7' title="bbox 718 789 913 802">
     <span class='ocr_line' id='line_1_9' title="bbox 718 789 913 802; baseline 0 2423"><span class='ocrx_word' id='word_1_42' title='bbox 718 789 913 802; x_wconf 95' lang='lat' dir='ltr'> </span> 
     </span>
    </p>
   </div>
   <div class='ocr_carea' id='block_1_8' title="bbox 915 790 954 801">
    <p class='ocr_par' dir='ltr' id='par_1_8' title="bbox 915 790 954 801">
     <span class='ocr_line' id='line_1_10' title="bbox 915 790 954 801; baseline 0 0"><span class='ocrx_word' id='word_1_43' title='bbox 915 790 954 801; x_wconf 67' lang='grc' dir='ltr'>Ν</span> 
     </span>
    </p>
   </div>
   <div class='ocr_carea' id='block_1_9' title="bbox 152 833 1567 876">
    <p class='ocr_par' dir='ltr' id='par_1_9' title="bbox 152 833 1567 876">
     <span class='ocr_line' id='line_1_11' title="bbox 152 833 1567 876; baseline 0.001 -10"><span class='ocrx_word' id='word_1_44' title='bbox 152 837 169 865; x_wconf 89' lang='lat' dir='ltr'>l</span> <span class='ocrx_word' id='word_1_45' title='bbox 194 835 373 874; x_wconf 83' lang='lat' dir='ltr'>Pergamon</span> <span class='ocrx_word' id='word_1_46' title='bbox 388 835 531 867; x_wconf 84' lang='lat' dir='ltr'>Gruter.</span> <span class='ocrx_word' id='word_1_47' title='bbox 544 844 563 866; x_wconf 87' lang='lat' dir='ltr'>e</span> <span class='ocrx_word' id='word_1_48' title='bbox 579 835 648 867; x_wconf 82' lang='lat' dir='ltr'>Ms.</span> <span class='ocrx_word' id='word_1_49' title='bbox 671 835 781 867; x_wconf 82' lang='lat' dir='ltr'>Destr.</span> <span class='ocrx_word' id='word_1_50' title='bbox 796 833 872 866; x_wconf 82' lang='lat' dir='ltr'>cod.</span> <span class='ocrx_word' id='word_1_51' title='bbox 887 834 922 866; x_wconf 90' lang='lat' dir='ltr'>in</span> <span class='ocrx_word' id='word_1_52' title='bbox 938 844 1045 876; x_wconf 87' lang='lat' dir='ltr'>marg.</span> <span class='ocrx_word' id='word_1_53' title='bbox 1062 834 1116 867; x_wconf 87' lang='lat' dir='ltr'>ed.</span> <span class='ocrx_word' id='word_1_54' title='bbox 1131 834 1216 867; x_wconf 88' lang='lat' dir='ltr'>Par.</span> <span class='ocrx_word' id='word_1_55' title='bbox 1235 837 1329 867; x_wconf 88' lang='grc'>1617.</span> <span class='ocrx_word' id='word_1_56' title='bbox 1368 835 1474 868; x_wconf 78' lang='grc' dir='ltr'><em>Βὶειν.</em></span> <span class='ocrx_word' id='word_1_57' title='bbox 1488 837 1567 868; x_wconf 83' lang='lat' dir='ltr'>edd.</span> 
     </span>
    </p>
   </div>
   <div class='ocr_carea' id='block_1_10' title="bbox 151 920 1018 1028">
    <p class='ocr_par' dir='ltr' id='par_1_10' title="bbox 151 920 1018 1028">
     <span class='ocr_line' id='line_1_12' title="bbox 756 920 902 953; baseline -0.007 0"><span class='ocrx_word' id='word_1_58' title='bbox 756 920 902 953; x_wconf 86' lang='lat' dir='ltr'>NOTAE</span> 
     </span>
     <span class='ocr_line' id='line_1_13' title="bbox 151 986 1018 1028; baseline 0.001 -11"><span class='ocrx_word' id='word_1_59' title='bbox 151 989 167 1016; x_wconf 96' lang='lat' dir='ltr'>l</span> <span class='ocrx_word' id='word_1_60' title='bbox 193 986 384 1027; x_wconf 78' lang='lat' dir='ltr'>Pergamus]</span> <span class='ocrx_word' id='word_1_61' title='bbox 416 986 508 1018; x_wconf 90' lang='lat' dir='ltr'>Urbs</span> <span class='ocrx_word' id='word_1_62' title='bbox 533 986 625 1018; x_wconf 87' lang='lat' dir='ltr'>Asiae</span> <span class='ocrx_word' id='word_1_63' title='bbox 652 986 808 1028; x_wconf 85' lang='lat' dir='ltr'>Minoris,</span> <span class='ocrx_word' id='word_1_64' title='bbox 862 986 1018 1028; x_wconf 80' lang='lat' dir='ltr'>passivae.</span> 
     </span>
    </p>
   </div>
   <div class='ocr_carea' id='block_1_11' title="bbox 106 878 604 919">
    <p class='ocr_par' dir='ltr' id='par_1_11' title="bbox 106 878 604 919">
     <span class='ocr_line' id='line_1_14' title="bbox 106 878 604 919; baseline 0.002 -10"><span class='ocrx_word' id='word_1_65' title='bbox 106 882 193 910; x_wconf 88' lang='lat' dir='ltr'>vett.</span> <span class='ocrx_word' id='word_1_66' title='bbox 209 884 245 909; x_wconf 86' lang='lat' dir='ltr'>et</span> <span class='ocrx_word' id='word_1_67' title='bbox 260 879 386 919; x_wconf 88' lang='lat' dir='ltr'>Delph.</span> <span class='ocrx_word' id='word_1_68' title='bbox 404 882 441 910; x_wconf 91' lang='lat' dir='ltr'>et</span> <span class='ocrx_word' id='word_1_69' title='bbox 458 878 604 910; x_wconf 72' lang='lat' dir='ltr'>Far-nab.</span> 
     </span>
    </p>
   </div>
   <div class='ocr_carea' id='block_1_12' title="bbox 103 1035 811 1332">
    <p class='ocr_par' dir='ltr' id='par_1_12' title="bbox 103 1035 811 1332">
     <span class='ocr_line' id='line_1_15' title="bbox 105 1035 807 1079; baseline 0.006 -13"><span class='ocrx_word' id='word_1_70' title='bbox 105 1035 141 1066; x_wconf 91' lang='lat' dir='ltr'>in</span> <span class='ocrx_word' id='word_1_71' title='bbox 155 1046 223 1077; x_wconf 90' lang='lat' dir='ltr'>qua</span> <span class='ocrx_word' id='word_1_72' title='bbox 237 1035 492 1069; x_wconf 82' lang='lat' dir='ltr'>fabricabantur</span> <span class='ocrx_word' id='word_1_73' title='bbox 506 1037 668 1079; x_wconf 83' lang='lat' dir='ltr'>strigiles,</span> <span class='ocrx_word' id='word_1_74' title='bbox 684 1038 807 1070; x_wconf 90' lang='lat' dir='ltr'>instru-</span> 
     </span>
     <span class='ocr_line' id='line_1_16' title="bbox 104 1088 810 1130; baseline 0.006 -13"><span class='ocrx_word' id='word_1_75' title='bbox 104 1091 222 1118; x_wconf 87' lang='lat' dir='ltr'>menta</span> <span class='ocrx_word' id='word_1_76' title='bbox 239 1088 374 1120; x_wconf 88' lang='lat' dir='ltr'>scilicet</span> <span class='ocrx_word' id='word_1_77' title='bbox 390 1088 528 1130; x_wconf 81' lang='lat' dir='ltr'>quibuS,</span> <span class='ocrx_word' id='word_1_78' title='bbox 541 1093 722 1130; x_wconf 86' lang='lat' dir='ltr'>antequam</span> <span class='ocrx_word' id='word_1_79' title='bbox 738 1089 810 1121; x_wconf 90' lang='lat' dir='ltr'>bal-</span> 
     </span>
     <span class='ocr_line' id='line_1_17' title="bbox 104 1138 811 1181; baseline 0.004 -13"><span class='ocrx_word' id='word_1_80' title='bbox 104 1146 170 1169; x_wconf 88' lang='lat' dir='ltr'>nea</span> <span class='ocrx_word' id='word_1_81' title='bbox 203 1138 481 1179; x_wconf 84' lang='lat' dir='ltr'>ingrederentur,</span> <span class='ocrx_word' id='word_1_82' title='bbox 516 1139 661 1181; x_wconf 86' lang='lat' dir='ltr'>Antiqui</span> <span class='ocrx_word' id='word_1_83' title='bbox 698 1144 811 1172; x_wconf 89' lang='lat' dir='ltr'>cutem</span> 
     </span>
     <span class='ocr_line' id='line_1_18' title="bbox 105 1187 811 1232; baseline 0.006 -14"><span class='ocrx_word' id='word_1_84' title='bbox 105 1187 285 1220; x_wconf 83' lang='lat' dir='ltr'>radebant.</span> <span class='ocrx_word' id='word_1_85' title='bbox 330 1190 471 1220; x_wconf 84' lang='lat' dir='ltr'>Persius</span> <span class='ocrx_word' id='word_1_86' title='bbox 494 1190 567 1221; x_wconf 90' lang='lat' dir='ltr'>Sat.</span> <span class='ocrx_word' id='word_1_87' title='bbox 596 1200 631 1222; x_wconf 90' lang='lat' dir='ltr'>v.</span> <span class='ocrx_word' id='word_1_88' title='bbox 653 1191 661 1207; x_wconf 91' lang='lat'>‘</span> <span class='ocrx_word' id='word_1_89' title='bbox 675 1191 692 1222; x_wconf 94' lang='lat' dir='ltr'><strong>I</strong></span> <span class='ocrx_word' id='word_1_90' title='bbox 712 1201 811 1232; x_wconf 85' lang='lat' dir='ltr'>puer,</span> 
     </span>
     <span class='ocr_line' id='line_1_19' title="bbox 103 1239 791 1281; baseline 0.006 -12"><span class='ocrx_word' id='word_1_91' title='bbox 103 1243 139 1270; x_wconf 88' lang='lat' dir='ltr'>et</span> <span class='ocrx_word' id='word_1_92' title='bbox 152 1239 298 1280; x_wconf 87' lang='lat' dir='ltr'>strigiles</span> <span class='ocrx_word' id='word_1_93' title='bbox 311 1240 459 1281; x_wconf 79' lang='lat' dir='ltr'>CrispIni</span> <span class='ocrx_word' id='word_1_94' title='bbox 474 1240 517 1271; x_wconf 89' lang='lat' dir='ltr'>ad</span> <span class='ocrx_word' id='word_1_95' title='bbox 534 1240 654 1272; x_wconf 88' lang='lat' dir='ltr'>balnea</span> <span class='ocrx_word' id='word_1_96' title='bbox 669 1240 791 1273; x_wconf 85' lang='lat' dir='ltr'>defer.’</span> 
     </span>
     <span class='ocr_line' id='line_1_20' title="bbox 147 1289 810 1332; baseline 0.006 -12"><span class='ocrx_word' id='word_1_97' title='bbox 147 1289 372 1332; x_wconf 81' lang='lat' dir='ltr'>Destringere]</span> <span class='ocrx_word' id='word_1_98' title='bbox 394 1290 622 1332; x_wconf 88' lang='lat' dir='ltr'>Imperativus</span> <span class='ocrx_word' id='word_1_99' title='bbox 648 1297 703 1324; x_wconf 89' lang='lat' dir='ltr'>est</span> <span class='ocrx_word' id='word_1_100' title='bbox 718 1292 810 1324; x_wconf 84' lang='lat' dir='ltr'>vocis</span> 
     </span>
    </p>
   </div>
   <div class='ocr_carea' id='block_1_13' title="bbox 862 1036 1569 1334">
    <p class='ocr_par' dir='ltr' id='par_1_13' title="bbox 862 1036 1569 1334">
     <span class='ocr_line' id='line_1_21' title="bbox 905 1036 1568 1080; baseline 0.003 -12"><span class='ocrx_word' id='word_1_101' title='bbox 905 1040 925 1069; x_wconf 86' lang='lat'><strong>2</strong></span> <span class='ocrx_word' id='word_1_102' title='bbox 948 1037 1022 1068; x_wconf 81' lang='lat' dir='ltr'>Non</span> <span class='ocrx_word' id='word_1_103' title='bbox 1047 1038 1128 1078; x_wconf 81' lang='lat' dir='ltr'>tam]</span> <span class='ocrx_word' id='word_1_104' title='bbox 1161 1036 1239 1068; x_wconf 89' lang='lat' dir='ltr'>Hoc</span> <span class='ocrx_word' id='word_1_105' title='bbox 1269 1042 1341 1069; x_wconf 87' lang='lat' dir='ltr'>est:</span> <span class='ocrx_word' id='word_1_106' title='bbox 1379 1038 1415 1069; x_wconf 92' lang='lat' dir='ltr'>Si</span> <span class='ocrx_word' id='word_1_107' title='bbox 1444 1047 1568 1080; x_wconf 84' lang='lat' dir='ltr'>corpus</span> 
     </span>
     <span class='ocr_line' id='line_1_22' title="bbox 864 1088 1568 1130; baseline 0.001 -11"><span class='ocrx_word' id='word_1_108' title='bbox 864 1088 1054 1130; x_wconf 81' lang='lat' dir='ltr'>strigilibus</span> <span class='ocrx_word' id='word_1_109' title='bbox 1079 1088 1168 1120; x_wconf 80' lang='lat' dir='ltr'>bene</span> <span class='ocrx_word' id='word_1_110' title='bbox 1195 1089 1426 1128; x_wconf 84' lang='lat' dir='ltr'>distrinxeris,</span> <span class='ocrx_word' id='word_1_111' title='bbox 1447 1089 1480 1120; x_wconf 92' lang='lat' dir='ltr'>in</span> <span class='ocrx_word' id='word_1_112' title='bbox 1499 1090 1568 1120; x_wconf 83' lang='lat' dir='ltr'>bal-</span> 
     </span>
     <span class='ocr_line' id='line_1_23' title="bbox 863 1140 1568 1182; baseline 0.001 -11"><span class='ocrx_word' id='word_1_113' title='bbox 863 1150 928 1171; x_wconf 89' lang='lat' dir='ltr'>neo</span> <span class='ocrx_word' id='word_1_114' title='bbox 953 1141 1062 1172; x_wconf 88' lang='lat' dir='ltr'>minus</span> <span class='ocrx_word' id='word_1_115' title='bbox 1086 1140 1280 1182; x_wconf 87' lang='lat' dir='ltr'>inquinabis</span> <span class='ocrx_word' id='word_1_116' title='bbox 1304 1140 1423 1180; x_wconf 84' lang='lat' dir='ltr'>lintea,</span> <span class='ocrx_word' id='word_1_117' title='bbox 1448 1141 1568 1182; x_wconf 87' lang='lat' dir='ltr'>quibus</span> 
     </span>
     <span class='ocr_line' id='line_1_24' title="bbox 863 1190 1567 1232; baseline 0 -10"><span class='ocrx_word' id='word_1_118' title='bbox 863 1194 900 1222; x_wconf 86' lang='lat' dir='ltr'>te</span> <span class='ocrx_word' id='word_1_119' title='bbox 936 1190 1138 1231; x_wconf 82' lang='lat' dir='ltr'>absterges;</span> <span class='ocrx_word' id='word_1_120' title='bbox 1173 1195 1277 1232; x_wconf 84' lang='lat' dir='ltr'>atque</span> <span class='ocrx_word' id='word_1_121' title='bbox 1313 1190 1363 1222; x_wconf 87' lang='lat' dir='ltr'>ita</span> <span class='ocrx_word' id='word_1_122' title='bbox 1400 1200 1466 1221; x_wconf 88' lang='lat' dir='ltr'>non</span> <span class='ocrx_word' id='word_1_123' title='bbox 1498 1196 1567 1222; x_wconf 87' lang='lat' dir='ltr'>tam</span> 
     </span>
     <span class='ocr_line' id='line_1_25' title="bbox 863 1240 1569 1284; baseline 0 -12"><span class='ocrx_word' id='word_1_124' title='bbox 863 1251 957 1282; x_wconf 84' lang='lat' dir='ltr'>saepe</span> <span class='ocrx_word' id='word_1_125' title='bbox 967 1240 1106 1273; x_wconf 86' lang='lat' dir='ltr'>fullonis</span> <span class='ocrx_word' id='word_1_126' title='bbox 1116 1251 1221 1282; x_wconf 88' lang='lat' dir='ltr'>opera</span> <span class='ocrx_word' id='word_1_127' title='bbox 1232 1241 1410 1284; x_wconf 83' lang='lat' dir='ltr'>indigebis,</span> <span class='ocrx_word' id='word_1_128' title='bbox 1421 1242 1476 1284; x_wconf 87' lang='lat' dir='ltr'>qui</span> <span class='ocrx_word' id='word_1_129' title='bbox 1491 1252 1569 1283; x_wconf 84' lang='lat' dir='ltr'>pur-</span> 
     </span>
     <span class='ocr_line' id='line_1_26' title="bbox 862 1292 1325 1334; baseline 0.002 -11"><span class='ocrx_word' id='word_1_130' title='bbox 862 1297 922 1334; x_wconf 90' lang='lat' dir='ltr'>get</span> <span class='ocrx_word' id='word_1_131' title='bbox 935 1297 1049 1324; x_wconf 89' lang='lat' dir='ltr'>vestes</span> <span class='ocrx_word' id='word_1_132' title='bbox 1064 1292 1325 1324; x_wconf 83' lang='lat' dir='ltr'>contaminatas.</span> 
     </span>
    </p>
   </div>
   <div class='ocr_carea' id='block_1_14' title="bbox 595 1411 1072 1534">
    <p class='ocr_par' dir='ltr' id='par_1_14' title="bbox 595 1411 1072 1534">
     <span class='ocr_line' id='line_1_27' title="bbox 783 1411 889 1453; baseline 0 0"><span class='ocrx_word' id='word_1_133' title='bbox 783 1411 889 1453; x_wconf 90' lang='lat' dir='ltr'>LII.</span> 
     </span>
     <span class='ocr_line' id='line_1_28' title="bbox 595 1502 1072 1534; baseline -0.004 -1"><span class='ocrx_word' id='word_1_134' title='bbox 595 1502 791 1533; x_wconf 85' lang='lat' dir='ltr'>GUTTUS</span> <span class='ocrx_word' id='word_1_135' title='bbox 825 1502 1072 1534; x_wconf 82' lang='lat' dir='ltr'>coRNEUS.</span> 
     </span>
    </p>
   </div>
   <div class='ocr_carea' id='block_1_15' title="bbox 217 1569 1135 1693">
    <p class='ocr_par' dir='ltr' id='par_1_15' title="bbox 217 1569 1135 1693">
     <span class='ocr_line' id='line_1_29' title="bbox 219 1569 1135 1625; baseline 0 -14"><span class='ocrx_word' id='word_1_136' title='bbox 219 1569 478 1611; x_wconf 80' lang='lat' dir='ltr'>GESTAVIT</span> <span class='ocrx_word' id='word_1_137' title='bbox 498 1569 628 1611; x_wconf 92' lang='lat' dir='ltr'>modo</span> <span class='ocrx_word' id='word_1_138' title='bbox 648 1571 791 1612; x_wconf 86' lang='lat' dir='ltr'>fronte</span> <span class='ocrx_word' id='word_1_139' title='bbox 813 1584 882 1612; x_wconf 88' lang='lat' dir='ltr'>me</span> <span class='ocrx_word' id='word_1_140' title='bbox 896 1571 1135 1625; x_wconf 85' lang='lat' dir='ltr'>juvencus.</span> 
     </span>
     <span class='ocr_line' id='line_1_30' title="bbox 217 1638 991 1693; baseline -0.001 -14"><span class='ocrx_word' id='word_1_141' title='bbox 217 1638 387 1680; x_wconf 82' lang='lat' dir='ltr'>Verum</span> <span class='ocrx_word' id='word_1_142' title='bbox 407 1638 687 1680; x_wconf 83' lang='lat' dir='ltr'>rhinocerota</span> <span class='ocrx_word' id='word_1_143' title='bbox 705 1652 775 1679; x_wconf 90' lang='lat' dir='ltr'>me</span> <span class='ocrx_word' id='word_1_144' title='bbox 797 1639 991 1693; x_wconf 82' lang='lat' dir='ltr'>putabis.</span> 
     </span>
    </p>
   </div>
   <div class='ocr_carea' id='block_1_16' title="bbox 149 1743 1462 1785">
    <p class='ocr_par' dir='ltr' id='par_1_16' title="bbox 149 1743 1462 1785">
     <span class='ocr_line' id='line_1_31' title="bbox 149 1743 1462 1785; baseline 0 -10"><span class='ocrx_word' id='word_1_145' title='bbox 149 1744 250 1775; x_wconf 77' lang='lat' dir='ltr'>Paulo</span> <span class='ocrx_word' id='word_1_146' title='bbox 264 1748 337 1775; x_wconf 81' lang='lat' dir='ltr'>ante</span> <span class='ocrx_word' id='word_1_147' title='bbox 353 1747 460 1775; x_wconf 75' lang='lat' dir='ltr'>taurus</span> <span class='ocrx_word' id='word_1_148' title='bbox 476 1753 521 1775; x_wconf 86' lang='lat' dir='ltr'>me</span> <span class='ocrx_word' id='word_1_149' title='bbox 536 1744 675 1785; x_wconf 77' lang='lat' dir='ltr'>portavit</span> <span class='ocrx_word' id='word_1_150' title='bbox 682 1744 811 1782; x_wconf 86' lang='lat' dir='ltr'>fronte:</span> <span class='ocrx_word' id='word_1_151' title='bbox 837 1743 1031 1775; x_wconf 80' lang='lat' dir='ltr'>existimabis</span> <span class='ocrx_word' id='word_1_152' title='bbox 1047 1754 1094 1776; x_wconf 81' lang='lat' dir='ltr'>me</span> <span class='ocrx_word' id='word_1_153' title='bbox 1110 1753 1213 1775; x_wconf 75' lang='lat' dir='ltr'>veram</span> <span class='ocrx_word' id='word_1_154' title='bbox 1229 1743 1433 1776; x_wconf 77' lang='lat' dir='ltr'>rhinocerota.</span> <span class='ocrx_word' id='word_1_155' title='bbox 1458 1772 1462 1775; x_wconf 88' lang='lat'>.</span> 
     </span>
    </p>
   </div>
   <div class='ocr_carea' id='block_1_17' title="bbox 713 1817 956 1829">
    <p class='ocr_par' dir='ltr' id='par_1_17' title="bbox 713 1817 956 1829">
     <span class='ocr_line' id='line_1_32' title="bbox 713 1817 956 1829; baseline 0 -1"><span class='ocrx_word' id='word_1_156' title='bbox 713 1818 811 1828; x_wconf 62' lang='grc' dir='ltr'><em>Μ</em></span> <span class='ocrx_word' id='word_1_157' title='bbox 814 1817 956 1829; x_wconf 60' lang='lat' dir='ltr'>eeeeeee</span> 
     </span>
    </p>
   </div>
   <div class='ocr_carea' id='block_1_18' title="bbox 146 1861 901 1970">
    <p class='ocr_par' dir='ltr' id='par_1_18' title="bbox 146 1861 901 1970">
     <span class='ocr_line' id='line_1_33' title="bbox 146 1861 868 1903; baseline -0.001 -9"><span class='ocrx_word' id='word_1_158' title='bbox 146 1865 167 1894; x_wconf 83' lang='lat'><strong>2</strong></span> <span class='ocrx_word' id='word_1_159' title='bbox 193 1861 331 1893; x_wconf 79' lang='lat' dir='ltr'>Putabas</span> <span class='ocrx_word' id='word_1_160' title='bbox 345 1862 411 1894; x_wconf 89' lang='lat' dir='ltr'>Ms.</span> <span class='ocrx_word' id='word_1_161' title='bbox 430 1862 463 1893; x_wconf 91' lang='lat' dir='ltr'>in</span> <span class='ocrx_word' id='word_1_162' title='bbox 477 1871 584 1903; x_wconf 85' lang='lat' dir='ltr'>marg.</span> <span class='ocrx_word' id='word_1_163' title='bbox 597 1861 654 1894; x_wconf 89' lang='lat' dir='ltr'>ed.</span> <span class='ocrx_word' id='word_1_164' title='bbox 671 1862 752 1893; x_wconf 89' lang='lat' dir='ltr'>Par.</span> <span class='ocrx_word' id='word_1_165' title='bbox 770 1865 868 1893; x_wconf 87' lang='grc'>1617.</span> 
     </span>
     <span class='ocr_line' id='line_1_34' title="bbox 761 1937 901 1970; baseline -0.007 0"><span class='ocrx_word' id='word_1_166' title='bbox 761 1937 901 1970; x_wconf 78' lang='lat' dir='ltr'><strong>NOTAE</strong></span> 
     </span>
    </p>
   </div>
   <div class='ocr_carea' id='block_1_19' title="bbox 99 1996 806 2344">
    <p class='ocr_par' dir='ltr' id='par_1_19' title="bbox 99 1996 806 2344">
     <span class='ocr_line' id='line_1_35' title="bbox 148 1996 806 2037; baseline -0.002 -8"><span class='ocrx_word' id='word_1_167' title='bbox 148 1997 281 2037; x_wconf 83' lang='lat' dir='ltr'>Guttus]</span> <span class='ocrx_word' id='word_1_168' title='bbox 302 1997 373 2028; x_wconf 84' lang='lat' dir='ltr'>Vas</span> <span class='ocrx_word' id='word_1_169' title='bbox 389 1996 525 2028; x_wconf 86' lang='lat' dir='ltr'>scilicet</span> <span class='ocrx_word' id='word_1_170' title='bbox 537 2005 579 2028; x_wconf 83' lang='lat' dir='ltr'>ex</span> <span class='ocrx_word' id='word_1_171' title='bbox 596 2006 701 2027; x_wconf 89' lang='lat' dir='ltr'>cornu</span> <span class='ocrx_word' id='word_1_172' title='bbox 718 1998 806 2028; x_wconf 84' lang='lat' dir='ltr'>tauri</span> 
     </span>
     <span class='ocr_line' id='line_1_36' title="bbox 101 2047 804 2089; baseline -0.003 -10"><span class='ocrx_word' id='word_1_173' title='bbox 101 2047 243 2088; x_wconf 84' lang='lat' dir='ltr'>factum,</span> <span class='ocrx_word' id='word_1_174' title='bbox 257 2048 292 2079; x_wconf 87' lang='lat' dir='ltr'>in</span> <span class='ocrx_word' id='word_1_175' title='bbox 307 2058 374 2089; x_wconf 88' lang='lat' dir='ltr'>quo</span> <span class='ocrx_word' id='word_1_176' title='bbox 398 2048 508 2078; x_wconf 89' lang='lat' dir='ltr'>oleum</span> <span class='ocrx_word' id='word_1_177' title='bbox 526 2048 717 2087; x_wconf 80' lang='lat' dir='ltr'>praesertim</span> <span class='ocrx_word' id='word_1_178' title='bbox 736 2057 804 2078; x_wconf 86' lang='lat' dir='ltr'>ser-</span> 
     </span>
     <span class='ocr_line' id='line_1_37' title="bbox 102 2097 805 2138; baseline -0.003 -8"><span class='ocrx_word' id='word_1_179' title='bbox 102 2099 259 2130; x_wconf 86' lang='lat' dir='ltr'>vabatur.</span> <span class='ocrx_word' id='word_1_180' title='bbox 280 2098 370 2130; x_wconf 87' lang='lat' dir='ltr'>Vide</span> <span class='ocrx_word' id='word_1_181' title='bbox 384 2098 534 2130; x_wconf 82' lang='lat' dir='ltr'>Gellium</span> <span class='ocrx_word' id='word_1_182' title='bbox 550 2097 607 2129; x_wconf 86' lang='lat' dir='ltr'>lib.</span> <span class='ocrx_word' id='word_1_183' title='bbox 620 2106 714 2128; x_wconf 81' lang='lat' dir='ltr'>xvu.</span> <span class='ocrx_word' id='word_1_184' title='bbox 726 2107 805 2138; x_wconf 86' lang='lat' dir='ltr'>cap.</span> 
     </span>
     <span class='ocr_line' id='line_1_38' title="bbox 102 2148 801 2190; baseline -0.003 -9"><span class='ocrx_word' id='word_1_185' title='bbox 102 2153 134 2181; x_wconf 90' lang='grc'>8.</span> <span class='ocrx_word' id='word_1_186' title='bbox 159 2150 208 2181; x_wconf 88' lang='lat' dir='ltr'>Eo</span> <span class='ocrx_word' id='word_1_187' title='bbox 240 2150 343 2181; x_wconf 90' lang='lat' dir='ltr'>etiam</span> <span class='ocrx_word' id='word_1_188' title='bbox 375 2148 521 2190; x_wconf 87' lang='lat' dir='ltr'>Antiqui</span> <span class='ocrx_word' id='word_1_189' title='bbox 551 2148 739 2180; x_wconf 79' lang='lat' dir='ltr'>utebantur</span> <span class='ocrx_word' id='word_1_190' title='bbox 768 2149 801 2179; x_wconf 92' lang='lat' dir='ltr'>in</span> 
     </span>
     <span class='ocr_line' id='line_1_39' title="bbox 101 2198 803 2240; baseline -0.001 -8"><span class='ocrx_word' id='word_1_191' title='bbox 101 2200 290 2232; x_wconf 83' lang='lat' dir='ltr'>sacrifieiis.</span> <span class='ocrx_word' id='word_1_192' title='bbox 335 2199 467 2231; x_wconf 89' lang='lat' dir='ltr'>Plinius</span> <span class='ocrx_word' id='word_1_193' title='bbox 481 2198 542 2231; x_wconf 89' lang='lat' dir='ltr'>lib.</span> <span class='ocrx_word' id='word_1_194' title='bbox 560 2208 636 2231; x_wconf 86' lang='lat' dir='ltr'>xvr.</span> <span class='ocrx_word' id='word_1_195' title='bbox 661 2209 738 2240; x_wconf 84' lang='lat' dir='ltr'>cap.</span> <span class='ocrx_word' id='word_1_196' title='bbox 749 2202 803 2231; x_wconf 83' lang='lat'>38.</span> 
     </span>
     <span class='ocr_line' id='line_1_40' title="bbox 99 2250 804 2291; baseline -0.001 -8"><span class='ocrx_word' id='word_1_197' title='bbox 99 2252 109 2268; x_wconf 92' lang='lat'>‘</span> <span class='ocrx_word' id='word_1_198' title='bbox 123 2252 263 2283; x_wconf 86' lang='lat' dir='ltr'>Marcus</span> <span class='ocrx_word' id='word_1_199' title='bbox 279 2251 400 2283; x_wconf 89' lang='lat' dir='ltr'>Curius</span> <span class='ocrx_word' id='word_1_200' title='bbox 418 2250 552 2291; x_wconf 85' lang='lat' dir='ltr'>juravit</span> <span class='ocrx_word' id='word_1_201' title='bbox 568 2260 604 2282; x_wconf 87' lang='lat' dir='ltr'>se</span> <span class='ocrx_word' id='word_1_202' title='bbox 625 2260 667 2282; x_wconf 78' lang='lat' dir='ltr'>ex</span> <span class='ocrx_word' id='word_1_203' title='bbox 684 2250 804 2291; x_wconf 83' lang='lat' dir='ltr'>praeda</span> 
     </span>
     <span class='ocr_line' id='line_1_41' title="bbox 101 2301 804 2344; baseline 0 -11"><span class='ocrx_word' id='word_1_204' title='bbox 101 2303 183 2334; x_wconf 86' lang='lat' dir='ltr'>nihil</span> <span class='ocrx_word' id='word_1_205' title='bbox 195 2302 349 2344; x_wconf 81' lang='lat' dir='ltr'>attigisse</span> <span class='ocrx_word' id='word_1_206' title='bbox 360 2308 488 2343; x_wconf 85' lang='lat' dir='ltr'>praeter</span> <span class='ocrx_word' id='word_1_207' title='bbox 503 2306 638 2343; x_wconf 85' lang='lat' dir='ltr'>guttum</span> <span class='ocrx_word' id='word_1_208' title='bbox 650 2301 804 2344; x_wconf 89' lang='lat' dir='ltr'>faginum</span> 
     </span>
    </p>
   </div>
   <div class='ocr_carea' id='block_1_20' title="bbox 857 1995 1563 2290">
    <p class='ocr_par' dir='ltr' id='par_1_20' title="bbox 859 1995 1172 2039">
     <span class='ocr_line' id='line_1_42' title="bbox 859 1995 1172 2039; baseline 0.003 -12"><span class='ocrx_word' id='word_1_209' title='bbox 859 2007 924 2039; x_wconf 93' lang='lat' dir='ltr'>quo</span> <span class='ocrx_word' id='word_1_210' title='bbox 936 1995 1172 2028; x_wconf 69' lang='lat' dir='ltr'>sacrificaret!</span> 
     </span>
    </p>

    <p class='ocr_par' dir='ltr' id='par_1_21' title="bbox 857 2047 1563 2290">
     <span class='ocr_line' id='line_1_43' title="bbox 902 2047 1559 2088; baseline 0.003 -9"><span class='ocrx_word' id='word_1_211' title='bbox 902 2051 921 2079; x_wconf 83' lang='lat'>2</span> <span class='ocrx_word' id='word_1_212' title='bbox 962 2047 1092 2088; x_wconf 83' lang='lat' dir='ltr'>Verum]</span> <span class='ocrx_word' id='word_1_213' title='bbox 1129 2047 1199 2078; x_wconf 89' lang='lat' dir='ltr'>Alii</span> <span class='ocrx_word' id='word_1_214' title='bbox 1235 2047 1477 2080; x_wconf 61' lang='lat' dir='ltr'>adverbialiter</span> <span class='ocrx_word' id='word_1_215' title='bbox 1509 2061 1559 2081; x_wconf 76' lang='lat' dir='ltr'>su-</span> 
     </span>
     <span class='ocr_line' id='line_1_44' title="bbox 858 2097 1563 2139; baseline 0 -10"><span class='ocrx_word' id='word_1_216' title='bbox 858 2102 966 2130; x_wconf 88' lang='lat' dir='ltr'>munt.</span> <span class='ocrx_word' id='word_1_217' title='bbox 1005 2097 1082 2129; x_wconf 90' lang='lat' dir='ltr'>Hoc</span> <span class='ocrx_word' id='word_1_218' title='bbox 1103 2103 1176 2129; x_wconf 72' lang='lat' dir='ltr'>est:</span> <span class='ocrx_word' id='word_1_219' title='bbox 1200 2097 1332 2129; x_wconf 80' lang='lat' dir='ltr'>Tantus</span> <span class='ocrx_word' id='word_1_220' title='bbox 1356 2104 1409 2130; x_wconf 87' lang='lat' dir='ltr'>est</span> <span class='ocrx_word' id='word_1_221' title='bbox 1436 2106 1563 2139; x_wconf 55' lang='lat' dir='ltr'>guttus,</span> 
     </span>
     <span class='ocr_line' id='line_1_45' title="bbox 858 2147 1563 2181; baseline 0.003 -2"><span class='ocrx_word' id='word_1_222' title='bbox 858 2153 896 2179; x_wconf 94' lang='lat' dir='ltr'>ut</span> <span class='ocrx_word' id='word_1_223' title='bbox 911 2159 954 2180; x_wconf 82' lang='lat' dir='ltr'>ex</span> <span class='ocrx_word' id='word_1_224' title='bbox 971 2147 1195 2179; x_wconf 78' lang='lat' dir='ltr'>rhinocerotis</span> <span class='ocrx_word' id='word_1_225' title='bbox 1217 2158 1321 2180; x_wconf 87' lang='lat' dir='ltr'>cornu</span> <span class='ocrx_word' id='word_1_226' title='bbox 1336 2149 1447 2180; x_wconf 75' lang='lat' dir='ltr'>factus</span> <span class='ocrx_word' id='word_1_227' title='bbox 1474 2151 1563 2181; x_wconf 60' lang='lat' dir='ltr'>viue-</span> 
     </span>
     <span class='ocr_line' id='line_1_46' title="bbox 858 2198 1560 2240; baseline 0.006 -12"><span class='ocrx_word' id='word_1_228' title='bbox 858 2204 944 2231; x_wconf 83' lang='lat' dir='ltr'>atur.</span> <span class='ocrx_word' id='word_1_229' title='bbox 987 2198 1045 2229; x_wconf 89' lang='lat' dir='ltr'>De</span> <span class='ocrx_word' id='word_1_230' title='bbox 1071 2198 1288 2230; x_wconf 85' lang='lat' dir='ltr'>rhinocerote</span> <span class='ocrx_word' id='word_1_231' title='bbox 1322 2200 1394 2240; x_wconf 85' lang='lat' dir='ltr'>agit</span> <span class='ocrx_word' id='word_1_232' title='bbox 1428 2200 1560 2232; x_wconf 74' lang='lat' dir='ltr'>Plinius</span> 
     </span>
     <span class='ocr_line' id='line_1_47' title="bbox 857 2249 1174 2290; baseline 0.006 -11"><span class='ocrx_word' id='word_1_233' title='bbox 857 2249 917 2281; x_wconf 87' lang='lat' dir='ltr'>lib.</span> <span class='ocrx_word' id='word_1_234' title='bbox 934 2258 1014 2282; x_wconf 84' lang='lat' dir='ltr'>vm.</span> <span class='ocrx_word' id='word_1_235' title='bbox 1029 2259 1104 2290; x_wconf 88' lang='lat' dir='ltr'>cap.</span> <span class='ocrx_word' id='word_1_236' title='bbox 1121 2252 1174 2281; x_wconf 81' lang='lat'>20.</span> 
     </span>
    </p>
   </div>
   <div class='ocr_carea' id='block_1_21' title="bbox 666 2417 996 2537">
    <p class='ocr_par' dir='ltr' id='par_1_22' title="bbox 666 2417 996 2537">
     <span class='ocr_line' id='line_1_48' title="bbox 758 2417 890 2459; baseline -0.008 0"><span class='ocrx_word' id='word_1_237' title='bbox 758 2417 890 2459; x_wconf 89' lang='lat' dir='ltr'><strong>LIII.</strong></span> 
     </span>
     <span class='ocr_line' id='line_1_49' title="bbox 666 2506 996 2537; baseline 0 -1"><span class='ocrx_word' id='word_1_238' title='bbox 666 2506 996 2537; x_wconf 78' lang='lat' dir='ltr'>RHINocERos.</span> 
     </span>
    </p>
   </div>
   <div class='ocr_carea' id='block_1_22' title="bbox 103 2572 1166 2696">
    <p class='ocr_par' dir='ltr' id='par_1_23' title="bbox 103 2572 1166 2696">
     <span class='ocr_line' id='line_1_50' title="bbox 103 2572 1166 2628; baseline 0.002 -14"><span class='ocrx_word' id='word_1_239' title='bbox 103 2572 288 2615; x_wconf 82' lang='lat' dir='ltr'>NUPER</span> <span class='ocrx_word' id='word_1_240' title='bbox 309 2573 355 2615; x_wconf 92' lang='lat' dir='ltr'>in</span> <span class='ocrx_word' id='word_1_241' title='bbox 371 2573 575 2615; x_wconf 84' lang='lat' dir='ltr'>Ausonia</span> <span class='ocrx_word' id='word_1_242' title='bbox 592 2572 758 2615; x_wconf 86' lang='lat' dir='ltr'>domini</span> <span class='ocrx_word' id='word_1_243' title='bbox 779 2577 1011 2628; x_wconf 79' lang='lat' dir='ltr'>spectatus</span> <span class='ocrx_word' id='word_1_244' title='bbox 1033 2586 1166 2616; x_wconf 85' lang='lat' dir='ltr'>arena</span> 
     </span>
     <span class='ocr_line' id='line_1_51' title="bbox 162 2640 1078 2696; baseline 0.001 -14"><span class='ocrx_word' id='word_1_245' title='bbox 162 2640 253 2682; x_wconf 91' lang='lat' dir='ltr'>Hic</span> <span class='ocrx_word' id='word_1_246' title='bbox 277 2642 358 2683; x_wconf 87' lang='lat' dir='ltr'>erit</span> <span class='ocrx_word' id='word_1_247' title='bbox 378 2642 453 2682; x_wconf 85' lang='lat' dir='ltr'>ille</span> <span class='ocrx_word' id='word_1_248' title='bbox 475 2641 573 2692; x_wconf 89' lang='lat' dir='ltr'>tibi,</span> <span class='ocrx_word' id='word_1_249' title='bbox 593 2642 667 2682; x_wconf 85' lang='lat' dir='ltr'>cui</span> <span class='ocrx_word' id='word_1_250' title='bbox 686 2642 781 2696; x_wconf 83' lang='lat' dir='ltr'>pila</span> <span class='ocrx_word' id='word_1_251' title='bbox 794 2648 947 2685; x_wconf 82' lang='lat' dir='ltr'>taurus</span> <span class='ocrx_word' id='word_1_252' title='bbox 969 2648 1078 2684; x_wconf 83' lang='lat' dir='ltr'>erat.</span> 
     </span>
    </p>
   </div>
   <div class='ocr_carea' id='block_1_23' title="bbox 150 2744 1559 2787">
    <p class='ocr_par' dir='ltr' id='par_1_24' title="bbox 150 2744 1559 2787">
     <span class='ocr_line' id='line_1_52' title="bbox 150 2744 1559 2787; baseline 0.001 -12"><span class='ocrx_word' id='word_1_253' title='bbox 150 2744 195 2775; x_wconf 82' lang='lat' dir='ltr'>Tu</span> <span class='ocrx_word' id='word_1_254' title='bbox 210 2744 334 2776; x_wconf 79' lang='lat' dir='ltr'>habebis</span> <span class='ocrx_word' id='word_1_255' title='bbox 356 2745 434 2777; x_wconf 82' lang='lat' dir='ltr'>hunc</span> <span class='ocrx_word' id='word_1_256' title='bbox 449 2755 546 2786; x_wconf 79' lang='lat' dir='ltr'>nuper</span> <span class='ocrx_word' id='word_1_257' title='bbox 562 2746 662 2777; x_wconf 60' lang='lat' dir='ltr'>visum</span> <span class='ocrx_word' id='word_1_258' title='bbox 676 2746 710 2777; x_wconf 78' lang='lat' dir='ltr'>in</span> <span class='ocrx_word' id='word_1_259' title='bbox 735 2756 829 2778; x_wconf 81' lang='lat' dir='ltr'>arena</span> <span class='ocrx_word' id='word_1_260' title='bbox 855 2747 997 2779; x_wconf 70' lang='lat' dir='ltr'>Romana</span> <span class='ocrx_word' id='word_1_261' title='bbox 1022 2747 1150 2787; x_wconf 79' lang='lat' dir='ltr'>domini,</span> <span class='ocrx_word' id='word_1_262' title='bbox 1173 2746 1227 2787; x_wconf 74' lang='lat' dir='ltr'>qui</span> <span class='ocrx_word' id='word_1_263' title='bbox 1252 2747 1286 2778; x_wconf 80' lang='lat' dir='ltr'>in</span> <span class='ocrx_word' id='word_1_264' title='bbox 1307 2746 1404 2776; x_wconf 78' lang='lat' dir='ltr'>altum</span> <span class='ocrx_word' id='word_1_265' title='bbox 1422 2745 1559 2783; x_wconf 71' lang='lat' dir='ltr'>jaciebat</span> 
     </span>
    </p>
   </div>
   <div class='ocr_carea' id='block_1_24' title="bbox 102 2788 401 2828">
    <p class='ocr_par' dir='ltr' id='par_1_25' title="bbox 102 2788 401 2828">
     <span class='ocr_line' id='line_1_53' title="bbox 102 2788 401 2828; baseline 0.007 -10"><span class='ocrx_word' id='word_1_266' title='bbox 102 2791 226 2819; x_wconf 75' lang='lat' dir='ltr'>taurum</span> <span class='ocrx_word' id='word_1_267' title='bbox 244 2793 280 2819; x_wconf 90' lang='lat' dir='ltr'>ut</span> <span class='ocrx_word' id='word_1_268' title='bbox 293 2788 401 2828; x_wconf 81' lang='lat' dir='ltr'>pilam.</span> 
     </span>
    </p>
   </div>
  </div>
 </body>
</html>
