1893 3225
602 250 1008 282 EmGRAMMATUM
1044 251 1138 280 Lm.
1170 252 1256 281 vli.

375 346 496 398 Quid
519 347 677 388 sactum
698 352 780 395 est,
800 359 920 398 rogo,
944 346 1047 399 quid
1070 350 1250 399 repente
1272 345 1466 386 factum?

374 416 488 456 Post
508 420 570 456 tot
590 415 776 468 pignora
796 418 959 461 nostra,
983 418 1088 466 post
1109 418 1177 454 tot
1198 425 1356 462 annos,

373 482 506 533 Quod
528 496 622 523 sum
644 481 888 535 praeteritus
912 486 1036 521 vetus
1058 481 1255 522 sodalis?
1630 481 1657 520 5

374 550 463 591 Sed
484 563 664 591 causam
684 551 777 590 scio
794 562 803 589 :
837 548 955 589 nulla
974 549 1095 589 venit
1114 561 1141 589 a
1161 562 1229 589 me

375 618 570 672 Hispani
590 619 670 659 tibi
686 618 799 658 libra
818 617 1047 670 pustulati,

372 687 470 727 Nec
492 688 602 727 levis
625 691 741 739 toga,
762 698 840 726 nec
860 685 992 726 rudes
1015 686 1228 725 lacernae:

372 754 476 795 Non
497 758 563 795 est
582 753 794 807 sportula,
816 767 917 806 quae
939 753 1203 806 negotiatur.

371 821 530 863 Poscis
550 835 741 871 munera,
763 822 910 872 Sexte,
932 835 1019 862 non
1040 821 1222 862 amicos.

372 889 401 929 J
407 902 475 929 am
495 890 618 930 dices
638 889 759 939 mihi,
781 888 983 942 Vapulet
1000 893 1200 930 vocator.

1604 821 1658 861 10

204 989 280 1018 Post
300 989 345 1017 tot
367 987 500 1027 pignora
523 988 684 1027 αιηίοίιὶιε,
708 991 777 1028 post
792 991 839 1019 tot
854 998 961 1028 αηηυε,
975 989 1048 1029 quid
1064 987 1190 1027 accidit,
1202 997 1315 1028 quaeso,
1329 987 1403 1028 quid
1417 987 1518 1018 subito
1529 987 1657 1026 accidit,

200 1031 280 1071 quod
291 1033 378 1060 vetus
388 1031 501 1061 sodalis
509 1042 575 1062 sum
587 1030 793 1071 proeteritus?
808 1032 851 1062 At
865 1035 950 1062 teneo
963 1042 1100 1071 causam,
1115 1032 1230 1062 nullam
1240 1030 1312 1061 misi
1326 1032 1366 1061 ad
1376 1034 1407 1061 te
1421 1030 1532 1061 libram
1548 1039 1661 1067 argen-

200 1075 227 1104 ti
239 1073 404 1113 postulati,
426 1083 480 1104 nec
500 1077 621 1104 tenuem
645 1077 762 1114 togam,
788 1085 841 1105 nec
863 1075 954 1105 rudes
972 1075 1120 1106 lacernas.
1162 1075 1236 1105 Non
1256 1077 1299 1104 est
1315 1074 1468 1114 sportula,
1491 1082 1558 1113 quoe
1571 1072 1658 1111 facit

200 1119 418 1147 mercaturam.
455 1117 486 1148 Ο
503 1117 614 1156 Sexte,
629 1117 744 1157 quoeris
767 1119 858 1157 dorm,
879 1127 938 1148 non
963 1118 1088 1148 amicos.
1131 1118 1208 1148 Jam
1229 1118 1312 1147 dices
1335 1116 1424 1156 milii,
1448 1116 1579 1147 Vocator
1604 1118 1656 1146 det

198 1168 316 1200 poenaS.

814 1212 1050 1223 eeeeeeeeeeee

242 1258 261 1286 ⁷
285 1255 423 1295 Argenti
437 1255 497 1286 tibi
512 1255 590 1286 libra
605 1257 754 1295 postulati
770 1255 824 1287 ed.
838 1256 945 1297 antiq.
960 1256 1095 1287 Ferrar.
1110 1254 1190 1287 Ald.
1205 1256 1304 1288 Junt.
1319 1255 1427 1287 Colin.
1444 1255 1576 1296 Gryph.
1593 1257 1658 1286 δίο.

202 1299 373 1330 Gruterus
390 1299 529 1339 Hispani
544 1299 603 1330 tibi
616 1299 697 1330 libra
710 1300 847 1338 pusulati
871 1299 1022 1339 reposuit
1040 1309 1081 1329 ex
1098 1299 1218 1329 codice
1236 1301 1371 1330 snm—8
1396 1298 1464 1329 Nec
1475 1298 1576 1329 tenuis
1588 1301 1660 1337 toga

199 1341 309 1372 codex
325 1342 564 1380 Florentinus3
581 1346 616 1373 et
633 1342 680 1373 sic
698 1342 867 1373 Gruterus
881 1352 922 1372 ex
934 1342 1033 1373 codd.
1046 1342 1214 1373 suis.—10
1232 1342 1343 1372 Pascis
1357 1341 1390 1372 in
1404 1341 1658 1383 quibusdam.—

201 1387 238 1415 ll
263 1385 381 1417 Codex
398 1385 599 1416 Pulniauni:
623 1385 681 1416 vah
693 1386 787 1425 pudet
801 1387 936 1416 vocetur.

855 1449 1001 1481 NOTAE

243 1505 262 1533 7
287 1502 426 1542 Hispani
453 1502 514 1533 libi
538 1503 618 1534 libra
645 1503 797 1544 pustulati
823 1502 905 1543 [pos-
956 1503 1048 1542 pelle.

202 1552 308 1592 tutati]
332 1553 562 1591 Postulatum,
580 1553 841 1593 velpusnlatum
856 1554 904 1583 in-
1003 1556 1022 1583 8
1047 1553 1154 1583 Rudes
1164 1552 1310 1593 lacernoe]
1336 1552 1459 1591 Novae,
1473 1552 1580 1593 inquit
1596 1552 1660 1582 Ra-

203 1607 415 1644 terpretatur
431 1602 613 1633 Turnebus
632 1603 690 1634 iib.
708 1612 810 1634 xxiv.
830 1613 904 1643 cap.
959 1604 1072 1641 (ierus,
1091 1613 1165 1644 quae
1184 1605 1273 1643 togis
1290 1603 1538 1643 injiciebantur.

202 1657 232 1685 2.
255 1658 435 1693 argentum
463 1663 597 1693 purum,
612 1653 771 1695 quodque
788 1658 904 1694 pustu-
1001 1657 1021 1685 9
1046 1654 1118 1684 Non
1129 1657 1175 1684 est
1188 1653 1341 1693 sportula]
1364 1654 1431 1685 Sed
1447 1654 1559 1695 potius
1574 1664 1660 1686 mer-

200 1705 248 1734 las
280 1709 316 1734 et
340 1708 488 1734 tumores
508 1704 624 1735 habet.
660 1703 805 1744 Argenti
828 1715 904 1745 pus-

202 1754 303 1785 tulati
325 1754 532 1784 mentionem
556 1753 639 1785 facit
663 1755 845 1785 Suetonius
869 1755 904 1786 in

201 1805 340 1836 Nerone
354 1814 430 1845 cap.
445 1807 499 1836 44.
521 1805 656 1846 Legunt
672 1805 748 1835 alii:
766 1805 904 1845 Argenti

204 1855 263 1886 tibi
280 1854 361 1886 libra
374 1855 558 1895 postulanti.
590 1854 735 1895 Argenti
753 1855 904 1896 pusulati

201 1905 242 1937 fit
257 1906 384 1936 mentio
401 1906 434 1936 in
450 1905 525 1945 lege
541 1908 598 1936 31:
617 1904 654 1937 ff.
695 1906 834 1937 Locati:
861 1905 904 1936 ad

201 1965 301 1996 quam
318 1955 395 1986 vide
412 1960 505 1986 notas
522 1954 725 1986 Gothofredi
749 1955 782 1986 in
800 1955 905 1986 verbo

200 2010 209 2024 ‘
226 2005 442 2047 pusulatum.’
486 2006 644 2045 Cujacius
673 2006 819 2037 Observ.
845 2005 904 2037 lib.

201 2067 267 2089 vu.
284 2067 360 2098 cap.
380 2059 433 2088 39.
448 2057 634 2096 existimat,
658 2057 883 2097 ‘postulatum
896 2056 905 2070 '

203 2109 257 2140 vel
279 2107 537 2149 ‘pustularumf
559 2107 650 2139 idem
682 2109 795 2139 valere
812 2107 902 2149 quod

200 2161 210 2176 ‘
225 2157 441 2200 pusulatmn‚'
469 2158 616 2198 Gallice,
646 2161 758 2198 argent
779 2159 817 2189 de
831 2168 903 2189 cou-

960 1708 1092 1743 catura,
1105 1713 1179 1734 cuin
1192 1705 1379 1743 sportulam
1392 1704 1497 1744 gratis
1512 1714 1578 1734 non
1588 1703 1661 1742 des,

959 1754 1018 1785 sed
1034 1764 1075 1784 ex
1088 1764 1129 1784 ea
1146 1755 1272 1795 majora
1299 1759 1332 1785 te
1357 1759 1576 1795 accepturum
1592 1764 1662 1785 mu-

961 1814 1045 1835 nera
1061 1813 1191 1843 speres.
1457 1824 1460 1827 -

1004 1857 1042 1885 ll
1075 1855 1207 1895 Vapulet
1227 1854 1366 1894 vocator]
1390 1854 1466 1886 Hoc
1487 1858 1560 1886 est:
1584 1854 1662 1886 Jam
1724 1886 1727 1893 ff

960 1908 994 1935 te
1009 1904 1091 1935 mihi
1102 1904 1297 1944 excusabis,
1312 1905 1446 1945 culpam
1455 1904 1610 1945 rejiciens
1626 1905 1661 1935 iu
1719 1906 1727 1915 ”

960 1964 1036 1986 enm
1060 1965 1207 1995 servum,
1231 1955 1287 1996 qni
1315 1965 1431 1986 curam
1451 1955 1555 1986 habet
1578 1956 1662 1986 invi-

962 2005 1056 2036 tandi
1074 2010 1150 2036 tuos
1163 2006 1303 2045 amicos,
1314 2006 1409 2047 quasi
1422 2015 1475 2037 me
1491 2006 1660 2037 oblivione

958 2057 1184 2096 praeterierit.
1229 2058 1367 2098 Legunt
1383 2057 1452 2098 alii,
1476 2057 1542 2089 Vah
1552 2058 1660 2098 pudet,

959 2110 1097 2138 vocetur.

770 2266 859 2308 LX
867 2266 1090 2308 XXVII.

845 2357 908 2387 DE

942 2356 1015 2386 SE.

202 2425 250 2465 Si
273 2438 402 2466 meus
424 2425 566 2467 aurita
586 2425 748 2479 gaudet
767 2424 1028 2478 glaucopide
1051 2423 1268 2474 Flaccus3

260 2492 309 2534 Si
328 2493 482 2535 fruitur
502 2495 617 2535 tristi
638 2493 804 2534 Canius
825 2493 1036 2546 AEthiope
1053 2505 1064 2543 ;

247 2590 286 2622 Si
312 2591 443 2624 Flaccus
458 2593 749 2636 delectaturssaurita
765 2593 913 2633 lagopode
924 2604 934 2624 .·
959 2593 987 2623 si
1003 2591 1120 2623 Canius
1146 2590 1269 2632 potitur
1284 2589 1432 2630 AEthz'ope
1450 2588 1601 2628 deformi.-
1631 2590 1660 2621 si

810 2666 871 2678 ece

253 2711 269 2740 1
293 2708 331 2740 Si
346 2719 428 2741 meus
443 2712 547 2743 aurita
557 2712 693 2751 gaudeat
717 2711 865 2750 lagopode
889 2708 967 2740 ΑΜ.
992 2708 1013 2740 J
1020 2712 1090 2740 unt.
1109 2707 1218 2740 Colin.
1234 2706 1365 2748 Gryph.
1380 2707 1497 2738 Plant.
1518 2707 1541 2740 J
1546 2707 1659 2739 nnian.

206 2752 313 2792 Lang.
331 2752 460 2792 Deipii.
484 2757 547 2785 ἃς.
571 2755 743 2794 lagalopece
760 2753 803 2784 G.
822 2752 962 2783 Vossius
985 2751 1027 2782 de
1049 2751 1126 2782 Art.
1143 2751 1296 2782 Gramm.
1319 2751 1361 2782 P.
1377 2752 1409 2781 2.

1435 2760 1469 2791 p.
1488 2752 1559 2782 128.
1603 2750 1659 2780 Ita

205 2795 296 2836 apud
320 2796 446 2828 Catull.
476 2796 733 2838 ‘chenalopex,’
749 2797 758 2814 ‘
775 2796 978 2837 cercalopex
993 2794 1015 2834 ;'
1052 2798 1088 2826 et
1114 2793 1206 2836 apud
1242 2794 1382 2826 Festum
1406 2792 1657 2833 ‘cerealopexf
