1893 3225
563 526 661 583 M.
720 525 928 584 VAL.

990 519 1487 579 MARTIALIS

301 709 1749 792 EPIGRAMMATUM

850 941 1069 990 LIBER
1110 941 1185 988 X.

743 1367 892 1396 LtssER
928 1367 991 1396 AD
1028 1364 1306 1394 LECTOREM.

296 1417 357 1476 Sl
385 1416 548 1472 nimius
570 1431 733 1480 videor,
755 1442 945 1482 seraque
967 1427 1175 1469 coronide
1196 1427 1357 1480 longus

354 1500 469 1540 Esse
486 1500 618 1540 liber:
652 1499 786 1551 legito
807 1509 969 1550 pauca,
992 1495 1165 1536 libellus
1187 1508 1273 1535 ero.

289 1568 466 1623 Terque
484 1572 732 1622 quaterque
753 1565 860 1606 mihi
883 1564 1030 1605 finitur
1051 1563 1246 1605 carmine
1269 1575 1408 1616 parvo

354 1636 545 1690 Pagina:
566 1635 636 1676 fac
658 1634 738 1675 tibi
759 1646 830 1674 me
853 1645 988 1686 quam
1004 1631 1134 1685 cupis
1155 1643 1257 1672 esse
1277 1631 1470 1671 brevem.

342 1741 381 1772 Si
396 1742 503 1773 videor
519 1752 583 1773 esse
598 1741 675 1773 liber
690 1741 817 1780 nimius,
832 1744 861 1771 et
879 1741 988 1779 longus
1005 1741 1091 1770 tarde
1106 1739 1264 1779 imposita
1279 1738 1419 1769 coronide
1432 1748 1441 1768 :
1465 1737 1566 1768 evola-e
1577 1747 1688 1777 panea,
1710 1748 1761 1769 cra

298 1784 430 1816 libellus.

299 1827 429 1860 brevem.

475 1785 574 1816 Brevi
590 1795 679 1815 versu
694 1788 742 1816 ter
766 1787 796 1815 et
811 1786 919 1824 quater
940 1783 1059 1814 absolvo
1073 1783 1221 1822 scriptum
1236 1782 1291 1813 tibi
1307 1781 1468 1821 paginmn,
1489 1791 1580 1821 quam
1595 1785 1683 1821 optas
1697 1792 1763 1812 esse

914 1877 1151 1890 eeeaenaeaeeeaee

338 1923 435 1954 Liber
450 1924 490 1955 ad
506 1924 650 1955 lectorem
672 1923 863 1955 inscribunt
885 1922 966 1954 edd.
992 1922 1280 1953 recentiores.-l
1305 1920 1314 1938 ‘
1331 1920 1452 1952 Poscis
1473 1920 1538 1951 1106
1562 1919 1763 1951 tetrasticho

295 1966 394 1998 finire
417 1967 541 1998 librum
568 1977 693 1998 nonum
711 1967 838 2008 potius,
856 1975 957 2007 qnam
979 1965 1138 1997 inchoare
1162 1965 1346 2002 decimum,
1362 1964 1426 1994 nisi
1444 1963 1556 1994 Poeta
1571 1963 1664 1995 dicat
1692 1964 1701 1979 ‘
1715 1963 1764 1992 le-

297 2010 394 2049 111103
427 2010 517 2051 quod
538 2015 739 2051 sequentem
755 2010 920 2049 laborem,
935 2018 1002 2039 non
1021 2008 1235 2049 praeteritum
1260 2006 1419 2048 spectat?
1446 2008 1597 2037 Raderus.

1649 2005 1764 2037 Videar

297 2053 364 2084 Ms.
380 2053 629 2084 Pulmann.—4
653 2054 712 2084 Sic
727 2053 892 2083 exhibent
909 2052 986 2083 edd.
1004 2052 1225 2083 recentiores.
1254 2050 1366 2083 Aliter
1381 2051 1499 2092 legunt
1517 2049 1641 2089 Pagina
1660 2048 1766 2088 facta,

298 2096 358 2127 tila·
370 2106 462 2137 qnam
475 2099 529 2137 Ere.
557 2097 610 2128 vel
628 2097 754 2137 Pagina
761 2096 854 2134 facta
870 2095 941 2135 tibi,
958 2105 1049 2136 quam
1064 2097 1117 2136 &c-

965 2180 1106 2213 NOTAE

343 2251 358 2278 l
383 2246 421 2278 Si
442 2246 572 2288 nimius]
594 2247 699 2278 Liber
722 2244 909 2287 alloquitur
934 2244 1003 2275 lec-

297 2304 401 2331 tores.
446 2297 515 2329 Alii
539 2302 663 2339 putant
693 2298 757 2329 hoc
788 2297 1006 2338 Epigramma

299 2360 374 2382 esse
385 2349 487 2381 finem
501 2349 580 2380 libri
603 2349 696 2388 noni,
711 2348 768 2379 3111
781 2358 862 2379 vcro
873 2347 1006 2378 initium

299 2400 437 2433 decimi.
482 2400 613 2431 Videat
629 2400 750 2430 lector.
796 2399 934 2429 Lemma
950 2406 1007 2427 au-

299 2457 370 2484 tem
417 2451 517 2482 deest
553 2451 587 2481 in
626 2449 774 2491 antiquis
819 2446 1007 2480 codicibus.

297 2502 489 2535 Scriverius
503 2501 673 2538 inscribit,
688 2500 782 2531 Liber
798 2500 838 2530 ad
853 2500 1007 2529 lectorem.

346 2552 514 2593 Coronide]
524 2553 632 2584 Quam
650 2551 698 2582 sic
712 2550 866 2591 explicat
878 2548 1005 2580 Caelius

301 2604 511 2644 Rhodiginus
527 2602 584 2633 lib.
601 2610 663 2632 xv.
680 2610 754 2641 cap.
770 2603 822 2631 20.
861 2599 1004 2631 Coronis

301 2657 471 2698 significat
487 2655 640 2687 ultimam
667 2654 716 2685 rei
736 2663 870 2684 manum
894 2653 1008 2684 admo-

302 2715 388 2748 tam,
406 2718 469 2739 nec
486 2706 647 2738 effectum
674 2715 773 2746 epm,
795 2704 854 2735 sed
873 2714 1010 2744 prorsus

301 2761 521 2802 completum,
532 2758 733 2799 finitumque
749 2768 756 2788 ;
776 2756 939 2797 siquidem
954 2767 1007 2787 co—

303 2811 395 2844 ronis
425 2815 480 2842 cst
495 2810 699 2852 quandoque
720 2808 845 2839 montis
875 2812 1007 2844 vertex,

303 2870 361 2896 aut
387 2867 568 2896 structurae
603 2870 779 2897 summunt,
803 2858 1005 2899 quaudoque

1060 2253 1140 2275 vero
1155 2243 1245 2284 qnod
1268 2244 1301 2274 in
1325 2243 1392 2274 tine
1409 2243 1487 2274 libri
1504 2242 1657 2285 ponitur.
1700 2243 1764 2274 Co·

1061 2295 1151 2326 ronis
1166 2294 1337 2335 significat
1353 2299 1388 2325 et
1400 2294 1493 2325 navis
1509 2295 1665 2336 puppim,
1677 2295 1766 2336 quod

1061 2345 1105 2375 sit
1129 2345 1160 2376 in
1187 2346 1258 2385 ejus
1281 2345 1379 2386 apice
1401 2350 1581 2376 curvatum
1599 2351 1766 2383 rostrum;

1061 2397 1151 2427 unde
1163 2395 1347 2427 deductum
1357 2396 1447 2426 hunc
1460 2395 1620 2437 loquendi
1634 2395 1768 2427 modum

1061 2452 1185 2489 putant
1203 2448 1367 2479 nonnulli.

1103 2502 1122 2530 3
1146 2498 1262 2539 Terque
1273 2497 1454 2539 quaterque]
1478 2498 1563 2530 Cum
1580 2498 1718 2538 singulis
1735 2497 1768 2528 in

1061 2549 1192 2590 paginis
1205 2549 1270 2580 tria
1283 2553 1341 2580 aut
1351 2554 1498 2590 quatuor
1511 2549 1771 2590 Epigrammata

1061 2601 1314 2640 contineantur,
1327 2600 1448 2642 quibus
1465 2600 1576 2640 lectis,
1587 2600 1653 2631 alia
1669 2599 1769 2631 omit·

1066 2656 1140 2683 tere
1157 2656 1272 2692 potest
1288 2652 1408 2683 lector.
1453 2652 1588 2692 Legunt
1605 2651 1674 2691 alii,
1700 2652 1769 2682 Ρα-

1060 2703 1161 2741 gina:
1176 2702 1234 2740 suc
1258 2702 1316 2733 tibi
1342 2713 1388 2733 me
1408 2712 1498 2742 quam
1519 2702 1604 2742 cupis
1619 2712 1681 2733 esse
1702 2701 1768 2733 bre-

1065 2764 1128 2785 vem
1145 2765 1154 2784 .·
1178 2755 1241 2785 1106
1258 2759 1331 2785 est:
1358 2753 1389 2783 Ο
1403 2754 1523 2792 lector,
1542 2753 1652 2794 inquit
1671 2753 1768 2789 liber,

1063 2811 1160 2846 pots-s
1190 2815 1241 2835 nw
1279 2804 1492 2843 contrahere,
1522 2808 1682 2844 (mantum
1711 2813 1765 2833 cu-

1059 2857 1122 2898 pis.
