1893 3225
570 234 980 264 ttPtGRAMMATUM
1019 234 1111 264 [ΑΒ.
1145 234 1220 265 IX.

159 327 261 368 Non
283 332 347 369 est
368 328 485 370 fama
507 342 669 380 recens,
686 343 762 371 nec
783 330 918 370 nostri
943 329 1085 382 gloria
1108 331 1238 372 coeli:
1600 344 1627 371 o

1539 224 1625 265 669

217 395 386 437 Nobile
410 397 595 451 Lysippi
617 410 775 437 munus
798 410 998 451 opusque
1019 397 1161 438 vides.

160 461 265 504 Hoc
285 463 437 504 habuit
453 477 609 504 numen
632 463 788 506 Pellaei
810 478 961 506 mensa
983 466 1169 519 tyranni,

217 530 306 581 Qui
329 532 416 572 cito
438 531 686 585 perdomito
709 532 855 573 victor
874 533 917 572 in
941 533 1045 573 orbe
1060 532 1198 586 jacet.

162 600 296 641 Hunc
318 613 427 653 puer
447 599 501 640 ad
524 600 722 653 Libycas
739 599 970 653 juraverat
994 600 1220 641 Hannibal
1243 613 1340 641 aras
1360 614 1368 641 :

214 666 422 707 Jusserat
442 667 512 707 hic
530 667 696 720 Syllam
718 680 878 720 ponere
898 681 1030 720 regna
1053 673 1237 709 trucem.

1574 669 1628 710 10

163 732 368 774 Offensus
390 735 522 775 variae
543 735 719 775 tumidis
742 735 975 776 terroribus
998 736 1129 786 aulae,

221 801 428 843 Privatos
449 803 612 856 gaudet
632 816 745 844 nunc
766 803 967 844 habitare
993 804 1143 845 Lares.

164 868 312 923 thue
335 870 417 910 fuit
435 871 655 924 quondam
676 871 841 925 placidi
863 872 1053 913 conviva
1074 871 1307 921 Molorchi,

222 937 297 977 Sic
320 938 458 980 voluit
476 938 597 980 docti
619 939 820 980 Vindicis
841 953 937 980 esse
962 940 1099 982 Deus.

164 1070 245 1097 ram,
269 1061 381 1092 dextra
395 1062 533 1102 poculum
544 1072 556 1097 ,·
577 1072 636 1093 non
651 1066 695 1093 est
703 1062 793 1101 famu
809 1073 923 1103 recens,
944 1074 999 1094 nec
1019 1065 1109 1094 decus
1126 1064 1222 1094 nostri
1244 1064 1333 1095 coeli:
1353 1065 1454 1095 ce‘rm's
1479 1064 1629 1095 eximium

163 1105 289 1141 donum,
311 1109 404 1144 atque
419 1115 493 1144 opus
519 1105 658 1145 Lysippi.
707 1106 841 1136 Patiens
858 1110 1008 1147 tyrannus
1027 1107 1167 1137 adhibuit
1194 1107 1272 1137 hunc
1302 1108 1405 1138 Deum
1422 1118 1490 1139 sua²
1510 1118 1631 1144 inserts-te,

164 1147 217 1186 qui
244 1147 437 1184 cictorjncet
455 1148 485 1177 in
506 1149 577 1178 orbe
599 1149 743 1179 celeriter
766 1150 902 1180 subacta.
950 1151 1034 1180 Puer
1060 1149 1223 1180 Hannibal
1236 1150 1401 1186 juraverat
1420 1161 1481 1192 per
1497 1151 1575 1180 hunc
1592 1152 1631 1180 ml

164 1189 280 1219 altaria
297 1190 435 1228 Africce:
460 1191 498 1220 ab
512 1191 680 1228 hocjussus
691 1194 734 1222 est
751 1196 846 1221 atron·
861 1192 948 1232 Sylla
965 1194 1112 1233 deponere
1128 1193 1335 1223 dictaturam:
1359 1193 1632 1234 offensusfustosis

164 1233 330 1263 umoribus
352 1234 517 1263 multorum
537 1233 724 1274 principum,
751 1245 831 1265 nunc
848 1236 975 1265 loetutur
1000 1236 1058 1266 coli
1081 1237 1113 1266 in
1134 1236 1272 1275 privatis
1295 1237 1422 1267 cedibus.
1466 1237 1570 1276 Atque
1599 1242 1632 1266 nt

164 1275 237 1305 olim
254 1276 338 1306 Deus
354 1277 532 1307 convivatus
548 1280 592 1307 est
605 1278 686 1317 apud
700 1277 804 1308 mitem
826 1278 1035 1318 Moron-hum,
1055 1278 1100 1309 sic
1115 1280 1234 1318 optavit
1251 1279 1411 1310 convivari
1434 1281 1516 1320 apud
1533 1280 1634 1310 erudi-

166 1321 232 1348 tum
254 1318 426 1351 Vindicem.

781 1374 1016 1385 “mo-em

164 1424 267 1460 forma
292 1436 398 1458 recens
423 1426 457 1458 in
474 1427 677 1469 quibusdam
704 1432 791 1459 vett.
815 1438 875 1459 non
900 1428 1003 1459 nostri
1026 1429 1133 1468 gloria
1155 1429 1238 1461 soecli
1264 1429 1350 1471 legit
1377 1429 1627 1461 Heraldus.-—9

167 1468 449 1509 Lybicasjuratam
466 1471 577 1502 codex
597 1470 768 1502 Farnabii.

827 1523 968 1555 NOTAE

215 1593 233 1619 5
260 1588 333 1619 Non
346 1591 391 1619 est
401 1587 509 1628 fama]
541 1588 620 1620 Jam
644 1588 700 1619 diu
731 1589 875 1620 celebris

173 1645 225 1670 est
246 1639 320 1669 haec
342 1644 468 1670 statua.
528 1640 663 1679 Legunt
689 1640 760 1678 alii,
802 1641 876 1670 Non

172 1693 217 1721 est
240 1689 348 1727 forma
376 1700 490 1727 recens,
529 1691 590 1721 hoc
618 1694 684 1729 est,
709 1700 792 1731 opus
826 1695 877 1721 est

175 1739 364 1780 antiquum.

216 1791 285 1822 Nec
306 1792 407 1822 nostri
428 1791 548 1832 gloria]
587 1792 715 1823 Coelum
743 1793 877 1824 coelato-

173 1852 246 1874 rum
276 1848 312 1874 et
342 1843 581 1874 statuat-iorum
614 1844 874 1874 instrumentum

174 1900 240 1927 est.
284 1895 410 1926 Sensus
437 1901 512 1926 est:
552 1895 686 1927 Nostris
713 1896 876 1936 tempori-

173 1946 237 1977 bus
251 1955 317 1976 non
333 1945 399 1976 fuit
415 1945 562 1977 formata
578 1946 635 1976 illa
651 1952 773 1977 statua.

217 2000 237 2027 6
262 1997 377 2027 Nobile
391 1997 538 2037 Lysippi]
555 1996 741 2028 Alexandri
758 1996 875 2037 Magni

175 2047 386 2087 temporibus
404 2047 489 2077 vixit
504 2047 670 2088 Lysippus
689 2048 874 2078 statuarius

176 2098 418 2134 nobilissimus,
442 2098 498 2139 qui
513 2099 599 2129 hanc
627 2098 788 2129 Herculis
810 2104 878 2129 sta-

178 2154 269 2180 tuam
295 2147 438 2189 effinxit,
465 2159 531 2190 qua
558 2149 698 2180 donavit
727 2148 878 2180 Alexan-

177 2199 304 2231 drum(

220 2253 238 2281 7
266 2251 375 2281 Pellaez·
395 2250 512 2290 mensa]
536 2251 614 2282 Hoc
644 2255 709 2291 est,
735 2250 880 2282 Alexan-

177 2301 231 2333 dri
269 2302 371 2341 regis,
400 2302 458 2343 qui
488 2308 586 2333 natus
615 2307 689 2334 erat
707 2303 811 2333 Peuae
846 2302 878 2332 in

178 2351 264 2382 urbe
289 2352 517 2384 Macedoniae.
571 2353 646 2383 Vox
674 2352 882 2393 ‘tyrannus’

179 2403 258 2433 olim
277 2403 473 2434 sumebatur
491 2403 522 2433 in
536 2403 657 2434 bonam
672 2408 818 2444 partem.

224 2455 243 2483 8
270 2453 332 2488 Qui
349 2453 610 2494 citnperdnmz'to]
634 2454 768 2493 Nempe
789 2453 880 2484 intra

186 2503 363 2535 duodecim
392 2514 494 2535 annos
524 2503 640 2535 Asiam
672 2502 743 2534 fere
774 2509 882 2533 totam

186 2554 335 2593 subegit,
352 2559 387 2585 et
410 2554 585 2595 Babylone
606 2554 746 2595 juvenis
773 2553 882 2584 adhuc

185 2613 317 2636 veneno
333 2603 485 2635 sublatus
503 2611 567 2635 est.
624 2604 713 2635 Vide
730 2605 773 2637 Q.
798 2605 883 2635 Cur-

184 2657 280 2688 tium.

230 2709 250 2737 ⁹
275 2705 369 2735 Hunc
391 2705 483 2745 puer]
518 2705 630 2737 Aliter
648 2706 753 2737 sentit
781 2705 882 2737 Silius

929 1590 987 1621 lib.
1004 1599 1028 1621 1.
1053 1591 1161 1623 ‘Juro
1180 1591 1285 1622 nostri
1304 1601 1364 1632 per
1378 1591 1524 1623 Numina
1542 1591 1634 1622 Mar-

932 1641 989 1679 tis,
1022 1641 1091 1672 Pei·
1114 1651 1244 1680 manes,
1273 1642 1404 1682 regina,
1435 1641 1536 1679 tuos‚’
1566 1645 1633 1673 &cu

931 1691 997 1722 Sed
1038 1696 1152 1731 noster
1182 1692 1305 1732 Poeta,
1334 1697 1371 1723 nt
1398 1689 1529 1732 opinor,
1562 1693 1634 1723 vult

932 1746 1065 1772 tantum
1079 1741 1274 1782 significare
1290 1744 1375 1773 hauc
1394 1742 1553 1772 Herculis
1568 1749 1635 1772 sta-

932 1797 1026 1822 tuam
1043 1791 1149 1822 fuisse
1165 1792 1197 1822 in
1226 1797 1399 1833 potestate
1420 1792 1635 1831 Hannibali&

933 1847 969 1873 ut
986 1843 1078 1874 canit
1095 1843 1260 1884 Papinius
1278 1845 1351 1874 loco
1367 1844 1484 1874 citato.

977 1897 1016 1924 to
1038 1895 1182 1925 thsernt
1199 1895 1250 1925 hic
1264 1895 1401 1936 Syllam]
1427 1896 1536 1928 Quem
1565 1901 1636 1926 tru-

932 1953 1004 1974 cem
1023 1951 1122 1976 vocat
1138 1945 1180 1976 ol)
1211 1945 1468 1983 crudelitatem,
1486 1956 1583 1986 quam
1602 1947 1633 1976 in

931 1995 1040 2025 victos
1054 1996 1145 2026 cives
1171 1996 1338 2027 exercuit.
1395 1996 1483 2026 Vide
1511 1998 1637 2027 Sallus-

935 2045 1030 2084 tium,
1054 2045 1264 2087 Appianum,
1280 2053 1314 2078 et
1330 2048 1510 2079 Volteium.
1542 2049 1636 2089 Sylla

934 2106 1013 2136 ergo
1030 2098 1116 2128 hunc
1133 2097 1235 2128 etiarn
1260 2098 1447 2129 Herculem
1474 2100 1636 2139 possedit,

933 2157 950 2177 a
966 2157 1043 2188 quo,
1069 2154 1106 2178 ut
1123 2147 1219 2187 fingit
1238 2148 1360 2187 Poeta,
1375 2149 1560 2181 dictatura>
1576 2151 1635 2181 im-

935 2198 1063 2239 perium
1080 2197 1374 2239 deponerejussus
1389 2205 1451 2231 est.

979 2251 1015 2279 ll
1045 2249 1190 2289 Offensus
1218 2249 1331 2289 varice]
1371 2251 1484 2290 Coepit
1511 2261 1635 2293 nempe

935 2298 1060 2330 fastum
1078 2304 1112 2329 et
1129 2299 1343 2338 tyrannidem
1359 2301 1519 2341 aversari,
1536 2307 1636 2343 atque

936 2350 969 2381 in
985 2350 1118 2391 privata
1128 2349 1283 2380 Vindicis
1296 2360 1412 2381 mensa
1425 2352 1491 2382 coli
1506 2354 1635 2384 maluit.

935 2401 992 2432 Sic
1019 2404 1054 2430 et
1084 2399 1250 2440 Papinius
1278 2399 1352 2430 loco
1381 2401 1508 2434 citato:
1549 2405 1556 2419 ‘
1570 2403 1637 2434 Hic

935 2452 1041 2493 igitur
1058 2453 1119 2484 tibi
1135 2453 1214 2483 laeta
1239 2453 1347 2493 quies,
1370 2452 1554 2486 fortissime
1576 2455 1639 2486 Di-

937 2513 1014 2534 vum
1039 2502 1188 2542 Alcide;
1223 2513 1286 2535 nec
1318 2503 1406 2535 bella
1433 2505 1526 2536 vides
1553 2516 1637 2547 pug-

935 2563 1063 2594 nasque
1081 2552 1239 2585 feroces!

981 2607 1019 2634 13
1046 2605 1183 2635 Conviva
1212 2605 1380 2645 Molorchi]
1399 2605 1564 2646 Pastoris,
1588 2606 1631 2637 de

936 2664 1001 2696 quo
1018 2654 1076 2686 lib.
1095 2663 1145 2686 tv.
1170 2654 1337 2695 E1›tg.c-4.
