1893 3225
498 236 901 266 EPIGRAMMATUM
942 235 1031 264 1113.
1067 236 1134 264 ix.
1471 231 1554 269 ‘5150

731 425 916 466 LXIX.

538 526 587 555 IN
626 524 921 555 MAGISTRUM
960 525 1094 555 LUDI.

94 611 228 660 Qum
252 611 331 652 tibi
353 610 582 651 nobiscum
604 613 689 658 est,
711 608 805 649 ludi
825 609 1039 649 scelerate
1061 609 1280 662 magister,

152 679 349 719 Invisum
372 678 514 730 pueris
534 677 865 729 virginibusque
888 678 1058 730 caput?

94 745 300 787 Nondum
323 746 492 786 cristati
512 757 668 798 rupere
689 744 862 784 silentia
882 744 1009 796 galli:

153 813 375 853 Murmure
390 813 487 867 jam
508 825 629 853 saevo
650 812 992 867 verberibusque
1013 815 1158 853 tonas.

89 881 201 921 Tam
222 894 353 933 grave
368 880 594 934 percussis
614 879 850 920 incudibus
871 893 960 921 aera
981 881 1205 929 resultant,
1511 882 1539 922 5

148 948 430 989 Causidicum
452 947 599 988 medio
622 961 722 989 cum
742 947 868 988 faber
888 953 1013 1000 aptat
1033 961 1158 1000 equo.

90 1015 241 1057 Mitior
260 1017 305 1056 in
327 1029 483 1069 magno
502 1016 672 1057 clamor
691 1016 795 1057 furit
816 1016 1155 1068 amphitheatro,

143 1083 347 1124 Vincenti
369 1096 535 1136 parmae
557 1097 656 1124 cum
678 1096 762 1124 sua
782 1084 905 1124 turba
926 1083 1056 1123 favet.

87 1149 240 1191 Vicini
263 1164 467 1192 somnum
488 1164 576 1191 non
597 1157 690 1192 tota
712 1155 843 1192 nocte
863 1164 1091 1203 rogamus:

144 1218 264 1259 Nam
283 1219 464 1271 vigilare
486 1219 582 1259 leve
604 1224 686 1267 est,
708 1218 970 1272 pervigilare
993 1231 1136 1271 grave.

84 1285 347 1340 Discipulos
367 1286 533 1327 dimitte
557 1291 683 1327 tuos:
715 1287 799 1334 vis,
827 1287 1013 1339 garrule,
1036 1291 1247 1339 quantum

137 1353 321 1408 Accipis
343 1359 394 1394 ut
415 1354 594 1404 clames,
617 1354 820 1407 accipere
841 1358 892 1394 ut
910 1355 1090 1394 taceas?

1480 1219 1535 1259 10

125 1473 157 1505 Ο
174 1474 393 1513 ludimagister
416 1475 564 1514 improbe,
586 1478 678 1513 caput
697 1474 833 1505 odiosum
856 1474 959 1513 pueris
982 1478 1011 1505 et
1027 1474 1215 1513 virginibus,
1236 1475 1310 1514 quid
1330 1474 1388 1505 tibi
1412 1475 1459 1505 rei
1489 1479 1536 1507 est

80 1515 261 1547 nobiscum?
283 1518 417 1547 nondum
443 1518 521 1555 galli
543 1518 665 1548 cristati
694 1527 804 1556 rupere
833 1517 976 1547 silentia:
1002 1518 1071 1554 jam
1105 1521 1191 1547 tonas
1213 1518 1322 1547 acerbo
1353 1519 1482 1548 clamore
1505 1521 1534 1548 et

79 1559 265 1590 verberibus.
313 1560 343 1589 Τ
341 1570 391 1589 am
410 1561 551 1597 graviter
571 1564 753 1599 percrepant
777 1569 841 1589 aeru
861 1561 1012 1599 percussis
1028 1560 1199 1597 incudibus,
1213 1571 1281 1590 cum
1296 1560 1391 1597 faber
1408 1561 1535 1591 collocat

81 1601 268 1632 causidicum
282 1601 315 1631 in
331 1603 428 1631 medio
445 1612 529 1641 equo.
572 1603 696 1632 Clamor
710 1601 809 1632 lenior
823 1603 912 1631 soevit
936 1603 967 1631 in
992 1612 1103 1640 magno
1125 1603 1364 1642 amphitheatro,
1389 1612 1457 1633 cum
1477 1613 1534 1633 sua

81 1644 171 1674 turba
187 1645 346 1683 applaudit
361 1654 478 1683 ραι-ἠρ
492 1645 663 1684 superanti.
709 1645 780 1675 Nos
803 1644 898 1674 vicini
918 1655 977 1675 non
991 1646 1123 1684 petimus
1137 1655 1272 1675 somnum
1289 1646 1412 1683 integra.
1428 1649 1533 1676 nacte:

79 1696 149 1717 nam
157 1686 255 1724 facile
268 1689 314 1717 est
328 1687 470 1725 vigilare,
492 1689 647 1717 molestum
662 1696 740 1717 vero
755 1687 954 1727 pervigilare.
998 1687 1135 1718 Dimitte
1160 1692 1229 1718 tuos
1248 1689 1424 1727 discipulos,
1438 1691 1467 1719 ὀ
1492 1689 1535 1719 lo-

80 1739 174 1769 quax,
185 1730 333 1770 placetne
347 1731 485 1770 accipere
499 1733 621 1761 tantum
636 1733 670 1760 ut
680 1730 782 1769 sileas,
795 1733 940 1769 quantum
953 1731 1066 1770 accipis
1078 1729 1111 1760 iit
1126 1730 1317 1769 vocifereris.

687 1816 766 1827 oete
770 1816 906 1827 ”orosto
909 1816 927 1826 e

122 1869 162 1900 In
179 1871 242 1901 hoc
256 1870 358 1902 etiam
372 1870 626 1911 Epigrammate
643 1871 731 1901 nulla
749 1875 800 1901 est
815 1870 959 1900 varietas
975 1869 1000 1900 ai
1018 1870 1117 1900 modo
1131 1869 1283 1910 excipias
1298 1871 1385 1912 quod
1408 1872 1534 1904 Bever-

78 1912 169 1944 laudi
186 1914 250 1945 Ms.
266 1923 328 1954 pro
350 1913 453 1945 Vicini
464 1913 568 1945 habet
590 1914 710 1954 Vicina,
723 1918 758 1944 et
775 1923 836 1954 pro
852 1916 1012 1953 quantum,
1027 1916 1163 1944 tantum.

735 1998 875 2031 NOTAE

119 2077 139 2106 2
167 2073 422 2114 Virginibusque]
454 2073 606 2104 Verbera
628 2073 777 2104 timenti-

78 2124 153 2155 bus.
198 2124 285 2155 Vide
303 2124 362 2155 lib.
381 2133 415 2154 x.
434 2125 534 2164 Epig.
552 2126 605 2154 62.

120 2178 138 2206 3
165 2175 311 2205 Nondum
333 2174 472 2214 cristati]
511 2174 588 2206 Hoc
614 2178 681 2213 est,
697 2183 778 2205 non-

76 2225 154 2256 dum
171 2225 252 2265 galli
269 2225 437 2256 cecinere.

118 2279 138 2306 6
163 2275 362 2306 Causidicum
378 2275 491 2315 medio]
530 2268 606 2306 Hoc
619 2279 684 2313 est,
702 2285 777 2305 cum

75 2325 248 2357 causidico
265 2330 379 2356 statua
395 2326 562 2366 equestris
579 2325 776 2357 fabricatur.

74 2376 252 2408 Juvenalis
266 2375 337 2406 Sat.
357 2384 422 2405 vn.
468 2376 476 2391 ‘
494 2375 627 2406 AEmilio
645 2375 778 2405 dabitur

75 2430 237 2467 quantum
267 2423 381 2465 petit‚’
416 2427 481 2456 ἅτε.
528 2425 627 2458 Quod
655 2435 777 2465 nempe

76 2476 143 2506 suis
159 2476 191 2506 in
214 2474 390 2506 vestibulis
411 2480 559 2507 statuam
585 2481 777 2517 equestrem

76 2525 227 2566 haberet,
251 2534 325 2567 quae
349 2530 429 2557 tunc
461 2527 625 2568 temporis
656 2528 778 2558 multos

163 2839 275 2879 Delph.
292 2843 319 2869 et
344 2840 414 2870 l'ar.
434 2842 517 2869 (flas.

732 2842 875 2872 Martini.

832 2072 973 2102 clientes
988 2072 1196 2103 conciliabat
1211 2073 1394 2105 causidico.

875 2125 894 2152 8
925 2122 1068 2153 Vincenti
1108 2124 1240 2163 pai-mee]
1287 2124 1420 2155 Nomen
1458 2135 1533 2165 pro·⁴

835 2173 944 2213 prium
962 2178 1060 2214 putat
1076 2175 1271 2213 Domitius3
1294 2176 1349 2205 alii
1365 2176 1412 2206 sic
1431 2176 1533 2206 inter-

834 2229 1026 2264 pretantur,
1043 2235 1117 2255 cum
1138 2235 1258 2266 nempe
1282 2227 1382 2257 turba
1411 2227 1535 2265 gladia-

835 2278 944 2305 torum
966 2284 1083 2314 parma
1099 2277 1277 2315 pugnanti,
1299 2282 1335 2308 et
1356 2277 1476 2308 vic-tori
1493 2288 1535 2308 ex

833 2333 891 2354 sua
909 2323 1057 2356 factione
1074 2326 1250 2365 gladiatori
1264 2328 1452 2368 applaudit.
1477 2329 1535 2360 Vi-

834 2375 912 2406 deat
926 2376 1045 2407 lector.

877 2429 917 2456 10
942 2427 1154 2466 Pervigilare]
1181 2428 1255 2459 Hoc
1268 2432 1331 2468 est,
1347 2433 1419 2461 tota
1432 2434 1533 2461 nocte

834 2478 973 2518 vigilare
991 2479 1221 2518 gravissimum
1238 2485 1302 2513 est.
