1924 3225
239 240 323 280 524

714 246 764 274 M.
795 246 813 273 1
830 244 909 274 AL.
942 241 1218 273 MARTIALIS

238 344 389 398 Diligo
410 344 716 397 praestantem3
746 354 836 382 non
857 340 944 391 odi,
966 339 1123 388 Cinna,
1153 339 1405 389 negantem:

298 411 387 453 Sed
409 415 456 452 tu
476 424 556 451 nec
578 413 783 464 praestas,
801 422 880 451 nec
898 410 1003 459 cito,
1026 408 1183 457 Cinna,
1205 416 1354 457 negas,

238 530 304 560 sine
319 537 417 559 mora.
462 527 493 558 Ο
513 525 627 567 Cinna,
648 535 717 557 amo
732 526 867 566 dantem,
882 534 941 556 non
955 523 1006 554 odi
1028 524 1230 554 recusantem.
1273 519 1320 551 At
1336 522 1381 560 tu,
1395 528 1414 550 o
1431 518 1546 558 Cinna,
1558 527 1611 550 nec
1627 519 1696 558 das,

240 583 295 604 nec
308 580 427 602 recusas
440 570 591 601 Efflerl'lffl‘·

893 619 1037 652 NOTAE

283 692 300 720 1
326 689 469 720 Primum
493 686 554 727 est]
580 685 669 718 Vide
691 685 750 718 lib.
768 694 818 717 Π.
837 684 939 726 Epig.
956 686 1010 715 20.
1029 687 1063 714 et
1080 685 1136 714 30.

877 829 1056 871 XLIV.

348 922 410 952 nn
444 920 659 951 IMAGINE
693 918 887 948 MAXIMt
926 917 1151 955 cAEsoNu,
1184 916 1251 945 AD
1286 916 1327 954 Q.
1360 913 1590 944 ovmlfflu.

242 1001 484 1042 MAxmms
507 1000 580 1040 ille
600 1005 717 1046 tuus,
741 996 892 1045 Ovidi,
916 995 1147 1036 Caesonius
1175 994 1248 1034 hic
1270 996 1350 1043 est,

299 1068 434 1122 Cujus
457 1068 598 1108 adhuc
615 1066 783 1107 vultum
803 1063 954 1104 vivida
975 1075 1075 1103 cera
1097 1067 1224 1102 tenet.

242 1136 378 1177 Hunc
402 1135 521 1176 Nero
543 1133 794 1175 damnavit:
825 1130 906 1172 sed
930 1136 975 1170 tu
998 1129 1205 1170 damnare
1228 1129 1455 1170 Neronem

297 1203 446 1244 Ausus
468 1216 532 1252 es,
555 1206 597 1242 et
614 1200 801 1255 profugi,
823 1212 911 1239 non
929 1202 1020 1248 tua,
1042 1199 1138 1239 fata
1158 1199 1298 1251 sequi.

242 1271 441 1324 quuora
460 1283 535 1324 per
556 1269 718 1322 Scyllae
741 1280 923 1319 magnus
943 1279 1095 1307 comes
1115 1266 1265 1307 exulis
1285 1266 1373 1315 isti,
1672 1275 1701 1303 o

301 1338 391 1388 Qui
409 1338 541 1379 modo
561 1337 763 1377 nolueras
785 1335 980 1376 consulis
1000 1334 1063 1374 ire
1084 1347 1244 1375 comes.

243 1406 292 1447 Si
311 1407 484 1447 victura
505 1406 615 1446 meis
636 1404 896 1445 mandantur
913 1403 1093 1443 nomina
1116 1403 1295 1452 chartis,

300 1474 355 1514 Et
374 1474 440 1514 fas
460 1478 526 1514 est
544 1473 677 1514 cineri
698 1485 768 1512 me
792 1484 1029 1525 superesse
1050 1484 1165 1520 meo,

242 1540 406 1582 Audiet
424 1540 506 1581 1100
526 1553 740 1593 praesens‚
763 1544 1033 1592 venturaque
1055 1540 1193 1588 turba,
1216 1538 1378 1579 Fuisse

304 1608 371 1649 [lli
392 1613 450 1658 te,
472 1607 651 1648 Senecae
673 1607 793 1661 quod
813 1606 898 1647 fuit
918 1605 992 1647 ille
1015 1619 1108 1647 suo.

1646 1603 1702 1643 10

287 1729 395 1765 Ovidi,
410 1728 460 1759 hic
475 1731 520 1758 est
536 1728 588 1758 ille
603 1731 675 1758 tuus
696 1727 858 1758 Maximus
875 1727 1046 1766 Coesonim,
1059 1726 1145 1765 cujus
1159 1726 1280 1764 faciem
1294 1727 1394 1757 adhuc
1409 1725 1558 1766 exprimit
1570 1733 1641 1755 cera
1656 1724 1705 1755 ri-

243 1773 325 1803 vida.

369 1772 546 1802 Damnatus
561 1774 606 1801 est
619 1781 637 1800 a
656 1771 792 1808 Nerone,
802 1773 834 1800 at
846 1773 881 1799 tu
891 1779 982 1799 ausus
997 1779 1028 1800 es
1038 1771 1238 1800 condemnare
1256 1771 1423 1807 Neronem,
1450 1772 1481 1798 et
1495 1769 1580 1807 sequi
1590 1770 1702 1797 sortem

239 1816 352 1850 emulis,
365 1818 533 1845 nontunm.
577 1813 627 1843 Tu
649 1816 758 1852 potens
780 1813 943 1843 comitatus
961 1821 993 1842 es
1015 1811 1183 1851 profugum
1201 1822 1257 1852 per
1272 1821 1357 1842 mare
1382 1811 1534 1849 Siculum,
1551 1810 1603 1850 qui
1613 1811 1705 1850 paulo

241 1863 314 1889 unte
339 1866 497 1887 recusat-ns
524 1856 666 1886 comitari
687 1855 778 1884 illum
798 1855 969 1884 Consulem.
1015 1854 1053 1884 Si
1069 1855 1193 1885 nomina
1217 1865 1276 1885 non
1290 1855 1432 1895 peritura
1449 1856 1616 1885 truduntur
1628 1855 1704 1884 meis

238 1902 370 1939 εΙιιυ-ἰὶε,
394 1903 423 1930 et
439 1900 509 1929 licet
524 1908 570 1928 me
584 1898 685 1928 virere
699 1898 898 1937 superstitem
920 1907 983 1927 meo
999 1898 1108 1938 cineri,
1120 1902 1289 1938 praesentes
1300 1901 1329 1928 et
1342 1898 1460 1939 postem¹
1473 1898 1570 1928 scient
1581 1898 1660 1938 haec,
1673 1900 1704 1928 te

242 1944 290 1974 illi
299 1943 411 1981 juisse,
427 1943 506 1982 quud
522 1940 652 1979 iltesuit
668 1950 724 1970 suo
738 1940 871 1971 Senecoe.

849 2015 969 2026 eeeeee

973 2015 1089 2027 eeeeee

286 2067 338 2098 Ad
374 2066 520 2097 Ovidium
537 2066 711 2105 inscriptio
735 2065 836 2096 estin
861 2065 939 2096 edd.
966 2069 1114 2097 vett.-—-1
1148 2065 1250 2097 Ausus
1278 2069 1308 2097 et
1340 2076 1398 2097 non
1426 2065 1557 2106 profugi
1593 2064 1703 2097 codex

244 2110 475 2141 Florentinus.
498 2120 557 2140 non
573 2113 626 2139 tuu
634 2108 726 2146 suctu
741 2109 827 2148 sequi
852 2109 884 2139 in
897 2109 1013 2139 eodem
1029 2109 1228 2140 codice.—9
1251 2109 1369 2139 Audiet
1384 2109 1449 2140 lue«.-
1460 2118 1597 2150 praesens
1622 2107 1703 2140 Ald.

245 2153 344 2186 Junt.
363 2153 473 2184 Colin.
488 2152 620 2193 Gryph.
639 2152 723 2182 aliae.
748 2153 867 2182 Audiet
883 2152 937 2182 Ιιοι·
949 2162 1085 2192 proesens
1108 2151 1217 2183 codex
1231 2152 1424 2184 Pulmanui.

901 2239 929 2270 N
939 2239 1039 2271 OTAE

288 2308 305 2336 1
332 2304 495 2335 Maximus
517 2303 582 2343 ille]
605 2303 646 2334 In
671 2314 751 2335 cera
766 2314 887 2344 nempe
904 2303 946 2335 ad

242 2354 355 2386 vivum
371 2364 551 2394 expressus
567 2356 753 2395 Caesonius,
770 2356 839 2397 qui,
853 2355 946 2387 dam-

244 2410 346 2436 natus
360 2415 378 2435 a
396 2405 534 2435 Nerone
550 2406 582 2435 in
598 2406 831 2446 conjuratione
850 2407 945 2437 Piso-

243 2455 356 2493 niana,
368 2456 400 2486 in
415 2456 551 2486 exilium
566 2463 623 2487 aut
638 2457 670 2487 iu
682 2457 830 2488 Siciliam
842 2463 900 2489 aut
912 2459 946 2489 in

243 2505 400 2537 Africam
425 2504 492 2537 fuit
509 2506 635 2538 missus.
679 2509 733 2538 De.
751 2518 791 2539 eo
807 2508 945 2540 Tacitus

245 2555 371 2587 Annal.
389 2565 451 2588 xv.

289 2608 307 2636 3
332 2606 395 2638 Sed
411 2610 444 2637 tu
459 2608 619 2648 damnare]
644 2609 726 2639 Cum
744 2613 865 2650 sponte
888 2613 947 2640 tua

248 2658 441 2691 Caesonium
458 2664 496 2692 ut
511 2659 729 2692 innocentem
744 2665 883 2692 secutus
896 2670 945 2692 es.

1044 2309 1062 2335 5
1088 2306 1227 2345 AEquora
1241 2314 1298 2344 per
1313 2304 1440 2345 Scytloe]
1455 2304 1569 2345 Scylla
1580 2314 1702 2346 scopu-

1001 2356 1052 2386 lus
1065 2356 1165 2386 estin
1180 2356 1260 2385 mari
1276 2356 1403 2387 Siculo.

1043 2409 1063 2437 6
1089 2407 1232 2436 Consulis
1258 2407 1303 2437 ¹ire
1325 2406 1437 2446 comes]
1475 2406 1517 2437 In
1538 2405 1703 2448 Africam,

1002 2467 1100 2498 quam
1114 2457 1214 2497 paulo
1226 2461 1304 2487 ante
1317 2456 1616 2488 administraverat
1629 2457 1703 2489 Cae-

1000 2508 1123 2539 souius.

1044 2562 1084 2590 10
1108 2559 1232 2590 Seneca,⁷
1247 2559 1325 2599 quod
1335 2558 1417 2598 fuit]
1435 2559 1526 2591 Hinc
1537 2560 1703 2601 colligere

1002 2615 1066 2649 est,
1080 2610 1270 2640 Caesonium
1292 2609 1326 2639 in
1356 2610 1531 2641 Corsicam
1561 2612 1703 2644 comita-

1001 2666 1074 2693 tum
1088 2659 1191 2692 fuisse
1205 2660 1370 2692 Senecam
1383 2661 1530 2694 exulem.
