1893 3225
322 232 410 273 852

778 245 825 272 M.
861 244 920 272 ΨΑ
933 244 970 272 [ι.
1008 244 1035 272 Μ
1048 244 1072 273 Α
1086 244 1199 274 ΗῚῚΛ
1212 245 1284 274 bl&

950 408 1169 450 LXXX.

938 499 1001 528 DE
1034 498 1181 528 mus.

439 567 626 608 Ll'r'rUS
647 568 792 608 beatae
816 565 1006 607 Veneris
1026 579 1206 607 aureum
1227 566 1379 617 Baias,

436 635 575 676 Baias
599 635 802 689 superbae
822 633 992 674 blanda
1011 633 1128 675 dona
1150 634 1353 684 Naturae,

435 702 500 744 Ut
521 703 638 744 mille
658 703 850 752 laudem,
878 701 1053 751 Flacco,
1073 703 1276 743 versibus
1298 703 1455 744 Baias:

436 771 652 812 Laudabo
674 771 805 824 digne
822 784 910 811 non
933 772 1045 812 satis
1067 776 1211 811 tamen
1234 771 1390 813 Baias.

434 840 523 880 Sed
547 839 798 880 Martialem
819 840 954 889 malo,
973 839 1154 889 Flacco,
1176 852 1310 893 quam
1331 839 1483 881 Baias.

434 908 604 961 Optare
627 912 862 961 utrumque
884 908 1067 961 pariter,
1087 908 1337 962 improbum
1358 912 1509 949 votum
1532 911 1615 949 est.

435 976 570 1027 Quod
592 977 629 1016 si
654 977 852 1017 Deorum
871 990 1049 1017 munere
1070 976 1154 1017 hoc
1176 977 1255 1017 tibi
1276 976 1425 1018 detur:

432 1043 554 1095 Quid
575 1045 840 1097 gaudiorum
863 1052 933 1087 est
955 1045 1181 1085 Martialis
1201 1049 1246 1085 et
1267 1045 1393 1085 Baiae
1412 1045 1421 1086 l

358 1161 390 1192 Ο
408 1161 531 1199 Ρίαεεε,
547 1162 685 1202 quamvis
699 1162 782 1194 mille
796 1162 987 1194 carminibus
1004 1164 1153 1195 celebrem
1171 1164 1270 1194 Baias
1282 1163 1372 1194 littus
1387 1172 1514 1194 aureum
1529 1160 1627 1193 beatae
1644 1161 1674 1193 V
1672 1161 1786 1200 oneris,

315 1204 416 1235 Baias
431 1205 564 1236 delicata
579 1215 703 1235 munera
721 1209 842 1236 naturae
858 1206 1053 1246 magnificoe:
1077 1207 1277 1237 nihilominus
1293 1207 1442 1237 nonsatis
1466 1215 1522 1244 pro
1542 1205 1698 1244 dignitate
1711 1206 1786 1235 cele-

316 1247 408 1277 brabo
423 1248 534 1279 Baias.
570 1248 600 1277 ()
620 1249 744 1287 Flacce,
765 1250 820 1279 sed
836 1250 1001 1280 Illartialz's
1023 1251 1101 1280 mihi
1121 1251 1224 1280 carior
1235 1253 1282 1280 est
1299 1249 1405 1280 Baiis.

1456 1248 1569 1279 Votum
1584 1251 1630 1278 est
1654 1247 1787 1288 improbi

315 1294 460 1330 cerpetere
475 1295 640 1331 atrumque
665 1292 777 1322 simul:
800 1293 880 1332 quod
906 1293 934 1323 st
956 1292 1011 1324 hoc
1037 1293 1095 1323 tibi
1122 1294 1307 1324 concedatur
1330 1293 1409 1323 dono
1430 1291 1581 1332 Deorum,
1603 1295 1719 1332 quanta
1740 1294 1784 1322 est

315 1334 431 1365 loetitia
448 1334 614 1365 Martialis
629 1339 659 1366 et
675 1335 766 1365 Baiae
783 1335 902 1366 simul!

935 1397 1053 1409 eeeeee

1056 1397 1173 1409 eeeeee

359 1446 380 1473 6
405 1443 543 1483 lmprobi
560 1442 639 1475 edd.
658 1448 744 1475 vett.
760 1448 795 1474 et
821 1443 940 1475 Maitt.
957 1448 992 1474 et
1010 1444 1157 1475 Fan-nab.
1180 1444 1189 1460 ‘
1202 1443 1272 1474 Alii
1288 1443 1471 1484 improbum.
1488 1442 1613 1475 Palat:
1630 1442 1786 1475 Sckrevel.

978 1532 1008 1564 N
1015 1531 1119 1563 O'rAE

357 1605 370 1632 l
399 1601 514 1642 Baias]
538 1601 819 1634 Amoenissimas:
842 1603 942 1643 Epig.
965 1605 1019 1634 63.

309 1650 369 1683 lib.
384 1661 410 1683 1.

353 1708 370 1734 5
396 1703 458 1735 Sed
475 1705 673 1745 Martialem]
713 1704 790 1736 Hoc
807 1709 860 1736 est
877 1715 885 1735 ι
926 1704 1021 1735 Malo

309 1764 396 1785 meae
426 1755 544 1795 gloriae
586 1760 622 1786 et
656 1755 845 1786 valetudini
877 1755 1020 1795 servire,

310 1816 412 1846 qnam
439 1807 473 1836 in
497 1807 571 1837 sinu
596 1806 728 1837 Baiano
755 1805 887 1836 deliciis
900 1810 936 1836 et
960 1815 1019 1836 vo-

307 1857 500 1897 luptatibus
518 1856 712 1897 indulgere.

351 1911 372 1937 6
398 1908 518 1948 Optare
531 1907 711 1948 utrumque]
721 1907 873 1939 Delicias
883 1916 1018 1948 nempe,

308 1965 345 1990 et
363 1959 506 1999 gloriam
524 1964 583 1989 aut
601 1958 845 1990 valetudinem.

328 2042 332 2046 ,
351 2013 370 2041 7
388 2010 530 2041 Hoctihi
545 2009 650 2050 detur]
663 2010 713 2041 Ut
725 2011 874 2041 simulet
886 2010 1018 2051 sapien·

308 2062 365 2094 tia?
379 2068 415 2094 et
428 2062 664 2103 voluptatibus
675 2070 814 2102 operam
828 2061 903 2100 des,
915 2061 1020 2093 velut

309 2114 406 2144 simul
424 2113 554 2144 deliciis
570 2112 747 2153 indulgeas
764 2117 798 2144 et
828 2111 1018 2143 valetudini

1080 1602 1250 1633 consulas.

1119 1657 1140 1685 8
1167 1655 1253 1690 Quid
1263 1653 1467 1694 gaudiorum]
1495 1653 1572 1684 Hoc
1590 1657 1655 1692 est,
1674 1653 1785 1695 inquit

1077 1703 1251 1744 Raderus,
1296 1704 1387 1737 Quid
1417 1704 1515 1735 nobis
1540 1704 1607 1735 erit
1638 1704 1786 1744 beatius,

1078 1755 1204 1797 quibus·
1227 1755 1406 1796 contingat
1426 1761 1461 1786 et
1488 1755 1660 1786 Martialis
1687 1756 1787 1787 simul

1077 1811 1116 1837 et
1127 1807 1245 1837 Baiae:
1271 1805 1335 1836 hoc
1360 1811 1426 1844 est,
1457 1810 1495 1837 ut
1521 1805 1583 1836 sim
1612 1806 1784 1838 Martialis

1073 1861 1206 1896 auctor,
1227 1862 1262 1888 et
1277 1857 1388 1887 clarus
1413 1857 1552 1897 scriptis
1569 1857 1665 1898 meis,
1680 1862 1715 1889 et
1739 1858 1785 1889 si-

1072 1909 1141 1939 mul
1158 1908 1227 1939 otio
1244 1908 1373 1939 Baiano
1391 1908 1511 1939 beatus
1525 1919 1533 1947 ;
1549 1909 1618 1948 vel,
1631 1915 1669 1941 ut
1681 1910 1785 1942 simul

1073 1960 1161 1991 bene
1178 1961 1325 2000 valeam,
1342 1965 1377 1991 et
1393 1960 1532 1991 Baianis
1545 1961 1780 2002 voluptatibus

1073 2009 1184 2048 fruar;
1210 2015 1248 2041 ut
1265 2016 1314 2050 tu,
1330 2021 1349 2042 o
1370 2011 1506 2051 Flacce,
1518 2016 1554 2042 et
1568 2010 1656 2042 bene
1673 2012 1782 2054 vales,

1074 2066 1111 2093 et
1123 2062 1264 2093 Baianis
1278 2062 1512 2104 voluptatibus
1524 2072 1591 2094 una
1610 2061 1749 2095 frueris.

926 2268 1171 2311 LXXXI.

753 2361 816 2390 DE

849 2361 1039 2390 SPADON
1054 2360 1077 2388 E
1113 2359 1171 2388 ΕΤ
1205 2359 1295 2389 SEN
1308 2359 1349 2389 Ε.

308 2428 376 2470 (Συ
388 2440 420 2468 Μ
444 2441 547 2469 sene
568 2442 845 2470 communem
866 2432 1004 2470 vexat
1025 2427 1168 2481 spado
1191 2426 1442 2482 Dindymus
1459 2428 1632 2481 ffilglon,

366 2495 424 2537 Et
438 2495 565 2549 jacet
585 2496 629 2536 in
653 2495 801 2536 medio
823 2496 946 2537 sicca
965 2496 1116 2550 puella
1137 2499 1229 2535 toro
1247 2509 1257 2536 :

922 2582 1059 2594 eeeeeee

1063 2581 1162 2593 ooooo

350 2629 369 2657 3
393 2627 402 2643 ‘
418 2627 511 2667 Lege
527 2627 578 2658 hic
593 2626 737 2659 inutilis?
761 2627 907 2658 Farnab.
924 2627 1098 2658 Schrevel.
1111 2631 1145 2658 et
1158 2625 1271 2657 editor
1285 2626 1410 2668 Delph.

968 2701 1113 2734 NOTAE

349 2770 369 2798 ¹}
413 2767 503 2799 Sicca
527 2767 645 2809 puella]
679 2767 780 2800 Unde
804 2767 887 2800 illud
919 2768 1009 2809 apud
1067 2766 1206 2798 mulavit
1230 2766 1341 2806 aqna.'

309 2818 495 2850 Ovidium:
520 2821 528 2837 ⁶
543 2819 701 2851 Dedecus
714 2820 776 2851 hoc
793 2823 902 2851 sumta
915 2818 1009 2850 dissi-
