1893 3225
223 222 307 264 712
706 229 755 257 Μ.
789 228 901 258 vixi„
937 228 1212 258 murrinis

229 326 507 370 Foecundam
528 326 672 367 vetuit
693 326 884 380 reparari
906 326 1123 367 mortibus·
1143 323 1347 378 Hydram
1365 342 1372 365 ;

284 395 533 450 Hesperias
554 394 707 436 Tusco
728 394 839 436 lavit
859 394 904 435 in
921 407 1050 435 amne
1069 395 1223 436 boves.

226 464 345 507 Haec
366 463 511 504 minor
530 461 739 505 Alcides:
770 462 914 516 major
929 476 1030 516 quae
1051 462 1252 515 gesserit,
1274 462 1394 513 audi,

284 533 453 575 Sextus
473 532 529 573 ab
550 529 731 573 Albana
753 545 887 585 quem
910 531 1020 572 colit
1037 544 1140 572 arce
1161 531 1291 585 lapiS.

225 601 434 644 Asseruit
453 613 670 655 possessa
689 600 819 642 malis
841 600 1036 642 Pallatia
1056 600 1228 653 regnis:

284 669 436 711 Prima
456 682 538 710 suo
552 669 687 723 gessit
707 682 787 722 pro
815 667 932 710 Jove
952 668 1071 709 bella
1092 681 1216 722 puer.

231 738 366 780 Solus
391 738 547 780 Iuleas
567 750 668 778 cum
687 736 785 791 jam
806 736 1017 777 retineret
1037 736 1249 784 habenas,
1641 735 1701 775 15

282 805 504 856 Tradidit,
525 805 661 858 inque
682 816 765 845 suo
788 804 947 844 tertius
970 805 1072 845 orbe
1094 804 1192 844 fuit..

228 873 408 916 Cornua
428 873 662 914 Sarmatici
685 875 747 913 ter
769 871 938 925 perfida
954 871 1156 912 contudit
1180 870 1305 911 Istri:

286 941 529 984 Sudantem
546 939 710 981 Getica
730 942 796 980 ter
813 939 915 980 nive
936 939 1050 980 lavit
1071 952 1246 992 equum.

1628 393 1646 432 'i
1662 394 1689 433 d

232 1063 349 1102 Infem's
361 1063 456 1094 rediit
469 1072 537 1093 cum
553 1072 626 1093 cane
650 1061 814 1093 Cerbero.
862 1062 936 1093 Non
956 1072 1063 1102 passus
1079 1065 1124 1093 est
1141 1062 1270 1102 hydram
1287 1061 1429 1092 remorari
1443 1063 1626 1091 crescentem
1647 1071 1699 1091 nc-

229 1108 337 1138 cibus:
361 1107 437 1137 lavit
461 1106 549 1136 bores
578 1105 738 1145 Hispanus
763 1105 797 1135 in
821 1115 909 1135 amne
935 1105 1044 1136 Tuscu.
1090 1105 1200 1135 Minor
1216 1104 1342 1135 Alcides
1358 1103 1442 1135 feeit
1470 1105 1544 1135 hoec.
1590 1104 1698 1142 Disce,

229 1160 297 1190 quoe
305 1150 421 1188 fecerit
436 1150 546 1189 nzujor,
562 1149 614 1188 qui
630 1149 742 1178 colitur·
757 1149 797 1178 (ul
812 1152 935 1178 sea-tum
949 1148 1130 1179 milliarium
1153 1148 1190 1178 ab
1206 1158 1276 1178 «ιι-ον
1290 1147 1424 1178 Albana.
1472 1147 1632 1178 Liberat-it
1646 1157 1700 1187 pa-

230 1194 308 1224 latin
326 1196 472 1232 occupata
487 1203 506 1222 a
520 1193 599 1221 malo
613 1192 752 1231 principe
764 1201 775 1227 ;
797 1200 874 1230 puer
895 1192 995 1229 gessit
1009 1192 1111 1231 prima
1134 1192 1210 1221 bellu
1236 1200 1291 1230 pro
1318 1201 1372 1221 suo
1395 1191 1487 1222 λοι-ι’.
1537 1191 1616 1220 Cum
1629 1191 1700 1229 jam

230 1237 313 1266 solus
327 1237 475 1267 rcthreret
491 1235 623 1266 habenas
649 1234 879 1273 Imperatoriae,
903 1235 1035 1265 tradidit
1052 1235 1139 1273 illas,
1163 1238 1193 1265 et
1218 1234 1331 1264 tertius
1352 1234 1587 1265 administravit
1611 1242 1702 1262 suum.

229 1279 404 1319 imperium.
430 1278 599 1317 Tersregil
609 1277 730 1319 perfida
743 1277 1012 1319 cornuaLDunubii
1025 1277 1211 1308 Sarmatici.-
1228 1280 1275 1308 ter
1288 1277 1359 1308 m'vc
1377 1277 1489 1308 Getica
1501 1276 1578 1307 lavit
1593 1284 1703 1315 equum

845 1361 903 1373 θ’θ’
907 1361 1059 1374 Mtte
1063 1361 1083 1374 e

231 1406 420 1449 exigente.’
465 1408 621 1439 Sclzrevel.
648 1406 726 1438 Hoc
749 1407 859 1438 edidit
884 1407 1156 1438 Bai-bouins.-—7
1188 1406 1304 1438 ‘Ante
1330 1406 1515 1447 legebatur
1547 1405 1581 1436 S.
1599 1405 1705 1444 undis,

228 1451 319 1494 quod
338 1451 564 1489 falsissimum,
590 1460 632 1481 ex
656 1456 773 1481 mente
792 1449 928 1481 Poijtae.
974 1450 1211 1491 Depreliensae
1244 1450 1336 1481 enim
1367 1451 1401 1480 in
1425 1449 1505 1480 aere
1524 1448 1706 1488 Harpuiae,

231 1505 297 1527 non
321 1495 356 1525 in
384 1494 483 1526 lacu.⁷
508 1494 641 1524 Gruter.
687 1493 797 1524 Astn's
824 1493 902 1525 cod.
924 1494 1133 1525 Beverland.
1151 1499 1185 1525 et
1204 1493 1252 1525 sic
1269 1502 1469 1534 expressum
1486 1492 1571 1524 dant
1585 1492 1704 1523 Maitt.

895 1578 1040 1610 NOTAE

275 1649 294 1678 7
319 1646 636 1687 AEripedemcerram
652 1645 806 1686 [cerrum]
841 1644 945 1676 ‘Cor-

233 1698 333 1730 nibus
369 1697 496 1729 auratis
531 1706 671 1728 cervum
694 1700 797 1728 necat
824 1696 944 1727 ordine

999 1644 1041 1676 ad
1070 1650 1230 1678 octavum
1246 1655 1328 1677 vero
1353 1644 1394 1676 ab
1415 1644 1512 1684 urbe,
1535 1642 1636 1685 Epig.
1661 1643 1708 1674 ci·

1000 1700 1087 1728 tato.

233 1748 379 1792 quarto!
403 1750 541 1789 Legunt
567 1748 624 1779 alii
649 1758 783 1780 cervam.
829 1748 944 1779 Aurea

235 1801 384 1833 habebat
401 1810 528 1832 cornua
546 1812 555 1839 3
576 1799 699 1831 Dianae
724 1809 824 1830 sacra
838 1804 913 1830 erat
931 1810 940 1837 ;

234 1854 269 1886 in
285 1857 403 1885 monte
430 1852 582 1884 Maenalo
599 1851 816 1891 vagabatur3
842 1860 940 1892 quam

235 1906 406 1938 Hercules
437 1903 543 1944 cepit,
566 1906 600 1933 et
626 1902 752 1933 Dianae
775 1902 941 1943 Taygetae

234 1955 463 1988 consecravit.
494 1954 551 1985 Sic
577 1953 748 1984 Raderus.

279 2006 516 2050 Stymphalidas
529 2005 636 2045 umlz's]
672 2003 881 2045 Stymphalis
896 2005 944 2034 la-

237 2069 297 2092 cus
312 2061 345 2089 in
360 2055 588 2095 Arcadia,ubi
599 2065 678 2085 aves
690 2055 945 2096 Stymphalides

235 2109 411 2141 inusitatae
430 2106 690 2147 magnitudinis,
702 2115 778 2146 quae
791 2105 945 2136 humanis

238 2158 398 2192 carnibus
428 2157 672 2195 vescebantur,
708 2165 790 2196 quas
817 2155 947 2186 occidit

238 2210 423 2242 Hercules.
470 2207 560 2237 Vide
588 2207 753 2238 Natalem
778 2205 947 2237 Comitem

236 2261 298 2294 lib.
313 2270 380 2292 vn.
393 2259 507 2300 Myth.
520 2268 596 2298 cap.
615 2260 644 2289 1.

277 2316 298 2344 9
324 2312 512 2343 Foecundam
535 2309 651 2350 vetuit]
700 2308 787 2348 Igne
813 2308 950 2339 seilicet

239 2364 391 2403 admoto,
431 2360 590 2402 impediit
616 2368 659 2390 ne
690 2359 807 2399 hydrae
831 2359 950 2399 capita

241 2417 518 2447 renascerentur.

284 2469 322 2497 10
348 2464 520 2505 Hesperias
549 2461 659 2502 Tusco]
694 2460 865 2500 Geryonis
882 2460 947 2492 sci·

237 2519 322 2550 licet
336 2517 453 2549 boves.
478 2513 567 2546 Vide
582 2513 682 2553 Epig.
698 2514 751 2544 49.
766 2515 803 2543 et
818 2514 872 2543 65.
888 2511 948 2543 lib.

240 2581 274 2604 v.
320 2572 371 2603 Ex
395 2567 563 2609 Hispania
578 2566 612 2597 in
636 2565 771 2596 Italiam
788 2564 946 2605 adduxit,

239 2628 276 2655 et
288 2622 407 2654 Tiberi
424 2630 480 2652 eas
498 2618 595 2650 lavit.

285 2676 324 2704 11
375 2670 495 2711 Major]
540 2668 676 2707 Nempe
715 2665 946 2698 Domitianus.

239 2724 331 2756 Vide
347 2722 449 2763 Epig.
472 2723 653 2759 65.supra.

288 2778 328 2807 12
352 2774 471 2806 Sextus
498 2770 537 2802 ab
569 2768 706 2808 Albana]
738 2769 815 2800 Hoc
828 2772 891 2809 est,
905 2768 947 2799 ad

245 2830 378 2858 sextum
411 2821 603 2854 milliarium
633 2820 673 2850 ab
697 2828 776 2850 arce
803 2819 946 2853 Albana,

1043 1750 1083 1778 13
1106 1747 1252 1778 Asseruz't
1262 1747 1416 1788 possessa]
1448 1746 1528 1777 Hoc
1544 1750 1597 1777 est
1613 1757 1621 1778 :
1649 1746 1708 1777 Vi-

999 1799 1147 1830 tellianis
1167 1799 1301 1840 ejectis,
1318 1798 1496 1838 imperinm
1513 1797 1575 1828 sibi
1599 1797 1709 1828 vindi-

997 1850 1102 1889 cavit,
1125 1854 1160 1881 et
1176 1849 1386 1890 Capitolium
1411 1847 1579 1880 defendit.
1625 1848 1708 1880 Sue-

999 1902 1113 1932 tonius
1128 1903 1160 1932 in
1178 1901 1393 1932 Domitiano.

1044 1955 1082 1982 15
1109 1952 1199 1983 Solus
1213 1951 1334 1991 Iuleas]
1352 1951 1429 1982 Hoc
1445 1950 1710 1991 est,1mperato-

1001 2003 1066 2034 rias
1093 2013 1111 2034 a
1133 2003 1227 2035 Julio
1254 2003 1390 2034 Caesare
1414 2002 1524 2043 primo
1555 2002 1710 2043 Impera-

1000 2057 1076 2085 tore
1100 2053 1148 2084 sic
1174 2053 1312 2084 dictas:
1336 2053 1400 2083 hoc
1418 2056 1482 2091 est,
1505 2059 1710 2093 occupatum

1001 2104 1180 2144 imperium
1209 2104 1301 2145 patri
1327 2113 1388 2134 suo
1414 2103 1628 2144 Vespasiano
1645 2107 1714 2134 tra—

1001 2155 1103 2186 didit.
1149 2155 1333 2186 Suetonius
1360 2155 1393 2185 in
1418 2154 1614 2185 Domitiano
1631 2164 1709 2195 cap.

1003 2209 1054 2238 13.

1048 2260 1087 2288 16
1113 2258 1218 2288 Insuo
1234 2255 1320 2295 orbe]
1338 2256 1414 2287 Hoc
1429 2258 1494 2295 est,
1506 2255 1539 2286 in
1556 2255 1714 2296 imperio,

1004 2307 1093 2349 quod
1110 2308 1184 2349 ipse
1201 2308 1346 2348 adeptus
1363 2312 1461 2345 erat;
1486 2311 1564 2348 post
1580 2307 1712 2348 Vespa-

1004 2358 1136 2389 sianum
1157 2359 1247 2389 enim
1272 2362 1308 2389 et
1323 2358 1439 2388 Titum
1458 2358 1625 2398 regnavit.

1048 2411 1087 2439 17
1137 2409 1262 2439 Cornua
1291 2408 1480 2448 Sarmatici]
1525 2409 1604 2439 Hoc
1635 2413 1688 2440 est
1703 2419 1712 2439 :

1002 2458 1158 2490 Perfidas
1172 2463 1305 2499 gentes,
1317 2469 1393 2500 quae
1406 2459 1608 2490 Danubium
1624 2459 1715 2491 inco-

1000 2511 1086 2552 lunt,
1102 2517 1155 2543 ter
1171 2510 1314 2542 domuit.
1360 2510 1451 2541 Vide
1472 2509 1571 2550 Epig.
1584 2513 1636 2542 15.
1653 2510 1713 2541 lib.

1003 2571 1090 2594 vul.
1134 2562 1275 2593 Cornua
1289 2560 1401 2592 fluviis
1419 2561 1576 2592 tribuunt
1599 2560 1713 2602 poetic

1002 2616 1147 2654 propter
1163 2612 1313 2652 riparum
1336 2611 1555 2649 curvitatem,
1579 2616 1638 2642 aut
1655 2620 1715 2651 po-

1002 2664 1069 2695 tius
1086 2668 1230 2704 propter
1243 2663 1394 2703 geminos
1413 2663 1573 2703 pluresve
1586 2663 1715 2699 alveOS,

1003 2715 1037 2745 in
1052 2725 1134 2756 quos
1146 2714 1356 2746 dividuntur.
1402 2715 1459 2746 Sic
1478 2714 1643 2754 Virgilius
1662 2721 1713 2744 rx.

1004 2766 1137 2798 AEncid.
1154 2766 1242 2797 dixit
1266 2766 1422 2798 Rhenum
1439 2765 1627 2797 bicornem.

1049 2821 1086 2849 lb*
1133 2818 1302 2850 Sudantem
1339 2817 1468 2858 Getica]
1513 2816 1589 2847 Hoc
1637 2818 1689 2846 cst
1704 2824 1711 2846 ε
