1893 3225
271 226 356 269 608
754 237 803 266 M.
836 238 949 268 VAL.
983 238 1260 268 MARTlALlS

782 492 849 522 AD
883 491 1217 522 CEDITIANUM.

438 559 718 602 TONSOREM
739 573 932 614 puerum,
953 560 1031 601 sed
1054 564 1146 601 arte
1167 560 1313 609 talem,

442 628 606 679 Qualis
627 641 709 669 nec
730 628 972 668 Thalamus
992 627 1075 669 fuit
1098 627 1304 678 Neronis,

443 697 686 738 Drusorum
707 696 777 736 cui
807 695 1028 748 contigere
1048 696 1216 745 barbae,

437 764 702 819 AEquandas
727 765 865 805 semel
883 765 925 804 in
947 777 1078 817 genas
1100 768 1300 817 rogatus,

439 832 579 883 Rufo,
609 832 854 880 Ceditiane,
879 832 1173 873 commodavi.
1708 834 1736 873 5

440 902 560 943 Dum
577 900 735 954 jussus
755 901 913 954 repetit
939 900 1057 954 pilos
1081 900 1273 950 eosdem,

437 968 636 1009 Censura
656 969 827 1022 speculi
847 982 1027 1009 manum
1047 976 1237 1022 regente,

437 1036 740 1091 Expingitque
764 1040 927 1086 cutem,
942 1036 1139 1091 facitque
1159 1037 1339 1090 longam

444 1106 655 1146 Detonsis
676 1105 1002 1159 epaphaeresim
1025 1105 1226 1158 capilli33

436 1173 657 1215 Barbatus
678 1173 787 1214 mihi
809 1178 964 1215 tonsor
983 1176 1053 1214 est
1071 1185 1289 1213 reversus.
1676 1172 1732 1213 10

307 1296 339 1329 O
359 1295 534 1335 Ceditiane,
550 1305 613 1335 ego
637 1298 767 1334 rogatus
781 1294 969 1327 commodavi
988 1294 1071 1333 Ruso
1087 1295 1126 1325 ad
1142 1295 1294 1325 radendas
1308 1295 1402 1326 semel
1412 1304 1510 1334 genas
1521 1304 1650 1335 puerum
1664 1298 1732 1326 ton-

261 1350 373 1378 sorem,
385 1341 438 1370 sed
453 1340 547 1370 talem
561 1343 642 1379 arte,
658 1339 757 1378 qualis
770 1349 824 1370 nec
836 1338 904 1376 fnit
923 1338 1088 1369 Thalamus
1104 1343 1222 1369 tonsor
1239 1338 1443 1375 Neronis‚cui
1459 1339 1618 1376 contigere
1628 1337 1732 1369 barba:

261 1385 437 1415 Drusorum
450 1381 622 1414 radendae.
670 1382 757 1412 Dum
771 1382 939 1422 imperatus
961 1381 1075 1421 repetit
1091 1382 1170 1421 pilos
1185 1382 1302 1412 eosdem
1317 1380 1393 1412 Rufi
1410 1391 1539 1412 censura
1553 1381 1668 1421 speculi
1683 1391 1732 1412 re·

259 1430 353 1465 gente
368 1436 503 1464 manum,
519 1429 612 1465 atque
625 1425 770 1464 expingit
786 1429 897 1463 cutem,
918 1423 1040 1462 etfacit
1056 1424 1236 1455 diuturnam
1251 1425 1474 1455 detractionem
1486 1425 1623 1456 detonsis
1636 1425 1731 1465 capil-

260 1469 322 1506 lis;
344 1473 449 1500 tonsor
464 1469 612 1499 barbatus
627 1468 722 1499 rediit
733 1469 772 1498 ad
795 1478 852 1499 me.

877 1530 913 1541 ee
920 1530 1030 1541 ‘tete‘
1037 1530 1110 1541 ‘ee‘

306 1579 326 1607 4
351 1576 527 1616 AEquandoe
544 1574 654 1606 codex
671 1575 864 1606 Pulmanni.
909 1576 1091 1615 AEquamlas
1105 1576 1196 1606 semel
1211 1576 1250 1605 ud
1270 1584 1369 1614 genos
1383 1574 1483 1606 codd.
1508 1575 1589 1606 Vat.
1603 1579 1639 1606 et
1654 1575 1732 1607 Flo-

262 1622 416 1650 rent.—6
441 1619 642 1656 Dumjustus
664 1619 779 1659 repetit
797 1619 1067 1649 Farnabius.—8
1091 1618 1321 1658 zia-pangitque
1344 1619 1376 1648 in
1394 1617 1476 1649 Ald.
1499 1617 1598 1649 Junt.
1617 1618 1730 1650 Coun.

261 1662 396 1703 Gryph.
411 1662 518 1701 Lang.
533 1667 596 1692 ὸεο.
614 1661 693 1692 vide
709 1661 783 1691 Lib.
801 1670 867 1693 vu.
893 1661 994 1701 Epig.
1011 1664 1063 1693 83.
1111 1661 1330 1702 Expingitque
1356 1661 1468 1692 codex
1491 1661 1730 1693 Pulmanni.—-

260 1710 280 1737 9
307 1705 454 1738 Detonsis
464 1704 680 1746 aplopheresz'n
696 1704 731 1735 in
747 1704 866 1735 codice
881 1705 1053 1735 Thuaneo.

929 1779 1071 1812 NOTAE

303 1848 418 1879 2·Nec
451 1845 633 1886 Thalamus]
657 1845 794 1877 Nomen
819 1844 969 1876 tonsoris
1026 1854 1206 1875 censuram
1222 1844 1308 1886 pilos
1333 1844 1458 1876 iterum
1487 1845 1729 1886 atqueiterum

260 1898 423 1930 Neronis.
468 1898 605 1938 Lipsius
632 1897 741 1937 Epist.
759 1897 893 1929 Quaest.
908 1895 968 1929 lib.
1025 1897 1187 1935 castigat.

263 1957 288 1979 1.
304 1958 382 1988 cap.
398 1952 431 1978 5.
1067 1949 1086 1976 8
1104 1945 1281 1986 Expingit]
1298 1945 1379 1985 Alii,
1398 1946 1576 1986 Expungz't.
1593 1946 1650 1979 lib.
1663 1956 1728 1980 vu.

303 2001 322 2029 3
348 1997 540 2037 Drusorum]
564 1997 641 2029 Hoc
658 2002 711 2029 est
726 1997 913 2029 Neronum.
1025 1997 1126 2038 Epig.
1142 1999 1195 2028 83.

304 2052 324 2080 6
352 2050 438 2080 Pilos
454 2049 587 2089 eosdem]
623 2049 699 2080 Hoc
725 2054 788 2087 est,
806 2049 884 2079 dum
906 2049 968 2080 ite·
1067 2051 1106 2078 10
1131 2046 1307 2087 Barbatus]
1331 2046 1408 2078 Hoc
1435 2046 1539 2078 verbo
1563 2047 1691 2079 diutius
1709 2059 1728 2079 a

260 2110 334 2131 rum
352 2105 453 2140 atque
471 2101 594 2131 iterum
608 2099 700 2131 radit
713 2099 852 2131 barbam
879 2099 970 2130 Rufi.
1026 2098 1117 2131 Rufo
1134 2098 1312 2129 detentum
1336 2097 1440 2129 fuisse
1461 2097 1584 2130 Rufum
1602 2099 1729 2140 signifi-

263 2152 362 2192 Legit
378 2151 583 2189 Farnabius,
599 2152 685 2182 Dum
707 2152 816 2190 justus
836 2152 948 2191 repetit
960 2161 970 2180 .-
1024 2156 1082 2182 cat
1097 2150 1218 2182 Poeta.

260 2203 324 2233 hoc
343 2207 407 2242 est,
423 2202 503 2233 dum
521 2202 624 2234 nimio
649 2202 763 2234 studio
778 2202 821 2234 ad
837 2202 969 2244 speculi

934 2299 1067 2341 LIII.

805 2391 857 2420 IN
892 2390 1181 2421 CATULLAM.

435 2460 813 2502 Fossmoslssmm
838 2473 939 2514 quae
961 2460 1098 2509 fuere,
1119 2459 1190 2500 vel
1211 2463 1329 2507 sunt,

433 2529 521 2570 Sed
544 2530 760 2570 vilissima
782 2542 880 2582 quae
900 2529 1038 2579 fuere,
1059 2527 1132 2569 vel
1152 2532 1266 2577 sunt,

301 2639 379 2676 Qua>
390 2641 598 2682 pulcherrima
602 2640 696 2679 suere
707 2641 754 2672 vel
768 2644 852 2680 sunt,
865 2642 918 2672 sed
934 2640 1086 2671 vilissima
1099 2639 1265 2680 quoesuere
1280 2639 1326 2669 vel
1337 2640 1407 2669 sunt
1421 2648 1430 2668 .-
1448 2647 1464 2668 ο
1485 2637 1621 2679 Catullo,
1631 2649 1723 2680 quam

923 2715 1063 2748 NOTAE

304 2784 321 2813 l
348 2782 601 2821 Formo-sissima]
627 2781 705 2812 Hoc
723 2785 786 2822 est,
802 2781 961 2812 Foeminae
1018 2790 1153 2821 quoque
1171 2780 1352 2821 vilissimae,
1371 2780 1449 2822 qnia
1462 2778 1614 2810 omnibus
1631 2788 1724 2820 pros-

259 2844 335 2876 quae
359 2833 497 2864 fuerunt
530 2832 796 2873 tormosissimae,
826 2832 962 2864 fuerunt
1021 2831 1144 2863 tituta?-
