1893 3225
515 247 921 278 131‘1GRAMMATUM
960 248 1056 278 mu.
1094 249 1162 279 xl.
1493 239 1577 281 851

113 342 340 384 Flammea
361 347 570 385 texuntur
591 356 783 397 sponsae,
798 342 893 396 jam
916 343 1039 393 virgo
1063 351 1256 397 paratur,

167 411 390 453 Tondebit
410 425 565 466 pueros
577 411 674 465 jam
694 422 812 451 nova
832 414 972 463 nupta
995 415 1111 452 tuos.

112 479 344 521 Paedicare
366 479 504 521 semel
525 479 688 533 cupido
710 478 835 519 dabit
854 477 931 519 illa
951 479 1127 528 marito,
1551 484 1580 523 5

175 548 289 589 Dum
309 549 466 590 metuit
484 548 558 590 teli
576 547 756 589 vulnera
776 546 919 600 prima
938 547 1057 588 novi.

108 616 290 670 Saepius
306 617 389 658 hoc
410 616 504 658 fieri
526 616 688 665 nutrix,
709 620 937 669 materque
960 616 1187 665 vetabunt,

168 683 226 724 Et
246 683 406 734 dicent,
425 683 570 733 Uxor,
588 696 673 724 non
695 695 822 737 puer,
845 683 935 724 ista
956 682 1038 724 tibi
1059 688 1143 724 est.

111 750 216 792 Heu
238 757 430 806 quantos
454 756 607 801 aestuS‚
630 756 820 806 quantos
838 750 1008 804 patiere
1029 750 1220 800 labores,

167 820 215 860 Si
235 820 363 861 suerit
382 833 555 861 cunnus
572 833 642 860 res
662 819 889 874 peregrina
911 818 1014 860 tibi!
1523 822 1576 862 10

109 887 225 941 Ergo
248 888 495 930 Suburanae
514 890 695 930 tironem
716 887 837 928 trade
855 887 1096 941 magistrae.

167 956 253 997 Illa
273 957 417 997 virum
439 956 591 998 faciet:
623 969 711 998 non
731 956 843 997 bene
860 956 984 1009 virgo
1008 956 1156 998 docet.

708 1057 949 1068 eeeeeeeeeeee

109 1110 280 1142 Gruturus
296 1120 315 1142 e
333 1111 417 1143 Mss.
454 1112 578 1142 Parata
594 1115 638 1143 est
651 1111 729 1143 cdd.
741 1116 827 1143 vett.
842 1117 878 1143 et
891 1111 1018 1153 Delph.
1033 1116 1068 1143 et
1085 1111 1295 1142 Farnab.-7
1311 1111 1478 1152 Negabunt
1498 1111 1573 1143 cod.

107 1153 140 1184 iu
160 1163 267 1195 marg.
285 1154 337 1186 ed.
351 1155 433 1185 Par.
453 1157 549 1186 1617.

773 1221 801 1253 N
810 1220 912 1253 OTAE

151 1288 169 1316 3
217 1285 378 1316 Flammea
401 1288 565 1326 texuntur,
587 1285 656 1326 Sym]
700 1286 811 1317 Flam·
867 1285 1035 1324 exoletos,
1051 1288 1233 1325 postquam
1250 1293 1390 1315 uxorem
1415 1283 1577 1317 duxeris:

107 1345 219 1366 meum
239 1340 313 1367 erat
343 1336 572 1368 velamentum
596 1338 725 1368 luteum
753 1347 812 1368 seu
868 1336 969 1377 Epig.
988 1338 1039 1366 18.
1053 1335 1111 1366 lib.
1128 1343 1199 1366 ΧΠ.

109 1386 263 1427 rubeum,
293 1397 360 1428 quo
391 1397 480 1418 nova
501 1393 610 1428 nupta
626 1388 812 1429 tegebatur
909 1389 947 1418 ll
975 1387 1064 1426 Ergo
1081 1385 1269 1425 Suburanoe,
1287 1385 1354 1426 ἔξω]
1389 1385 1500 1417 Trade
1541 1390 1575 1418 te

107 1437 251 1478 pudoris
277 1438 399 1479 gratia,
432 1438 487 1469 vel
521 1438 556 1469 in
583 1438 812 1479 subjectionis
867 1438 1118 1470 instituendum
1132 1437 1307 1468 meretrici
1325 1437 1475 1478 cuipiam
1491 1439 1577 1469 Sub-

108 1488 310 1529 symbolnm.
867 1500 996 1530 uranae,
1021 1500 1096 1531 quae
1121 1490 1244 1521 melius
1272 1490 1411 1521 docebit
1438 1494 1473 1521 te
1504 1489 1576 1521 offi-

149 1542 170 1570 4
203 1539 352 1570 Tondebit
380 1549 503 1579 pueros,
531 1537 602 1580 &c.]
637 1539 815 1570 Tondebit
867 1541 957 1573 cium
976 1541 1051 1581 viri,
1073 1550 1171 1582 quam
1189 1550 1278 1572 nova
1294 1545 1404 1582 nupta
1417 1546 1452 1572 et
1466 1540 1574 1573 rudis.

108 1590 288 1621 catamitos
317 1594 394 1621 tuos
411 1595 574 1631 tanquam
598 1589 761 1622 emeritos
777 1595 814 1622 et

722 1723 965 1767 LXXIX.

689 1821 755 1852 AD
789 1822 987 1853 PAETUM.

108 1886 184 1929 An
206 1888 389 1943 primum
412 1889 584 1932 decima
602 1891 795 1945 lapidem
816 1891 935 1946 quod
956 1891 1158 1933 venimus
1178 1892 1300 1944 hora,

162 1955 395 2011 Arguimur
415 1958 547 2000 lentae
568 1959 749 2000 crimine
767 1961 971 2014 pigritiae.

107 2024 212 2066 Non
231 2029 299 2067 est
317 2026 410 2068 ista
428 2026 532 2077 viae,
552 2040 637 2068 non
657 2031 724 2068 est
741 2040 858 2077 mea,
878 2027 956 2068 sed
977 2030 1055 2068 tua
1074 2029 1224 2082 culpa,

166 2092 338 2135 Misisti
356 2095 499 2136 mulas
518 2095 595 2149 qui
616 2095 740 2146 mihi,
763 2095 902 2146 Paete,
918 2099 1033 2137 tuas.

148 2208 204 2239 Me
214 2219 341 2240 accusas
352 2211 390 2241 de
405 2209 534 2241 crimine
549 2211 649 2242 tarda>
664 2210 801 2250 inertiae,
816 2212 896 2251 quod
910 2211 987 2241 hora
1003 2211 1120 2241 decima
1133 2211 1204 2242 veni
1218 2212 1259 2242 ad
1273 2212 1410 2253 primum
1426 2214 1568 2253 lapidem.

108 2250 140 2282 Ο
158 2252 260 2292 Poete,
280 2253 342 2284 ista
355 2253 478 2294 quidem
492 2263 553 2285 non
568 2257 612 2284 est
629 2264 707 2294 mea,
729 2255 781 2284 sed
803 2257 858 2285 tua
872 2255 971 2295 culpa,
993 2254 1047 2294 qui
1069 2254 1185 2285 misisti
1204 2257 1245 2286 ad
1267 2265 1315 2287 me
1331 2259 1402 2287 tuas
1416 2258 1524 2288 mulas.

716 2338 957 2351 mse-‘mo

152 2392 169 2419 1
196 2388 260 2424 Qui
274 2389 319 2420 id.
334 2390 464 2422 Ms.-—3
491 2391 624 2427 Quidem
637 2401 699 2433 pro
720 2393 779 2424 vioe
796 2392 873 2424 edd.
889 2396 976 2424 vett.

764 2477 905 2510 NOTAE

154 2541 170 2569 1
195 2538 247 2570 Ad
267 2538 401 2579 primum
416 2541 564 2582 lapidem]
587 2542 666 2574 Hoc
682 2547 747 2582 est,
763 2542 805 2574 ad
861 2542 923 2574 bus
941 2542 1032 2573 horis
1043 2546 1121 2573 ante
1138 2546 1284 2574 noctem.

111 2594 203 2621 tuam
220 2589 331 2620 vinam
342 2590 434 2622 mille
451 2592 602 2632 passibus
620 2592 806 2625 distantem
904 2596 922 2625 4
948 2594 1054 2625 Malas
1071 2593 1158 2633 tuas]
1187 2593 1412 2625 Tardissimas
1430 2604 1566 2637 nempe.

110 2641 152 2672 ab
167 2640 250 2671 urbe
268 2641 344 2672 veni
359 2641 440 2673 hora
449 2642 591 2684 decima,
605 2644 637 2676 id
652 2649 713 2685 cst,
726 2645 806 2677 dua-
