1960 3230
599 254 962 285 EPlGRAMMA'rU
975 255 1004 282 M
1044 254 1138 283 [AB.
1173 253 1256 283 vu.
1584 241 1668 283 499

379 353 417 393 ⁴)
439 365 571 406 quam
592 364 662 391 me
681 350 857 390 nimium
877 350 1056 404 probas,
1079 362 1311 403 amensque,

382 421 472 471 Qui
490 421 558 461 vis
579 418 842 472 archetypas
866 417 1025 457 habere
1048 430 1188 470 nugas
1202 419 1219 457 ’ὲ

204 527 299 557 mium
315 525 426 566 probus
437 534 495 562 me,
512 527 539 554 et
551 523 673 563 diligis,
690 522 801 563 quivis
814 521 925 552 habere
938 521 1072 560 ineptias
1089 520 1323 561 autographas!

866 597 1006 630 NOTAE

251 665 264 692 l
294 661 389 701 Cogis
404 659 466 700 me]
489 660 544 691 De
574 659 733 691 Pudente
745 659 818 699 jam
835 657 905 689 dic·
961 656 1172 696 emendatos,
1194 666 1277 698 quos
1310 656 1481 688 Martialis
1506 663 1668 689 vocatar-

207 719 276 744 tnm
294 713 353 744 lib.
370 721 395 743 1.
413 711 514 752 Epig.
528 713 582 741 32.
630 710 757 741 Nescio
782 719 823 740 an
851 709 906 740 hic
959 708 1105 749 cltetypas
1121 717 1229 747 nugas.

207 764 295 795 idem
314 764 380 794 sit:
405 766 484 794 utut
500 766 569 800 est,
588 761 709 792 Poetae
726 765 800 791 erat
826 759 907 790 ami·
1005 762 1024 790 3
1050 759 1196 790 Nimium
1215 759 1343 800 probas]
1370 761 1458 792 Nam
1483 761 1510 792 si
1535 761 1568 791 in
1586 762 1668 791 meis

204 814 369 852 cissimus,
397 813 454 854 qui
485 812 517 842 in
545 811 714 842 niemoriae
743 810 842 841 simul
873 814 909 840 et
963 809 1117 840 versibus
1135 810 1252 852 aliqua
1267 810 1396 843 fuerint
1421 812 1555 851 menda,
1580 813 1613 843 in
1630 813 1668 842 li-

206 864 362 895 amicitiae
388 868 620 903 argumentum
638 862 681 893 ab
699 861 755 892 illo
773 865 910 902 peteret
965 861 1114 892 brarium
1139 862 1274 904 culpam
1291 863 1437 904 rejicere
1451 873 1517 894 non
1535 868 1667 903 potero.

204 924 321 946 versus
339 914 478 955 propria
501 913 573 955 ejus
589 923 689 944 manu
704 912 852 953 scriptos
876 917 910 942 et

872 1000 992 1042 XII.

731 1079 798 1109 An
833 1079 1141 1110 FAUS'rlNUM.

207 1148 288 1189 Sic
310 1160 379 1188 me
394 1147 531 1189 fronte
553 1147 673 1200 legat
693 1147 915 1197 dominus,
934 1147 1156 1198 Faustine,
1174 1160 1343 1197 serena,

265 1216 562 1269 Excipiatque
582 1228 722 1265 meos,
744 1228 834 1269 qua
854 1215 967 1256 solet
986 1228 1106 1266 aure,
1122 1216 1251 1269 jocos
1269 1230 1280 1267 3

208 1283 268 1324 Ut
288 1297 386 1325 mea
405 1297 500 1333 nec,
516 1283 639 1337 juste
661 1296 774 1337 quos
796 1283 903 1333 odit,
925 1284 1089 1338 pagina
1109 1284 1248 1334 laedit,

264 1351 319 1392 Et
338 1352 442 1392 mihi
458 1353 513 1393 de
533 1352 651 1392 nullo
673 1351 794 1393 fama
815 1352 975 1392 rubore
995 1351 1154 1405 placet.

207 1417 327 1469 Quid
347 1419 542 1472 prodest,
563 1419 746 1473 cupiant
766 1432 867 1459 cum
905 1417 1089 1472 quidam
1110 1426 1264 1461 nostra
1285 1420 1440 1469 videri,
1641 1421 1670 1458 :3

264 1486 313 1526 Si
333 1499 421 1539 qua
443 1486 693 1540 Lycambeo
713 1486 921 1538 sanguine
943 1486 1031 1526 tela
1050 1487 1261 1529 madent?

210 1552 543 1606 Vipereumque
560 1557 740 1594 vomant
755 1558 910 1594 nostro
933 1554 1015 1594 sub
1036 1555 1212 1595 nomine
1232 1557 1368 1606 virus,

267 1621 358 1672 Qui
380 1621 540 1661 Phoebi
560 1621 708 1661 radios
729 1621 837 1661 ferre
858 1621 1060 1674 diemque
1078 1624 1267 1674 negant?

210 1689 424 1730 Ludimus
445 1687 645 1728 innocui:
679 1688 769 1728 scis
789 1687 873 1727 hoc
894 1688 1006 1728 bene
1024 1700 1033 1728 ε
1058 1687 1159 1740 juro
1178 1691 1372 1743 potentis

266 1757 351 1797 Per
363 1757 539 1809 genium
558 1755 725 1805 Famae,
750 1754 1118 1808 Castalidumque
1141 1769 1310 1809 gregem
1330 1771 1339 1801 z
1614 1760 1669 1801 10

250 1863 282 1894 Ο
301 1863 461 1902 Fuustiue,
473 1863 612 1894 dominus
626 1863 673 1893 ita
688 1863 772 1901 legat
788 1872 835 1893 me
846 1863 932 1893 vultu
947 1861 1093 1902 benigno,
1112 1867 1143 1894 et
1163 1864 1303 1904 excipiat
1325 1875 1406 1896 meos
1421 1866 1508 1897 ludos
1521 1875 1596 1897 aure
1609 1877 1668 1907 qun

206 1906 363 1938 consuevit
377 1916 389 1943 ;
413 1909 449 1936 ut
465 1907 523 1937 mei
537 1905 609 1937 libri
624 1916 679 1936 nec
694 1905 852 1946 offendunt
869 1915 943 1945 quos
944 1905 1019 1943 jure
1040 1908 1181 1946 oderunt,
1205 1907 1335 1945 etfama
1349 1919 1409 1939 uon
1425 1912 1469 1940 est
1479 1913 1575 1949 grata
1590 1910 1668 1941 mihi

207 1951 244 1980 de
257 1949 369 1979 rubore
383 1948 573 1989 cujusquam.
619 1949 813 1988 Quidjuvut,
826 1958 894 1979 cum
917 1948 1044 1988 quidam
1059 1950 1153 1980 velint
1165 1951 1344 1982 existimari
1355 1955 1471 1992 nostru,
1485 1952 1514 1982 si
1529 1954 1667 1992 quoedum

206 1994 267 2023 telu
278 1991 507 2032 perfunduntur·
520 1992 671 2031 sunguine
682 1991 875 2032 Lycambeo?
889 1995 982 2031 atque
996 1991 1159 2032 effundant
1173 2003 1318 2025 venenum
1331 1996 1486 2034 vipereum
1496 1995 1551 2025 sub
1562 1999 1668 2026 nostro

207 2036 344 2074 nomine,
358 2034 411 2075 qui
418 2034 566 2072 fatentur
580 2044 615 2065 se
627 2045 686 2065 uon
700 2044 787 2075 posse
798 2035 867 2074 pati
880 2034 988 2065 radios
1000 2035 1073 2065 solis
1089 2038 1119 2066 et
1142 2037 1237 2067 lucem
1253 2035 1268 2068 ’.ἶ
1311 2038 1462 2068 Jocamur
1482 2038 1605 2068 vocibus
1620 2039 1669 2069 in-

207 2078 314 2110 nocuis
326 2089 339 2116 ;
361 2077 500 2116 ltocjuro
514 2087 571 2119 per
583 2078 710 2118 genium
727 2078 833 2109 Fumoe
847 2077 996 2118 potentis,
1025 2081 1056 2108 et
1079 2079 1204 2110 chorum
1225 2080 1417 2118 Musarum;
1439 2084 1470 2111 et
1493 2090 1550 2122 per
1578 2091 1668 2112 aures

819 2151 1056 2163 eeeeeeeeeeee

250 2198 269 2226 3
294 2194 372 2227 Ald.
390 2196 486 2228 Junt.
503 2194 614 2226 Colin.
635 2195 753 2235 pagina
774 2194 922 2226 lesit.——9
946 2195 1100 2227 Ludimus
1113 2197 1253 2228 innocuis
1274 2198 1377 2229 verbis
1388 2198 1443 2229 hoc
1453 2197 1524 2238 juro
1540 2198 1595 2231 ed.
1612 2208 1669 2229 an-

210 2237 341 2280 tiquiss.
368 2239 500 2270 Ferrar.
517 2248 570 2269 an.
589 2241 682 2269 1471.
699 2236 779 2268 Ald.
794 2238 891 2270 J'uut.
910 2239 1021 2270 Colin.
1035 2240 1169 2281 Gryph.
1187 2241 1537 2273 Pulman.-Ca1dei·in.
1551 2242 1667 2273 Plant.

205 2282 345 2314 Junian.
373 2283 478 2322 Lang.
499 2281 625 2322 Delph.
641 2283 704 2313 «Sco.
721 2281 916 2312 Lectionem
932 2287 1083 2314 nostram
1111 2288 1284 2315 testantur
1306 2284 1407 2316 codd.
1435 2285 1659 2324 Bodleiauus,

866 2352 1007 2385 NOTAE

252 2420 268 2448 l
293 2416 348 2448 Sic
366 2415 548 2456 mefronte]
575 2415 652 2446 Hoc
678 2420 745 2455 est,
768 2415 826 2447 Sic
855 2425 907 2447 me
964 2418 1143 2450 mordaces
1180 2422 1217 2450 et
1254 2419 1517 2450 contumeliosos
1551 2418 1667 2456 edere,

209 2469 301 2508 legat
315 2472 351 2498 et
366 2471 459 2498 amet
471 2466 697 2508 Domitianus,
712 2472 751 2497 ut
767 2476 830 2507 ego
845 2476 910 2498 nec
965 2480 1040 2501 cum
1054 2480 1170 2501 omnes
1181 2471 1339 2507 noverint
1356 2470 1537 2501 candidum
1556 2479 1667 2501 meum

209 2518 298 2549 laedo
311 2517 484 2559 quosjure
501 2517 567 2547 odi·
965 2521 1163 2562 ingenium?
1188 2521 1277 2552 Vide
1294 2521 1405 2561 Epist.
1420 2520 1478 2552 lib.
1492 2529 1518 2551 1.

252 2567 585 2608 osiquaLycambeo]
604 2566 828 2598 Archilochus
845 2566 911 2598 Po·
1008 2576 1027 2604 8
1053 2574 1116 2609 Qui
1140 2573 1252 2604 Phoebi
1279 2572 1397 2612 radios]
1420 2572 1487 2606 Qui
1516 2581 1583 2602 non
1612 2581 1667 2602 au-

212 2621 269 2651 ἔτη
293 2619 575 2651 Lacedaemonius
599 2629 716 2650 versus
739 2618 911 2649 Iambicos
966 2624 1049 2655 (lent
1078 2634 1193 2655 versus
1230 2633 1291 2654 suo
1327 2622 1461 2653 nomine
1500 2622 1603 2653 edere
1633 2621 1668 2652 in

211 2678 278 2712 tam
303 2670 442 2701 acerbos
470 2670 606 2710 scripsit
636 2670 670 2701 in
706 2668 913 2710 Lycamben,
968 2675 1090 2706 lucem,

212 2719 914 2762 quoddesponsamipsisuamfiliamssega-
1010 2728 1031 2756 9
1055 2724 1201 2755 Innocui:
1233 2724 1293 2755 scis
1320 2723 1374 2754 hoc
1404 2723 1476 2753 bene
1513 2723 1667 2764 [innocuis

213 2772 327 2810 visset,
343 2776 380 2801 ut
396 2771 517 2811 laqueo
541 2771 748 2811 suspendere
763 2780 799 2801 se
816 2770 913 2801 Simul
967 2776 1078 2816 verbis,
1101 2775 1169 2816 hoc]
1194 2774 1263 2805 Alii
1279 2776 1418 2814 legunt:
1448 2774 1597 2804 Ludimus
1620 2773 1666 2804 2⁴11-

211 2834 286 2855 cum
300 2823 472 2854 filiailium
497 2824 660 2863 coegerit.
695 2824 817 2854 Sensus
838 2828 912 2854 est:
968 2827 1076 2859 nocui,-
1098 2826 1158 2857 scis
1174 2827 1229 2857 hoc
1247 2825 1331 2857 bene.

212 2873 302 2907 Quid
327 2873 467 2914 prodest
495 2873 630 2904 occulto
658 2872 770 2914 poe'tae
796 2882 912 2905 versus
