1893 3225
296 256 380 296 914
770 267 820 295 M.
852 266 966 296 VAL.
1004 267 1280 297 MAu'rrAins

295 360 451 402 Laetus
470 361 525 401 ad
543 360 639 402 haec
660 360 893 416 facilisque
913 363 1015 404 veni
1037 364 1237 406 solennia
1258 364 1403 406 Prisci

352 428 555 482 Gaudia3
577 442 674 470 cum
698 430 837 471 sacris
855 434 896 472 te
917 431 1045 473 decet
1064 445 1164 473 esse
1186 433 1289 473 tuis.

291 496 362 537 Tu
383 497 584 538 reducem
604 498 762 551 patriae
784 502 925 549 sexta,
947 505 1071 553 pater
1087 501 1270 554 optime,
1291 501 1444 542 bruma

352 564 538 606 Pacifici
560 565 692 607 Latia
710 565 858 607 reddis
879 568 935 607 ab
957 568 1062 608 urbe
1083 567 1258 609 Numae.

294 633 447 674 Cernis
470 638 516 674 ut
535 631 739 675 Ausonio
762 634 922 675 similis
943 635 1023 677 tibi
1046 648 1208 690 pompa
1228 636 1416 677 macello

350 701 559 752 Pendeat,
584 706 628 743 et
649 707 845 755 quantus
866 702 1112 743 luxurietur
1132 703 1299 744 honos?
1697 706 1752 746 10

295 769 442 821 Quam
464 783 552 811 non
576 783 711 823 parca
732 783 903 820 manus,
924 771 1146 824 largaeque
1167 773 1436 813 nomismata
1457 785 1638 823 mensae,

295 850 298 863 1
352 837 484 897 Quae,
509 838 710 886 Saturne,
735 838 816 878 tibi
839 843 1195 891 pernumerentur
1216 852 1324 894 opes
1342 841 1361 880 'l

295 906 443 959 thue
466 907 525 947 sit
541 906 610 947 his
632 905 823 959 pretium
845 906 1030 957 meritiS,
1053 911 1098 947 et
1114 908 1257 959 gratia
1279 907 1438 962 maJ‘or,

350 974 406 1014 Et
427 978 566 1027 pater,
584 978 629 1014 et
650 973 759 1026 frugi
781 974 845 1014 sic
868 979 946 1015 tua
968 988 1098 1016 sacra
1119 976 1239 1017 colit.

293 1041 355 1083 At
378 1049 425 1082 tu
448 1045 598 1082 sancte
620 1046 695 1083 tuo
718 1042 784 1082 sic
806 1055 979 1096 semper
999 1057 1147 1084 amere
1172 1044 1433 1086 Decembri:
1694 1046 1753 1086 15

351 1110 454 1151 Hos
476 1110 538 1151 illi
550 1110 716 1164 jubeas
737 1122 860 1164 saepe
881 1110 1022 1152 redire
1044 1111 1153 1153 dies.

1721 370 1748 409 ὑπ

294 1234 412 1273 infcros
439 1244 545 1274 usque,
570 1236 624 1266 sed
655 1235 788 1274 locuples
808 1234 960 1273 jacebat:
994 1235 1105 1266 hilaris
1130 1234 1284 1272 etfacilis
1307 1235 1414 1265 accede
1437 1234 1477 1264 ad
1501 1233 1578 1265 hanc
1601 1234 1753 1265 solennem

296 1278 440 1308 la‘titiam
456 1278 576 1317 Prisci,
593 1287 661 1308 cum
685 1287 745 1317 par
767 1281 813 1307 est
839 1280 869 1307 te
895 1279 1000 1308 adesse
1024 1279 1085 1309 tuis
1100 1279 1207 1308 sacris.
1255 1278 1312 1317 Tu,
1326 1287 1345 1307 o
1360 1281 1451 1316 pater
1465 1278 1592 1316 optime,
1609 1278 1753 1307 restituis

289 1321 405 1361 patrioe
420 1324 672 1351 reversumse.1·t0
689 1330 767 1350 anno
784 1319 821 1350 ab
837 1320 910 1350 urbe
926 1320 1020 1351 Latia
1035 1321 1139 1360 pacati
1159 1322 1280 1351 Numoe.
1331 1321 1425 1351 Vides
1439 1324 1474 1350 ut
1488 1330 1597 1359 pompa
1609 1319 1665 1349 tila·
1678 1330 1753 1359 pen-

292 1365 362 1394 deat
378 1363 489 1393 similis
512 1364 637 1394 macello
654 1363 806 1402 Romano,
821 1367 850 1393 et
868 1367 981 1402 quanta
998 1367 1178 1394 ornamenta
1194 1361 1347 1405 affimmt?
1369 1373 1460 1402 quum
1474 1363 1609 1394 liberatis
1634 1372 1754 1400 manus,

292 1410 321 1436 et
349 1407 466 1436 nummi
494 1416 605 1436 mensa:
622 1406 789 1446 munificae,
811 1416 878 1445 qua?
906 1406 1025 1436 ‹livitioe
1049 1407 1107 1437 tibi
1120 1409 1387 1446 pernumerentur,
1402 1416 1420 1436 o
1440 1403 1598 1436 Saturne?
1627 1405 1669 1435 Ut
1682 1415 1753 1444 pre-

291 1450 369 1479 tium
385 1449 442 1486 bis,
465 1451 495 1478 et
507 1449 615 1487 gratia
638 1448 735 1486 major
750 1447 907 1485 reseratur
929 1449 1059 1487 meritis,
1073 1452 1101 1479 et
1115 1453 1205 1488 pater
1223 1449 1332 1478 Prisci
1355 1452 1386 1479 et
1401 1448 1534 1488 quidem
1544 1447 1686 1486 frugalis
1707 1449 1752 1478 sic

295 1492 424 1522 celebrat
443 1494 495 1521 tua
516 1501 617 1521 sacra.
666 1492 710 1521 At
735 1494 779 1530 tu,
799 1500 817 1521 ο
840 1493 962 1529 sancte,
982 1492 1028 1522 sic
1050 1501 1169 1531 semper
1184 1491 1330 1530 diligaris
1347 1495 1399 1521 tuo
1415 1491 1599 1522 Decembri:
1622 1491 1753 1530 imperes

293 1544 372 1575 soepe
384 1535 469 1564 illum
477 1534 549 1572 frui
564 1535 611 1564 his
626 1533 743 1564 diebus.

904 1586 1083 1597 eunom
1089 1585 1146 1597 eoo

288 1653 354 1683 Ms.
373 1653 594 1685 Beverl.——13
608 1652 665 1683 Sic
678 1652 742 1683 Ms.
758 1650 791 1681 in
802 1661 908 1691 marg.
926 1650 978 1682 ed.
993 1651 1072 1681 Par.
1089 1655 1184 1683 1617.
1214 1653 1257 1683 L't
1271 1654 1314 1684 sit
1328 1653 1373 1684 In's
1389 1652 1467 1684 edd.
1486 1655 1654 1684 vem—15
1672 1653 1754 1683 Tuos

291 1696 473 1727 Decembres
485 1695 561 1726 cod.
577 1696 713 1726 Beverl.
750 1694 791 1724 In
809 1695 967 1724 lemmate
984 1694 1052 1733 huj.
1066 1695 1130 1734 Ep.
1147 1706 1201 1735 pro
1214 1696 1325 1727 Prisco
1341 1697 1484 1727 Terentio
1497 1697 1661 1728 omittunt
1673 1696 1752 1727 edd.

290 1744 375 1770 vett.
389 1745 424 1770 et
439 1740 567 1781 Delph.
584 1744 618 1770 et
637 1748 699 1778 pro
716 1747 757 1769 eo
770 1737 830 1769 dat
845 1738 878 1768 z'n
892 1737 993 1768 reditu
1013 1738 1114 1768 Prisci
1131 1738 1267 1770 Terentii
1283 1739 1337 1770 ed.
1355 1739 1458 1771 Barb.

945 1827 1083 1859 NOTAE

331 1909 349 1936 7
376 1905 423 1936 Tu
438 1906 579 1935 reducem
601 1903 728 1944 patriae]
753 1903 886 1943 Nempe
912 1907 990 1943 post
1045 1905 1321 1936 tnnmhonorem.

287 1955 486 1987 sexennium
504 1964 617 1985 meuse
640 1953 821 1984 Decembri
848 1953 890 1984 ab
907 1953 988 1984 urbe
1087 1958 1126 1986 13
1154 1956 1255 1996 thue
1275 1966 1301 1987 s,
1318 1956 1366 1986 his
1389 1955 1452 1996 [Ut
1471 1955 1513 1985 sit
1530 1955 1591 1996 his]
1615 1956 1750 1997 Legunt

288 2007 439 2038 Romaiu
454 2005 654 2046 Hispaniam
667 2014 821 2035 reversus
834 2009 885 2035 est
898 2004 989 2035 Pris-
1044 2005 1112 2044 alii,
1139 2006 1241 2046 thue
1251 2007 1293 2036 sit
1308 2007 1357 2036 his
1368 2005 1515 2045 pretium.
1529 2005 1654 2036 Sensus
1673 2013 1724 2038 est
1740 2019 1746 2037 2

289 2068 359 2089 cus,
1045 2054 1076 2085 Ο
1105 2056 1264 2095 Saturne,
1292 2061 1329 2086 ut
1357 2056 1418 2086 tibi
1449 2056 1579 2096 gratior
1601 2056 1646 2087 sit
1675 2057 1748 2087 haee

330 2111 350 2139 9
375 2107 507 2147 Pompa]
533 2107 609 2138 Hoc
634 2111 696 2145 est,
714 2111 899 2147 apparatus
917 2115 987 2137 car·
1044 2107 1238 2146 celebritas,
1275 2107 1348 2147 ipse
1393 2111 1494 2146 pater
1537 2106 1660 2145 Prisci,
1697 2108 1748 2138 vir

288 2159 338 2189 nis
354 2164 470 2189 tantus
487 2163 540 2189 est
569 2158 603 2188 in
633 2158 800 2198 Hispania
830 2156 873 2188 ad
901 2157 988 2188 cele·
1045 2162 1159 2188 tamen
1176 2167 1313 2198 parcus,
1329 2158 1421 2188 laute
1439 2157 1521 2188 colit
1545 2163 1603 2188 tua
1630 2157 1744 2188 Satur-

288 2209 416 2240 branda
434 2208 642 2248 Saturnalia,
658 2212 805 2249 quantus
824 2208 952 2238 Romae.
1046 2207 1146 2240 nalia.

331 2264 368 2292 ll
394 2261 566 2301 Largoeque
595 2260 792 2300 nomismata]
824 2260 898 2291 Hoc
923 2265 989 2299 est,
1091 2263 1131 2290 16
1148 2259 1217 2290 Hos
1232 2260 1295 2301 illi]
1309 2259 1441 2299 Nempe
1458 2255 1747 2300 Prisco‚antejus

288 2322 385 2354 quam
403 2312 508 2343 multa
535 2311 681 2352 pecunia
708 2311 922 2351 impendatur
956 2311 989 2341 in
1047 2309 1151 2349 patri,
1168 2310 1321 2341 concede
1341 2310 1443 2340 vitam
1462 2310 1662 2349 longaevam.

916 2469 1104 2511 LXIII.

850 2571 917 2600 AD
951 2571 1238 2600 CORDUBAM.

459 2651 632 2694 UNCTO
657 2649 866 2691 Corduba
887 2650 1032 2691 laetior
1050 2649 1268 2699 Venafro,

459 2720 620 2761 Histra
639 2732 719 2761 nec
740 2719 886 2759 minus
910 2718 1112 2759 absoluta
1130 2723 1262 2767 testa,

332 2830 362 2862 Ο
382 2831 523 2862 Corduba
540 2841 635 2862 amoen
643 2831 688 2861 ior
700 2833 792 2861 uncto
813 2829 959 2869 Vemzfro,
975 2839 1028 2860 nec
1040 2830 1147 2859 cedens
1162 2832 1248 2860 testoe
1263 2827 1330 2859 olei
1345 2826 1466 2867 Histri,
1478 2836 1545 2867 quoe
1560 2827 1657 2858 vincis
1671 2836 1739 2867 opfs
