1893 3225
557 245 961 275 10:1’1GRAMMA'PUM
1003 246 1093 274 [AB.
1129 243 1239 275 xm.
1542 234 1626 275 969

743 433 1059 476 LXXXVII.

788 525 1025 555 MURmEs.

173 591 436 632 SANGUlNE
458 591 511 632 de
533 594 684 633 nostro
705 592 882 641 tinctas,
905 593 1090 646 ingrate,
1113 593 1319 635 lacernas

232 659 396 710 Induis,
421 662 465 700 et
482 672 565 700 non
586 664 653 701 est
673 659 760 700 hoc
782 660 907 710 satis,
930 673 1035 702 esca
1056 674 1224 702 sumus,

216 766 247 796 0
264 766 434 804 immemor,
445 766 549 798 induis
564 767 702 798 lacernas
714 766 848 798 imbutas
860 771 962 798 nostro
976 767 1140 809 sanguine,
1150 770 1180 799 et
1196 767 1250 798 hoc
1265 777 1324 797 non
1344 766 1468 808 sufficit,
1484 775 1537 795 nos
1551 775 1628 795 com-

180 808 258 841 edis.

782 861 1020 874 eoeeeeeoeee‘

217 918 232 946 1
252 916 313 947 Bis
326 920 404 947 nost.
423 916 496 948 vult
513 916 634 948 Heins.
653 916 695 948 ad
712 916 777 948 Ov.
794 918 832 949 F.
850 928 890 949 11.
907 922 979 951 107.

831 1003 971 1035 NOTAE

218 1069 234 1096 l
258 1065 421 1105 Sanguine
442 1068 480 1098 de
504 1068 624 1109 nostro]
660 1068 713 1098 De
743 1068 874 1099 murice
929 1068 1043 1100 nitet.’

173 1115 302 1147 dictum
318 1117 419 1158 Epig.
434 1120 487 1149 23.
502 1117 560 1149 lib.
578 1127 609 1149 v.
629 1118 638 1134 ‘
652 1119 730 1149 Non
744 1119 807 1149 nisi
823 1119 876 1149 vel
973 1122 992 1149 2
1019 1119 1101 1149 Esca
1129 1117 1247 1157 sumus]
1272 1117 1348 1148 Hoc
1367 1122 1433 1155 est,
1448 1116 1545 1148 Inter
1562 1116 1627 1147 alia

171 1175 275 1198 cocco
292 1167 428 1198 madida
440 1168 493 1199 vel
508 1169 636 1200 murice
650 1169 758 1201 tincta
769 1170 877 1200 Veste
932 1170 1112 1211 conchylia
1125 1179 1250 1201 mensae
1266 1168 1481 1210 apponimus.

730 1301 1073 1344 LXXXVIII.

808 1395 1002 1425 Gossms.

174 1462 231 1502 IN
254 1461 444 1503 Venetis
471 1461 560 1503 sint
579 1462 706 1503 lauta
726 1463 835 1504 licet
857 1463 1062 1504 convivia
1082 1464 1219 1512 terris,

232 1530 506 1583 Principium
527 1543 667 1571 coenae
690 1530 846 1584 gobius
869 1544 968 1572 esse
993 1532 1126 1572 solet.

218 1642 368 1677 Quamvis
382 1642 447 1674 sint
472 1643 613 1674 convivia
628 1644 760 1685 opipara
775 1643 810 1674 in
837 1643 933 1674 terris
957 1643 1096 1685 Venetis,
1110 1653 1172 1675 mos
1189 1647 1232 1674 est
1258 1642 1394 1683 incipere
1410 1651 1524 1673 coenam
1544 1652 1563 1672 α
1578 1651 1632 1681 go-

177 1683 236 1715 bio.

785 1738 859 1751 m.

983 1739 1021 1750 eo

221 1783 235 1811 1
255 1780 295 1812 In
309 1782 408 1813 variis
424 1782 504 1814 Vat.
524 1783 633 1813 Pauca
648 1791 710 1823 pro
727 1783 813 1813 lauta
829 1783 942 1814 Palat.

833 1858 978 1890 NOTAE

219 1924 235 1952 l
260 1922 301 1953 In
317 1921 457 1962 Venetis]
472 1921 597 1953 Veneti
611 1926 689 1953 sunt
700 1921 817 1962 populi
835 1921 876 1953 ad
973 1925 993 1954 2
1019 1921 1151 1962 Gobius]
1175 1921 1376 1960 Pisciculus,
1395 1920 1450 1962 qui
1467 1920 1502 1950 in
1517 1919 1631 1950 Vene-

173 1982 268 2004 mare
293 1972 511 2004 Adriaticum
529 1984 537 2004 :
563 1973 597 2003 in
624 1972 804 2003 Britannia
819 1972 878 2003 mi-
934 1978 1045 2005 torum
1060 1972 1190 2003 lacunis
1204 1971 1365 2012 frequens
1375 1976 1442 2010 est,
1454 1969 1504 2001 ori
1515 1969 1635 2010 gratis·

173 2034 256 2055 nore
270 2025 327 2056 alii
341 2030 417 2056 sunt
429 2024 545 2066 populi
562 2024 648 2056 dicti
663 2024 802 2065 Veneti,
821 2024 878 2055 ho·
934 2025 1050 2064 simus,
1066 2023 1108 2054 de
1121 2032 1187 2064 quo
1203 2023 1355 2054 Galenus
1372 2021 1431 2053 lib.
1445 2030 1502 2053 111.
1516 2021 1558 2052 de
1576 2020 1635 2051 ali-

172 2075 227 2107 die
243 2076 368 2108 Vennes.
933 2079 1125 2106 mentorum
1134 2072 1369 2105 facultatibus.

755 2191 1055 2235 LXXXIX.

816 2283 998 2314 LUPUS.

176 2350 383 2392 LANEUS
406 2350 600 2405 Euganei
620 2352 754 2406 lupus
776 2351 946 2405 excipit
964 2363 1038 2391 ora
1057 2349 1251 2398 Timavi,

233 2419 460 2472 AEquoreo
481 2419 637 2460 dulces
658 2433 759 2462 cum
780 2421 874 2461 sale
895 2423 1054 2473 pastus
1075 2430 1234 2473 aquas.

214 2517 340 2589 lLaneus
360 2518 448 2558 lupus
462 2518 578 2559 excipit
593 2529 649 2551 ora
671 2520 794 2551 Timavi
818 2519 962 2560 Euganei
984 2518 1124 2551 nutritus
1139 2517 1228 2558 aquis
1241 2516 1382 2548 dulcibus
1405 2525 1472 2546 cum
1488 2524 1626 2556 oequoreo

178 2570 211 2590 sa
226 2570 252 2592 e.

782 2615 1019 2627 ,,,,,,,,,,,,

220 2658 236 2686 1
254 2656 395 2687 Lavinius
409 2657 574 2696 Euganius
589 2657 665 2691 cod.
683 2659 818 2692 Beverl.

222 2765 239 2794 1
264 2762 386 2803 Lupus]
409 2763 517 2796 Piscis
533 2764 678 2807 scilicet,
690 2766 732 2798 de
747 2777 813 2808 quo
829 2713 1166 2804 {JCO'I'lffidatissimi'
1178 2763 1234 2806 qui
1250 2760 1467 2817 appellanfiir
1481 2758 1599 2801 lanati,
1613 2769 1632 2790 a

179 2814 310 2848 Plinius
334 2816 392 2848 lib.
409 2826 463 2849 lx.
489 2826 565 2859 cap.
581 2820 631 2851 17.
675 2819 684 2836 ‘
704 2820 878 2860 Luporum
933 2817 1081 2850 candore
1097 2814 1309 2855 mollitiaque
1326 2810 1461 2843 carnis.’
