1893 3225
275 236 361 277 732
753 249 800 278 M.
836 250 945 279 vm„
980 250 1256 280 MAR‘i'iAms

278 341 537 383 Mensorum
559 343 701 396 longis
722 343 800 385 sed
821 357 933 385 nunc
953 349 1085 386 vacat
1103 345 1177 386 ille
1199 346 1376 387 libellis.
1714 351 1742 389 5

333 409 502 464 Appia,
524 411 630 464 quid
646 410 798 462 facies,
822 413 856 453 si
877 413 995 466 leget
1015 413 1106 454 ista
1125 413 1306 455 Macer?

275 522 349 594 Ἐκ.
394 521 438 551 Aa
457 531 537 552 nunc
550 522 667 586 meqdat
679 533 802 564 operam
818 524 919 563 longis
935 523 1025 553 libris
1038 528 1281 563 geometrarum.
1315 526 1345 556 Ο
1364 525 1482 567 Appia,
1496 525 1732 567 quidsacies,si

319 575 390 595 acer
402 566 518 596 evolvet
529 565 589 595 ista
600 589 608 596 .

936 608 1076 639 NOTAE

318 675 336 702 5
362 672 556 712 Jlmisorum]
589 673 657 706 Qui
682 673 724 705 de
745 674 866 715 spatiis
882 674 981 705 itine-
1035 680 1181 716 cupatus
1197 680 1285 708 erat.

276 732 348 752 rum
376 728 411 753 et
433 724 562 754 ratione
590 724 719 755 viarum
748 725 978 765 scripserunt:
1078 730 1098 757 6
1121 728 1237 768 Appia,
1251 727 1340 768 quid]
1366 728 1470 761 Quasi
1499 727 1606 769 dicat,
1625 727 1743 768 Negli-

275 772 379 803 librm
395 783 476 803 vero
504 774 729 814 geometricos
751 775 891 815 legebat
908 776 977 807 Ma·
1035 779 1138 819 geris,
1150 788 1168 809 ο
1186 777 1313 820 Appia.

275 832 342 863 cer,
359 824 438 865 quia
461 824 493 855 in
509 824 695 856 sternenda
722 825 778 856 via
793 824 909 866 Appia
925 836 980 857 oc-

907 935 1101 977 XVIII.

866 1027 929 1056 DE
966 1028 1139 1059 nmmo.

273 1093 380 1135 Nnc
401 1098 531 1135 vocat
551 1094 606 1135 ad
630 1108 803 1136 coenam
826 1095 1017 1145 Marius,
1037 1110 1118 1137 nec
1140 1109 1321 1138 munera
1342 1096 1496 1146 mittit,

330 1162 431 1203 Nec
454 1163 658 1216 spondet,
682 1177 763 1205 nec
784 1164 877 1205 vult
900 1164 1099 1205 credere:
1133 1165 1212 1205 sed
1233 1178 1316 1205 nec
1339 1164 1487 1205 habet.

270 1230 422 1271 Turba
443 1235 587 1271 tamen
608 1245 694 1272 non
713 1231 855 1281 deest,
877 1233 1069 1274 sterilem
1094 1246 1196 1286 quae
1219 1237 1342 1274 curet
1362 1233 1566 1274 amicum.

327 1297 452 1339 Eheu
476 1312 609 1352 quam
630 1300 769 1341 fatuae
792 1306 897 1342 sunt
916 1301 1011 1351 tibi,
1038 1299 1199 1351 Roma,
1219 1302 1358 1354 togae!

313 1410 437 1440 Marius
448 1421 503 1441 nec
520 1411 634 1441 inritat
652 1413 691 1442 ad
713 1422 843 1450 coenam,
860 1422 915 1443 nec
931 1412 1031 1442 mittit
1054 1413 1146 1451 dona,
1160 1421 1215 1442 uec
1228 1413 1370 1451 spondet,
1387 1422 1441 1442 nec
1457 1411 1522 1442 vult
1536 1411 1659 1442 credere
1671 1421 1681 1441 .·
1704 1415 1737 1442 at

268 1462 323 1483 nce
336 1453 438 1484 habet.
484 1455 699 1485 Nihilominus
714 1465 773 1485 non
785 1456 869 1486 deest
879 1455 1045 1485 multitudo
1055 1465 1121 1495 quae
1133 1455 1215 1485 colat
1236 1455 1375 1485 sterilem
1385 1456 1529 1487 amicum.
1576 1453 1607 1485 Ο
1623 1453 1738 1496 Roma,

271 1506 365 1535 quam
380 1497 508 1529 stolidos
520 1497 611 1528 habes
627 1501 750 1537 togatos
761 1497 776 1529 !

883 1550 1118 1561 eeeeeeeeeeee

312 1595 331 1622 2
359 1592 498 1623 Reddere
518 1593 592 1624 cod.
611 1594 884 1626 Beverland.—4
902 1595 976 1626 Heu
991 1606 1083 1636 quam
1094 1594 1248 1635 pevfatuoe
1258 1594 1336 1626 edd.
1349 1598 1437 1625 vett.
1450 1599 1485 1625 et
1506 1594 1635 1635 Delph.
1662 1593 1737 1625 Heu

269 1635 338 1665 heri
365 1646 456 1675 quam
479 1636 546 1674 fat.
575 1637 707 1668 Thnan.
755 1639 830 1669 Heu
858 1639 937 1669 mihi
968 1649 1056 1679 quam
1079 1638 1147 1676 fat.
1171 1639 1253 1669 Vat.
1283 1638 1308 1668 si
1335 1637 1451 1668 audias
1470 1637 1739 1670 Beverlandum.

269 1678 309 1709 In
325 1689 431 1719 marg.
446 1685 573 1711 nostrae
591 1680 646 1712 ed.
670 1681 751 1712 Var.
767 1681 907 1722 scripsit
919 1682 1090 1713 amicusin
1108 1681 1186 1712 Vat.
1203 1690 1278 1712 esse
1295 1681 1363 1712 Hei
1386 1681 1475 1712 mihi.

927 1761 1069 1793 NOTAE

309 1816 328 1843 2
354 1813 421 1844 Nec
434 1814 500 1845 vult
526 1814 665 1855 credere]
703 1815 780 1847 Hoc
805 1820 871 1855 est,
888 1815 970 1847 dare
1027 1821 1086 1847 to:
1122 1815 1227 1856 togati
1258 1824 1338 1845 vero
1366 1820 1445 1845 sunt
1475 1814 1632 1852 clientes,
1650 1823 1734 1855 quos

264 1870 415 1894 mutuam
427 1865 618 1904 pecuniam.
1027 1866 1166 1898 stolidos
1194 1871 1307 1905 vocat,
1332 1865 1421 1906 qnod
1454 1865 1557 1906 gratis
1582 1866 1732 1896 serviant

307 1918 325 1945 4
343 1915 450 1955 Togoe]
465 1917 559 1956 Toga
574 1916 717 1947 sumitur
726 1915 781 1948 hic
795 1927 857 1958 pro
875 1922 969 1958 toga·
1027 1918 1094 1948 suis
1112 1916 1277 1958 patronis.

927 2053 1076 2095 XIX.

369 2141 546 2171 ΜΙΤΤΙΤ
582 2142 776 2174 LlssRUM
811 2143 949 2174 SUUM
986 2145 1052 2174 AD
1088 2144 1302 2174 PMNlUM
1335 2132 1615 2188 (CAECHAUM

841 2200 1156 2255 SECUNDUM.)

381 2272 490 2314 NEC
513 2273 690 2315 doctum
712 2275 838 2325 satis,
860 2280 903 2316 et
923 2289 1081 2329 parum
1101 2289 1315 2325 severum,

379 2340 468 2382 Sed
488 2355 575 2383 non
596 2344 851 2385 rusticulum
874 2344 1005 2384 nimis
1024 2344 1239 2394 libellum,

380 2408 593 2450 Facundo
614 2424 716 2451 mea
738 2411 885 2452 Plinio
907 2411 1069 2452 Thalia

307 2507 337 2537 O
356 2517 422 2538 mea
440 2509 546 2547 DIusa,
563 2513 652 2550 rade,
670 2512 775 2551 perfer
799 2513 952 2553 eloquenti
970 2512 1075 2543 Plinio
1091 2512 1204 2543 librum
1224 2522 1278 2543 nec
1293 2513 1373 2544 satis
1387 2512 1554 2551 eruditum,
1570 2517 1600 2544 et
1616 2523 1728 2554 parum

259 2555 444 2591 gruve›11,ut
460 2563 519 2583 non
531 2555 623 2584 nimis
640 2556 839 2586 rusticulum.-
864 2566 922 2586 non
932 2566 1030 2595 grute
1043 2559 1086 2586 est
1099 2557 1310 2596 proetergredi
1325 2557 1479 2587 excelsum
1495 2558 1654 2588 tramitem
1666 2557 1728 2587 Su-

926 2630 1066 2661 NOTAE

305 2682 323 2709 3
352 2680 472 2720 Plinio]
495 2681 599 2722 Cujus
613 2683 793 2723 epistolam
809 2684 962 2716 ultimam
1020 2686 1028 2702 ‘
1047 2684 1186 2716 mandat
1203 2691 1240 2716 ut
1267 2685 1403 2716 domum
1430 2695 1539 2716 meam
1557 2684 1589 2715 in
1605 2684 1727 2725 Esqui-

258 2729 318 2761 lib.
335 2731 493 2771 111.lege,
509 2733 542 2762 in
559 2743 625 2773 qua
650 2732 735 2765 facit
757 2735 964 2766 mentionem
1020 2736 1073 2767 liis
1100 2741 1243 2777 quaerat,
1278 2736 1382 2768 adeat
1408 2736 1632 2775 reverenter,’
1659 2739 1730 2770 &c-

259 2780 358 2821 hujus
373 2782 637 2822 Epigrammatis
656 2784 705 2815 his
720 2786 833 2817 verbis
849 2798 856 2817 2
878 2787 887 2802 ‘
906 2786 964 2817 Al·
1021 2787 1074 2818 De
1089 2787 1220 2827 Thalia,
1237 2797 1311 2828 quae
1326 2791 1453 2827 praeest
1464 2786 1642 2827 conviviis,
1657 2787 1726 2819 dic-

259 2831 413 2873 loquitur
443 2834 601 2875 Mnsam,’
629 2836 802 2867 Martialis
832 2847 968 2879 nempe,
1021 2843 1091 2870 tum
1108 2837 1167 2869 lib.
1187 2846 1236 2868 [v.
1254 2837 1355 2878 Epig.
1371 2840 1401 2869 8.
