1893 3225
491 212 894 245 EPlGRAMMA'rUM
936 211 1025 242 [AB.
1059 211 1163 239 vul.

1471 196 1556 237 573

762 306 905 339 No'rAE

147 368 164 397 1
190 364 324 405 Puellis]
360 364 442 404 Alii,
473 363 601 399 amicis;
637 363 699 393 hoc
736 365 802 400 est,

101 416 350 448 meretricibus.

146 470 166 497 2
195 467 332 506 Desisti]
363 466 438 497 Hoc
465 469 531 504 est,
554 462 691 494 desiisti
727 471 802 493 esse

103 527 217 559 eques.
266 517 419 549 Annulus
445 516 533 546 enim
553 514 705 555 equitum
728 516 804 543 erat

856 360 988 400 insigne
999 369 1008 398 3
1019 358 1150 400 equites
1160 366 1239 389 vero
1248 357 1304 399 qui
1316 356 1555 397 patrimonium

858 409 1145 451 dilapidaverant,
1157 409 1297 439 annulos
1310 411 1483 449 equestres
1494 406 1552 437 de-

857 470 986 502 ponere
1009 460 1233 501 cogebantur.

788 629 874 671 VI.

680 721 731 750 IN
767 718 986 750 EUGTUM.

105 792 434 833 ARCHE'erS
455 791 591 832 vetuli
610 790 717 831 nihil
737 794 805 830 est
825 788 1030 829 odiosius
1053 786 1197 828 Eucti.

164 859 291 900 Ficta
312 859 553 911 Saguntino
574 858 749 912 cymbia
768 857 883 897 malo
903 857 1011 896 luto.

104 926 284 979 Argenti
306 927 474 967 furiosa
494 926 562 967 sui
584 939 686 966 cum
712 928 942 966 stemmata
962 927 1106 965 narrat

163 994 389 1043 Garrulus,
411 998 454 1035 et
472 994 615 1035 verbis
637 994 814 1034 mucida
835 993 939 1034 vina
959 992 1081 1032 facit.

105 1062 443 1103 Laomedonteae
465 1062 640 1102 fuerant
658 1062 753 1103 haec
775 1061 937 1114 pocula
956 1073 1144 1111 mensae;
1534 1059 1562 1098 5

164 1130 315 1170 Ferret
335 1132 382 1168 ut
403 1129 516 1178 haec,
539 1142 689 1169 muros
713 1128 871 1169 struxit
891 1126 1058 1181 Apollo
1078 1128 1187 1181 lyra.

105 1197 211 1238 Hoc
231 1200 401 1237 cratere
421 1195 548 1236 ferox
569 1196 787 1236 commisit
807 1195 963 1248 praelia
984 1194 1181 1235 Rhaecus

161 1264 274 1305 Cum
296 1263 522 1317 Lapithis:
555 1276 702 1317 pugna
725 1263 868 1304 debile
888 1263 1028 1304 cernis
1051 1276 1180 1316 opus.

150 1372 243 1403 Nihil
255 1375 301 1403 est
314 1372 470 1403 molestius
485 1372 662 1413 archetypis
675 1372 805 1403 senioris
817 1372 925 1403 Eucti.
974 1371 1106 1412 Cynthia
1119 1372 1188 1411 plus
1203 1370 1280 1401 mihi
1293 1371 1415 1411 placent
1424 1370 1565 1409 formata

103 1425 143 1446 ezr:
158 1416 220 1446 luto
235 1415 421 1454 Saguntino.
471 1417 549 1446 Cum
564 1417 675 1455 loquax
688 1415 785 1452 refert
794 1415 920 1452 famosa
935 1418 1099 1446 stemmata
1110 1415 1157 1445 sm·
1169 1415 1305 1453 argenti,
1317 1418 1346 1445 et
1358 1414 1431 1444 vina
1444 1418 1564 1445 contra-

105 1458 181 1488 hunt
195 1468 346 1488 mucorem
357 1467 396 1488 ex
409 1458 508 1488 verbis
523 1459 609 1498 ejus.

656 1458 862 1498 Haecpoeula,
880 1458 1003 1497 inquit,
1017 1458 1159 1498 apposita
1166 1457 1299 1496 fuerant
1311 1467 1422 1487 mensae
1437 1457 1565 1487 Laome-

105 1501 208 1531 doniis
220 1511 232 1537 ,·
251 1504 286 1531 ut
301 1501 364 1530 lzaec
374 1505 617 1540 consequeretur,
635 1502 746 1541 Apollo
761 1501 829 1541 lyra
853 1500 1021 1542 aedificarit
1036 1501 1148 1531 moenia
1158 1511 1168 1530 .-
1189 1500 1348 1530 vehemens
1364 1500 1497 1530 Rhoecus
1511 1500 1566 1530 hoc

105 1547 225 1574 cratere
248 1542 401 1584 pugnavit
417 1554 486 1574 cum
506 1543 652 1584 Lapithis
665 1555 675 1575 .·
697 1543 783 1574 vides
805 1553 879 1583 opus
895 1543 1112 1574 comminutum
1138 1543 1196 1573 illo
1211 1543 1392 1574 certamine.

719 1615 837 1626 eeeeee

1440 1543 1489 1573 Ηὶ
1505 1544 1565 1574 duo

838 1616 956 1627 oooooo

152 1661 170 1689 1
195 1658 303 1690 Codd.
320 1660 472 1690 Floreat.
503 1663 537 1690 et
554 1660 754 1690 Pulmanni:
779 1660 857 1690 nihil
881 1664 929 1691 est
953 1659 1121 1690 studiosius
1143 1659 1271 1691 illo.-3
1296 1659 1566 1699 Argentisumosa

107 1701 242 1741 Lipsius
258 1702 315 1732 lib.
334 1712 358 1733 1.
373 1713 448 1742 cap.
465 1706 496 1733 5.
521 1703 608 1733 Vide
627 1703 706 1734 Var.
726 1703 846 1733 Notas.
871 1706 1103 1741 cumstegmata
1116 1706 1226 1733 narrat
1241 1703 1350 1734 codex
1368 1703 1565 1733 Vaticanus.

109 1746 173 1774 -4
195 1745 326 1775 Thuan.
357 1745 518 1775 exhibet:
552 1745 674 1775 mucina
696 1745 845 1776 tium—7
869 1746 1000 1775 Rhoetus
1021 1745 1055 1774 in
1081 1745 1158 1776 edd.
1187 1750 1269 1777 vett.
1314 1746 1445 1776 Rhoecus
1465 1745 1565 1776 codd.

107 1786 314 1818 Beverlaudi
338 1792 374 1818 et
391 1788 614 1818 Pulman.—-8
638 1788 679 1818 In
698 1788 899 1828 quibusdam
918 1787 1160 1827 distinguitur:
1187 1790 1265 1820 Cum
1280 1788 1425 1829 Lapithis
1437 1799 1561 1829 pugna:

766 1864 908 1896 NOTAE

151 1923 168 1951 1
193 1921 396 1963 Archetypis]
414 1922 612 1963 Archetypa
626 1923 747 1964 pocula
759 1924 808 1955 in-

107 1971 239 2013 tellige,
255 1974 485 2005 vetustissima
510 1980 546 2006 et
569 1975 670 2015 primi
696 1979 810 2006 exem·

110 2022 227 2063 plariS.

150 2075 171 2103 2
191 2072 380 2114 Saguntino]
406 2074 546 2106 Fictiles
561 2075 699 2115 cyathos
711 2075 813 2106 inter.

108 2127 248 2163 pretare
278 2133 321 2154 ex
348 2125 468 2165 argilla
493 2126 698 2168 Saguntina.
721 2127 811 2158 Vide

108 2173 170 2205 lib.
197 2183 246 2205 lv,
272 2174 373 2215 Epig.
402 2178 457 2206 46.
502 2177 511 2192 ‘
531 2176 685 2216 Cymbia'
719 2187 810 2217 vero,

108 2224 219 2265 inquit
233 2225 429 2256 Macrobius
445 2226 580 2257 Saturn.
597 2227 656 2258 lib.
681 2236 716 2258 v.
732 2237 808 2268 cap.

109 2277 163 2306 21.
187 2275 196 2292 ‘
213 2282 291 2306 sunt
320 2277 441 2316 pocula
479 2287 497 2307 a
538 2277 660 2317 cymba
695 2277 809 2309 dicta:

110 2324 200 2366 quod
224 2331 258 2356 et
268 2327 358 2367 apud
375 2327 526 2366 Graecos,
538 2333 573 2358 et
590 2328 680 2368 apud
694 2338 753 2359 nos
768 2329 810 2361 ab

110 2375 176 2406 illis
193 2376 380 2414 trahentes,
397 2377 524 2416 navigii
540 2387 647 2419 genus
661 2379 735 2418 est‚'
747 2381 811 2411 &c.

153 2427 173 2455 3
198 2426 330 2457 Furiosa
344 2425 491 2469 [fumosa]
505 2428 569 2468 sui]
594 2428 663 2460 Alii
691 2430 811 2470 legunt

106 2474 240 2513 furiosa.
264 2476 333 2507 Sed
350 2478 466 2518 placet
474 2478 622 2517 fumosa:
655 2480 704 2512 sic
721 2482 810 2512 enim

115 2525 235 2556 Cicero
251 2532 286 2557 et
301 2527 432 2560 Seneca
450 2531 458 2546 ‘
474 2528 622 2561 fumosas
636 2530 811 2572 imagines'

115 2575 245 2615 dixere,
259 2576 420 2609 obductas
446 2589 569 2620 nempe
595 2581 760 2621 caligine3
777 2586 813 2613 et

114 2625 291 2658 Juvenalis
315 2627 386 2659 Sat.
412 2639 495 2661 vn1.
517 2631 526 2646 ‘
544 2631 708 2662 Fumosos
720 2633 813 2673 equi-

117 2681 188 2706 tum
204 2685 280 2706 cum
301 2676 469 2710 dictatore
486 2680 688 2720 magistros!
730 2682 813 2712 Sen-

116 2736 171 2756 sus
185 2730 237 2756 est
252 2735 354 2766 ergo:
380 2729 469 2759 Dum
487 2730 695 2761 nobilitatem
712 2736 746 2762 et
761 2742 816 2762 an-

118 2776 314 2816 tiquitatem
346 2787 480 2809 suorum
516 2781 712 2819 poculorum
743 2792 815 2813 ver-

116 2827 228 2858 bosius
245 2833 360 2859 narrat
382 2829 522 2869 Euctus,
547 2831 656 2861 vinnm
684 2832 817 2864 interim

864 1922 1007 1955 effusum
1030 1924 1210 1963 mucescit,
1227 1929 1264 1956 et
1279 1934 1390 1965 vappa
1404 1923 1456 1955 fit.
1479 1923 1567 1955 Po'e-

865 1979 902 2006 ta
917 1974 1065 2006 ostendit
1081 1975 1185 2006 nimia
1196 1975 1405 2016 loquacitate
1420 1984 1568 2006 corrum-

866 2026 901 2067 pi
917 2025 1009 2056 cibos
1026 2026 1129 2056 etiam
1155 2027 1314 2066 optimos,
1330 2026 1392 2057 hoc
1409 2030 1475 2065 est,
1492 2035 1570 2057 con-

869 2076 953 2107 vivis
970 2076 1122 2116 ingratos
1138 2076 1225 2108 fieri.

909 2131 927 2157 5
945 2127 1194 2168 Laomedonteae]
1221 2128 1412 2159 Laomedon
1430 2127 1495 2158 fuit
1508 2137 1567 2158 rex

864 2176 990 2217 Trqjae,
1018 2177 1075 2218 qni
1093 2178 1255 2218 Neptuno
1272 2183 1307 2208 et
1322 2177 1473 2218 Apollini
1498 2187 1568 2208 cer-

866 2231 937 2257 tum
954 2227 1026 2258 auri
1040 2227 1186 2268 pretium
1209 2228 1422 2268 promiserat,
1438 2233 1475 2258 ut
1488 2228 1568 2258 Tro-

859 2278 932 2318 jam
958 2279 1061 2308 muris
1086 2278 1277 2319 cingerent.
1322 2278 1433 2309 Poeta
1458 2279 1569 2318 posuit

865 2329 987 2368 pocula
1001 2338 1105 2359 aurea
1117 2338 1179 2368 pro
1192 2339 1285 2359 auro.
1303 2329 1405 2360 Ovid.
1418 2329 1504 2359 Met.
1514 2337 1568 2359 xl.

863 2379 874 2396 ‘
889 2379 1119 2422 Phrygiaeque
1135 2385 1279 2420 tyranno
1302 2379 1486 2411 AEdificant
1499 2389 1570 2410 mu-

866 2439 921 2460 ros
936 2435 1037 2470 pacto
1055 2440 1116 2470 pro
1132 2430 1298 2461 moenibus
1314 2429 1420 2461 auro.'

908 2482 927 2510 7
952 2480 1072 2511 Praelia
1106 2480 1255 2521 Rhaecus]
1288 2480 1508 2521 Lapitharum
1535 2484 1570 2511 et

867 2530 1113 2562 Centaurorum
1123 2541 1270 2572 pugnam
1280 2532 1354 2572 lege
1366 2531 1455 2572 apud
1467 2530 1570 2563 Ovid.

868 2584 955 2614 Met.
974 2591 1041 2615 xn.
1084 2583 1152 2614 Sed
1178 2583 1337 2621 Rhaecus,
1350 2583 1460 2624 inquit
1488 2582 1571 2613 Ovi-

868 2632 955 2672 dius,
984 2639 1076 2664 torre
1100 2634 1282 2674 pugnavit,
1310 2633 1462 2665 Theseus
1489 2642 1570 2664 vero

869 2688 1015 2715 cratere.

913 2737 932 2765 8
958 2735 1069 2773 Pugna
1093 2734 1205 2774 debile]
1230 2734 1306 2766 Hoc
1322 2739 1386 2775 est,
1401 2738 1569 2766 craterem

870 2784 927 2815 illa
944 2794 1057 2824 pugna
1072 2784 1297 2817 imminutum.
