1893 3225
506 254 909 285 EmGRAMMATUM
950 257 1040 285 mu.
1075 257 1185 287 xiii.
1482 250 1567 294 963

764 413 925 454 LXX.

781 504 922 534 PAvO.

123 570 348 612 MIRARIS
371 569 542 624 quoties
564 574 832 624 gemmantes
852 571 1047 625 explicat
1066 571 1174 622 alas,

179 639 237 680 Et
257 645 387 694 potes
407 639 523 681 hunc
545 652 666 680 saevo
687 639 871 690 tradere,
893 639 1014 691 dure,
1033 641 1178 682 coco'?

165 746 278 812 Stupos
291 746 408 787 quoties
429 746 528 786 aperit
547 748 740 785 gemmantes
764 746 841 786 alas,
856 749 887 777 et
908 750 1005 787 potes,
1028 757 1047 777 ο
1071 747 1247 789 inhumane,
1268 751 1390 781 tradere
1412 751 1491 782 hunc
1505 761 1572 783 coco

120 790 254 821 crudeli.

716 841 955 853 eeeeeeeeeeee

165 888 186 917 2
212 887 308 918 Cluue
323 895 384 927 pro
401 887 475 918 dure
491 887 558 917 Ms.
576 886 714 918 Beverl.

779 941 918 973 NOTAE

167 1008 187 1036 2
212 1006 255 1036 Et
275 1006 377 1047 potes]
398 1005 518 1037 Sensus
542 1010 618 1037 est:
642 1006 727 1037 Cum
755 1010 824 1037 tam
878 1005 1079 1038 laniandus:
1117 1006 1177 1038 sed
1205 1006 1285 1047 gula
1309 1015 1372 1038 uec
1396 1007 1575 1049 elegantiae

124 1056 265 1096 pulchra
290 1056 487 1097 spectacula
509 1056 590 1088 edat
617 1066 704 1097 pavo
719 1057 824 1097 expli·
878 1067 940 1089 nec
953 1057 1124 1089 venustati
1141 1058 1262 1099 parcit.

124 1107 210 1138 catis
223 1107 296 1148 alis,
307 1117 390 1139 coco
403 1109 590 1140 saevotradi
602 1118 669 1139 uon
679 1108 823 1140 deberet

760 1265 950 1308 LXXI.

629 1356 1066 1388 PHOENICOPTERUS.

139 1412 250 1454 DAT
269 1413 376 1455 mihi
396 1426 540 1468 penna
560 1415 719 1455 rubens
737 1427 917 1456 nomen:
949 1414 1028 1455 sed
1048 1415 1196 1468 lingua
1216 1416 1383 1469 gulosis

186 1481 352 1522 Nostra
372 1481 512 1535 sapit:
544 1481 649 1534 quid
673 1481 711 1522 si
732 1482 907 1534 garrula
926 1482 1078 1535 lingua
1096 1483 1238 1524 soret?

175 1591 295 1621 Nomen
308 1590 386 1621 mihi
400 1590 570 1631 imponitur
585 1601 605 1622 α
617 1601 718 1632 penna
731 1591 828 1623 rubra
841 1601 851 1622 .·
872 1591 924 1622 sed
939 1595 1045 1623 nostra
1060 1592 1167 1632 lingua
1183 1593 1265 1633 sapit
1279 1593 1484 1625 helluonibus:
1508 1596 1582 1635 quid

133 1634 160 1664 si
176 1634 285 1673 lingua
299 1637 375 1665 esset
390 1634 502 1674 loquax
511 1632 528 1665 ί)

740 1687 818 1698 em

172 1730 378 1762 Ptorz'cottori
393 1731 459 1762 Ms-
478 1731 614 1762 Beverl.

788 1782 931 1815 NOTAE

176 1850 192 1878 1
217 1847 286 1878 Dat
299 1846 392 1887 mihi]
416 1848 468 1879 De
481 1847 746 1888 Phoenicoptero
762 1847 830 1888 egi·
887 1852 986 1888 grata
997 1847 1051 1878 sit.
1094 1848 1197 1878 Forte
1214 1847 1336 1879 alludit
1348 1848 1458 1881 Poie‘ta
1474 1850 1515 1881 ad
1529 1860 1588 1890 pa-

131 1908 204 1929 mus
229 1899 329 1939 Epig.
347 1901 400 1930 57.
425 1899 483 1930 lib.
510 1908 565 1930 ιιι.
592 1899 688 1940 cujus
716 1899 832 1940 lingua
888 1899 992 1928 tinam
1016 1898 1255 1940 ClodiiAEsopi
1280 1900 1397 1940 tragici
1413 1900 1584 1932 histrionis

132 1949 254 1989 optimi
269 1955 321 1980 est
337 1949 479 1989 saporis.
886 1948 1050 1980 refertam
1083 1950 1204 1990 linguis
1236 1951 1347 1982 avium
1365 1961 1580 1984 eanorarum.

175 2003 195 2031 2
220 2001 304 2036 Quid
319 2001 345 2031 εἰ
357 2001 502 2042 garrula]
535 2000 619 2032 Cum
636 2000 745 2032 tacita
762 2004 831 2031 tam
887 1999 1018 2031 Plinius
1033 1999 1091 2031 lib.
1112 2008 1148 2031 x.
1165 2009 1242 2041 cap.
1255 2003 1308 2032 51.

747 2148 962 2191 LXXII.

713 2237 1010 2269 PHASIANUS.

138 2310 338 2352 ARG1VA
359 2310 548 2364 primum
569 2321 663 2349 sum
685 2310 980 2359 transportata
1000 2304 1150 2345 carina
1171 2319 1181 2345 :

195 2378 311 2420 Ante
329 2378 433 2419 mihi
452 2381 605 2419 notum
625 2375 699 2425 nil,
720 2375 806 2415 nisi
828 2373 1008 2423 Phasis,
1026 2376 1135 2414 erat.

183 2490 326 2521 Primum
337 2498 404 2519 sum
418 2489 570 2520 translatu
585 2497 662 2519 nave
678 2486 803 2527 Argiva
817 2497 827 2517 .-
849 2488 941 2517 antea
955 2485 1036 2516 nihil
1049 2482 1266 2525 cognoscebam
1280 2483 1342 2514 nisi
1359 2482 1502 2514 Phasim.

745 2573 764 2583 ο·

964 2570 984 2583 0

185 2610 201 2638 1
226 2607 336 2646 Argoa
348 2606 424 2638 cod.
441 2606 567 2636 Thuan.

790 2646 929 2679 NOTAE

184 2718 200 2746 l
225 2714 348 2754 Argiva
371 2712 494 2752 carina]
522 2713 599 2745 Qua
613 2720 734 2752 nempe
750 2712 839 2744 vecti
936 2715 956 2743 2
979 2710 1111 2751 Phasis]
1136 2692 1339 2742 Colchoium
1351 2706 1486 2746 fluvius,
1501 2702 1591 2735 unde

143 2770 222 2796 sunt
237 2764 458 2806 Argonautae,
475 2763 517 2794 de
540 2763 660 2804 quibus
681 2762 754 2803 jam
770 2762 839 2794 dic-
894 2761 978 2792 dicti
1007 2766 1044 2793 et
1067 2760 1160 2792 allati
1190 2765 1269 2792 sunt
1296 2757 1459 2800 phasiani.
1503 2755 1592 2786 Vide

143 2821 226 2847 tum.
897 2811 996 2852 Epig.
1008 2814 1061 2843 57.
1079 2811 1135 2842 lib.
1151 2820 1208 2842 ιιι.
