1893 3225
540 247 945 277 EPlGRAMMATUM
985 246 1077 276 [AB.
1112 245 1202 275 ΧΠ.

1503 233 1586 273 907

812 406 909 447 LV.

703 505 767 535 AD
804 505 1041 536 PUELLAS.

261 585 451 628 GRATIS
483 584 559 638 qui
580 584 685 625 darc
708 597 789 625 vos
803 583 943 637 jubet,
957 586 1134 639 pueilae,

258 653 584 694 Insulsissimus
615 652 1056 705 improbissimusque
1085 656 1162 692 est.

263 720 414 761 Gratis
435 734 490 760 ne
512 720 629 768 date,
649 719 818 759 basiate
840 720 984 771 gratis.

263 788 365 829 Hoc
387 788 514 840 AEgle
533 790 674 839 negat,
703 786 784 826 hoc
808 799 943 827 avara
962 786 1126 826 vendit.

262 856 351 897 Sed
373 855 536 896 vendat
556 856 678 904 bene,
699 854 875 895 basiare
897 860 1108 907 quantum
1130 854 1231 894 est?
1568 855 1595 896 5

266 923 367 964 Hoc
390 922 540 963 vendit
557 936 734 976 quoque
757 936 834 963 nec
856 923 945 963 levi
966 923 1148 975 rapina:

262 991 357 1032 Aut
376 992 531 1032 libram
553 992 662 1045 petit
683 992 761 1032 illa
782 991 1020 1040 Cosmiani,

263 1058 356 1100 Aut
376 1059 506 1100 binos
530 1063 684 1112 quater
705 1073 731 1100 a
752 1073 868 1099 nova
888 1064 1084 1100 moneta:

264 1126 336 1168 Ne
358 1127 445 1167 sint
467 1128 594 1167 basia
612 1131 748 1177 muta,
768 1141 848 1168 nec
870 1128 1076 1179 maligna,

268 1193 366 1234 Nec
390 1194 527 1234 clusis
551 1194 720 1235 aditum
740 1200 871 1247 neget
893 1194 1079 1235 labellis.

1547 1194 1600 1234 10

266 1261 471 1302 Humane
494 1261 600 1303 facit
614 1262 697 1302 hoc
718 1266 892 1302 tamen:
927 1261 1003 1301 sed
1024 1274 1158 1301 unum
1185 1266 1281 1301 est:

266 1329 422 1370 Gratis
441 1343 540 1384 quae
563 1330 666 1370 dare
687 1329 859 1369 basium
879 1335 1066 1378 recusat,

266 1396 420 1438 Gratis
442 1398 606 1450 lingere
627 1410 708 1438 nec
729 1402 907 1438 recusat
928 1397 1070 1449 AEgle-

762 1500 896 1511 mete
901 1500 993 1510 ΝΙΝ

199 1568 214 1595 1
235 1565 358 1596 ΙάεΙῑιις
381 1565 412 1595 in
434 1575 542 1605 marg.
568 1564 621 1596 ed.
638 1564 755 1605 Langii
772 1565 854 1595 Par.
879 1567 1035 1596 1617.—5
1060 1564 1069 1581 ‘
1085 1563 1302 1595 Phaleucium
1330 1564 1430 1596 istum
1457 1573 1532 1595 cum
1556 1574 1606 1595 se-

157 1609 272 1647 quenti
290 1617 354 1638 non
372 1613 423 1638 est
437 1608 551 1638 videre
568 1608 599 1637 iu
618 1608 729 1638 Palat.
747 1613 782 1638 et
798 1607 910 1638 nescio
924 1617 1003 1637 sane
1015 1607 1094 1648 quid
1113 1607 1176 1637 sibi
1194 1607 1297 1637 velit:
1315 1612 1452 1648 quartus
1470 1612 1603 1638 servat:

159 1651 221 1681 Sed
232 1652 342 1681 vendat
359 1661 474 1690 quoqne
486 1662 539 1682 nec
549 1651 609 1681 lez-i
623 1651 733 1690 rapina
746 1651 877 1681 omissis
895 1649 1133 1681 intermediis?
1161 1650 1353 1681 Schrev.-—9
1370 1650 1439 1681 Alii
1454 1651 1606 1681 multa.—

159 1696 198 1724 10
215 1693 282 1724 Alii
300 1694 350 1724 Ne
363 1694 466 1725 clusis.

815 1752 953 1784 NOTAE

203 1821 219 1849 1
245 1817 334 1849 Dare
349 1827 412 1858 vos,
428 1816 498 1857 &c.]
520 1816 637 1848 Vestri
656 1816 790 1856 copiam
806 1815 855 1846 fa-

158 1877 245 1899 cere.

201 1923 221 1951 4
245 1918 316 1950 Hoc
329 1920 434 1959 AEgle,
447 1919 517 1958 ξω]
542 1919 653 1949 Etiam
671 1918 814 1950 basiare.

202 1973 220 2000 5
246 1969 309 2001 Sed
323 1971 435 2001 vendat
453 1969 541 2009 bene]
563 1969 651 2002 Quid
672 1970 725 2000 hic
742 1978 857 1999 versus

159 2020 222 2051 sibi
239 2021 335 2058 velit,
351 2021 483 2051 nescire
511 2021 560 2051 ait
583 2019 767 2051 Gruterus.
811 2020 859 2050 At

160 2070 259 2101 scivit
287 2070 471 2110 Martialis,
507 2070 564 2111 qui
595 2071 717 2110 posuit.
762 2070 859 2110 AEgle

160 2126 265 2161 negat
292 2131 328 2151 se
352 2118 482 2153 basiare
508 2123 634 2161 gratis:
665 2120 781 2151 vendit
795 2121 859 2151 hoc

160 2180 305 2212 quoque.
329 2171 454 2202 Mirum
471 2182 479 2210 3
494 2182 571 2202 nam
583 2176 766 2212 utcumque
781 2181 860 2202 ven-

161 2221 221 2252 dat
237 2221 299 2252 hoc
313 2221 401 2252 bene
415 2222 467 2252 vel
481 2231 587 2262 parvo
601 2221 726 2262 pretio,
739 2231 778 2252 an
791 2221 860 2252 cui-

163 2280 262 2312 quam
279 2277 333 2303 est
349 2272 480 2303 basiare
493 2273 641 2311 tanti‚ut
653 2272 685 2302 id
704 2273 756 2302 vel
774 2271 861 2302 bene

163 2331 276 2354 emere
303 2324 411 2355 velit?
450 2324 496 2354 At
523 2324 581 2354 illa
604 2323 773 2354 tantillum
791 2323 863 2364 qui-

911 1816 987 1847 dem
1004 1815 1089 1846 bene
1108 1816 1233 1855 vendit,
1250 1818 1313 1848 &c.
1347 1817 1482 1848 Gronov.

953 1869 972 1897 7
1009 1867 1138 1897 Librum
1160 1868 1253 1907 petit,
1281 1867 1346 1907 ζα]
1375 1867 1552 1907 Unguenti
1590 1877 1610 1897 a

913 1917 1036 1948 Cosmo
1064 1917 1228 1956 confecti,
1256 1917 1313 1949 lib.
1331 1927 1357 1948 1.
1382 1918 1479 1958 Epig.
1496 1920 1547 1949 88.
1572 1918 1610 1947 li-

912 1967 1007 1998 bram
1034 1968 1123 2007 petit
1155 1968 1265 2008 AEgle,
1296 1978 1361 2010 quo
1393 1969 1461 1999 oris
1488 1968 1611 2008 impuri

913 2018 1070 2050 foetorem
1087 2020 1259 2050 emendet.

956 2072 975 2099 8
1000 2070 1098 2100 Bz'nos
1113 2073 1233 2109 quater,
1256 2069 1326 2109 εγω]
1361 2069 1451 2101 Octo
1479 2069 1613 2100 Flavios

913 2123 1057 2150 monetae
1074 2129 1170 2149 novae
1185 2124 1221 2150 et
1237 2129 1377 2160 asperae.

960 2173 996 2200 ll
1027 2170 1167 2201 Humane
1184 2170 1281 2210 facit,
1298 2169 1367 2210 fisa]
1384 2170 1435 2201 An
1448 2170 1525 2211 quia
1539 2179 1613 2201 osse

916 2225 951 2251 et
981 2221 1084 2252 ebore
1111 2220 1281 2252 dentata?
1314 2221 1372 2251 lib.
1391 2230 1414 2251 1.
1445 2220 1613 2261 Epig.73.

916 2271 971 2301 An
988 2272 1067 2312 quia
1083 2281 1141 2301 ore
1162 2272 1304 2312 impura,
1319 2277 1440 2312 utpote
1455 2270 1615 2311 μύζυυριςὲ

917 2323 974 2354 lib.
993 2333 1016 2353 1.
1034 2323 1194 2364 Epig.95.
1219 2328 1254 2355 et
1271 2324 1327 2355 lib.
1351 2333 1390 2354 11.
1408 2323 1509 2364 Epig.
1526 2326 1576 2354 15.

836 2465 960 2507 LVI.

662 2556 710 2584 lu
751 2555 1110 2585 POLYCARMUM.

226 2620 479 2660 AEGROTAS
503 2635 590 2661 uno
610 2622 776 2672 decies,
799 2627 876 2664 aut
897 2623 1077 2676 saepius,
1095 2636 1206 2664 anno
1225 2637 1235 2675 ;

287 2686 386 2727 Nec
408 2687 504 2737 tibi,
524 2688 599 2728 sed
620 2690 748 2730 nobis
770 2689 868 2738 hoc,
892 2690 1168 2743 Polycarme,
1190 2695 1336 2732 nocet.

219 2796 249 2827 Ο
271 2796 463 2837 Po!ycarme‚
479 2800 613 2835 a'grotas
629 2807 685 2827 uno
708 2808 786 2829 anno
802 2798 910 2838 decies,
924 2801 977 2828 aut
986 2797 1196 2838 frequentius,
1213 2809 1267 2830 nec
1289 2799 1343 2829 hoc
1365 2799 1456 2840 officit
1481 2799 1550 2841 tibi,
1566 2802 1618 2831 sed
