1893 3225
544 223 946 255 EP1GRAMMA'1'UM
986 222 1078 252 ωκ.
1114 223 1202 251 xii.
1509 210 1592 252 921

146 324 324 366 Deseris
345 322 552 370 urbanas,
575 323 650 360 tua
670 318 853 373 praedia,
878 318 1092 368 Pannice,
1113 318 1231 367 lites,

202 392 435 444 Parvaque
458 388 535 431 sed
557 388 668 429 tritae
697 387 879 441 praemia
899 390 1020 427 certa
1040 391 1169 439 togae.

147 461 439 509 Frumentum,
461 456 646 504 milium,
663 454 989 509 ptisanamque‚
1011 454 1245 507 fabamque
1266 453 1441 494 solebas
1570 464 1597 491 τι

199 527 396 568 Vendere
411 523 735 579 pragmaticus:
765 535 881 563 nunc
902 522 1010 562 emis
1033 522 1243 574 agricola.

143 628 222 659 male
247 626 434 663 mate-riatae,
454 623 638 664 derelinquis
661 622 795 653 urbanas
820 622 903 661 lites,
925 624 996 652 tuos
1012 621 1146 659 fundoS‚
1168 624 1198 651 et
1223 622 1383 661 exiguum,
1405 623 1460 651 sed
1485 625 1599 652 certam

143 671 310 701 mercedem
324 669 412 699 tritoe
425 671 518 707 togoe.
564 666 785 706 Pragmaticus
798 665 917 696 solebas
930 665 1058 696 vendere
1072 665 1226 705 triticum,
1241 665 1374 703 milium,
1390 669 1419 696 et
1430 665 1599 705 ptisanam,

146 717 175 744 et
183 713 294 751 sabam
306 723 316 743 .·
339 721 419 742 nunc
433 710 605 750 agricultor
619 709 767 741 mercaris
787 709 872 740 llaec.

805 789 945 822 NOTAE

191 860 207 889 1
233 859 339 899 Prope
366 857 471 897 busta]
500 856 634 889 Gallica
657 856 849 896 intelligunt

146 911 374 950 interpretes:
402 908 459 940 ubi
482 917 604 948 nempe
629 906 722 938 Galli
738 907 773 937 in
789 907 847 938 (le-

147 969 264 1001 presso
288 969 347 990 seu
371 959 501 990 latente
529 958 606 989 loco
639 956 776 989 fuerant
797 967 848 989 se-

147 1010 236 1051 pulti
252 1019 272 1041 a
286 1009 428 1041 Camillo
443 1008 562 1048 deleti,
578 1008 632 1040 vei
653 1007 850 1049 pestilentia

147 1060 321 1092 interemti
339 1060 373 1090 in
389 1059 564 1090 obsidione
575 1059 705 1090 Romae.
730 1058 847 1090 Livius

148 1112 207 1143 lib.
227 1121 259 1143 v.
275 1111 392 1152 primae
409 1108 563 1141 decadis.

191 1164 209 1192 3
234 1160 378 1200 Deseris]
402 1160 525 1191 Forum
551 1159 696 1199 scilicet,
723 1168 765 1190 ex
781 1168 848 1200 quo

148 1215 296 1255 majores
309 1217 347 1244 et
358 1212 524 1244 certiores
536 1211 680 1252 fructus,
694 1222 794 1253 quam
805 1221 847 1242 ex

150 1264 257 1297 fundo
270 1267 375 1304 emto,
392 1262 622 1304 percipiebas.

946 859 964 886 5
1001 854 1222 894 Frumentum]
1260 853 1408 884 Munera
1438 853 1602 892 intellige,

903 906 1024 948 quibus
1031 904 1222 937 donabatur
1230 905 1419 936 Pannicus:
1436 905 1604 945 ptisanam

902 957 1134 998 interpretare
1155 955 1319 987 hordeum
1337 966 1379 987 ex
1396 964 1462 996 quo
1477 955 1603 995 saepius

902 1008 952 1040 fit.

946 1063 966 1091 6
990 1058 1224 1099 Pragmaticus]
1247 1059 1309 1090 Est
1325 1058 1351 1088 is
1374 1057 1430 1100 qui
1447 1056 1606 1097 recteju-

905 1111 949 1142 ris
978 1110 1140 1141 formulas
1162 1110 1268 1148 novit,
1293 1116 1397 1150 atque
1414 1107 1604 1140 oratoribus

905 1162 998 1202 leges
1016 1166 1049 1192 et
1065 1161 1330 1193 consuetudines
1346 1160 1507 1202 suggerit.
1544 1158 1604 1190 Ju-

906 1222 982 1244 ven.
996 1213 1145 1244 Sat.vn.
1162 1215 1238 1243 123.

754 1403 998 1445 LXXIII.

686 1494 753 1524 AD
786 1494 1020 1524 CATULLU
1031 1495 1078 1523 M.

269 1563 539 1604 HAEREDEM
562 1562 644 1603 tibi
664 1574 748 1612 me,
771 1560 962 1611 Catulle,
984 1561 1113 1603 dicis.

270 1632 374 1674 Non
398 1631 590 1682 credam,
610 1630 696 1672 nisi
716 1630 880 1684 legero,
899 1629 1088 1671 Catulle.

200 1743 231 1774 Ο
252 1742 385 1783 Catulle,
403 1741 559 1782 praedicas
573 1750 622 1772 me
637 1750 701 1772 esse
716 1743 805 1772 tuum
821 1740 986 1771 haeredem.
1034 1740 1106 1770 Non
1122 1740 1256 1779 credam,
1277 1738 1340 1769 nisi
1355 1740 1466 1777 legero,

814 1815 959 1847 NOTAE

199 1886 218 1914 2
244 1883 320 1913 Nisi
348 1880 465 1921 legero]
488 1879 567 1911 Hoc
594 1883 660 1920 est,
692 1878 755 1910 nisi
770 1888 858 1910 mor-

157 1938 234 1965 tuus
245 1932 368 1964 fueris:
389 1931 516 1963 tabulae
529 1930 619 1962 enim
633 1933 857 1961 testamenta-

915 1884 974 1910 tua
1011 1880 1084 1910 scil.
1120 1889 1229 1918 ossa;
1266 1879 1315 1910 sie
1343 1877 1446 1909 tacite
1482 1877 1617 1909 Catullo

916 1934 1059 1962 mortem
1078 1935 1189 1971 optat,
1213 1939 1279 1971 quo
1307 1929 1408 1961 citIus
1435 1929 1506 1969 ejus
1529 1927 1620 1959 bona

158 1986 216 2016 riae
255 1994 321 2015 non
357 1982 604 2025 aperiebantur
630 1981 692 2012 nisi
721 1985 857 2012 mortuo
912 1979 1098 2021 possideat.

157 2040 335 2068 testatore.
349 2035 412 2067 Vel
424 2034 593 2075 intellige,
613 2033 622 2050 ‘
637 2033 700 2064 nisi
717 2031 858 2074 leger0,’

760 2175 998 2218 LXXIV.

669 2268 746 2297 An
793 2266 1105 2296 FLACCUM.

167 2338 278 2381 CUM
300 2338 382 2379 tibi
404 2335 609 2378 Niliacus
632 2337 778 2389 portet
800 2333 1012 2387 crystalla
1033 2331 1255 2386 cataPIUS,

221 2405 393 2458 Accipe
415 2404 468 2445 de
487 2403 607 2445 circo
624 2401 789 2456 pocula
811 2400 1046 2442 Flaminio.

211 2494 290 2524 Cum
305 2502 380 2532 puer
402 2491 572 2533 AEgyptius
586 2491 646 2522 tibi
668 2490 783 2532 afferat
798 2490 962 2531 crystalla,
984 2498 1068 2521 sume
1083 2488 1191 2520 calices
1207 2489 1244 2519 de
1259 2488 1338 2518 circo
1358 2486 1525 2518 Flaminio.
1569 2487 1623 2517 An

772 2564 1009 2576 eeeeeeeeeee

211 2614 224 2641 1
251 2610 307 2641 Sic
339 2610 421 2641 Vat.
452 2613 488 2640 et
517 2608 565 2640 sic
601 2608 738 2640 videtur
766 2609 890 2650 legisse
923 2608 1137 2640 Camerinus.
1186 2607 1334 2637 catastas
1362 2604 1438 2636 edd.
1467 2606 1616 2635 vem—4

818 2690 962 2723 NOTAE

212 2756 225 2784 l
257 2752 405 2792 Cataplus
421 2749 600 2792 [catastas]
612 2749 761 2780 'I'urneb-
779 2759 867 2783 xxx.

925 2749 1099 2790 navigatio
1117 2747 1373 2788 AEgyptiorum:
1399 2753 1474 2775 nam
1500 2753 1542 2775 ex
1567 2742 1622 2773 ΑΞ-

169 2807 221 2836 26.
255 2804 406 2844 cataplus,
442 2802 490 2833 sic
518 2800 654 2842 legend.
679 2806 732 2832 est
761 2805 797 2832 ut
826 2801 869 2832 sit
925 2806 1029 2842 gypto
1046 2803 1081 2831 et
1098 2807 1230 2830 annona
1253 2802 1287 2828 et
1313 2805 1439 2827 merces
1467 2794 1621 2835 plurimae
