1893 3225
546 254 948 284 EPlGRAMMATUM
987 256 1078 284 mu.
1110 255 1201 285 xii.
1506 244 1591 284 897

1565 350 1591 388 01

146 351 285 391 Uxori
305 350 383 403 qui
404 362 525 403 saepe
545 354 633 390 tuae
653 361 802 390 comes
819 349 1046 402 improbus
1067 349 1229 390 haeret:

203 418 306 460 Non
327 423 397 458 est
417 417 538 471 quod
559 417 727 467 timeas,
750 415 951 457 Candide
969 429 979 457 ε
1012 429 1100 457 non
1119 416 1265 457 futuit.

140 542 190 563 ore
204 532 364 572 delicatus,
387 533 466 562 lalus
490 534 622 571 pectore,
644 531 718 562 levis
733 539 833 570 crure,
853 530 905 571 qui
920 530 1024 562 crebro
1040 531 1193 571 improbus
1206 541 1303 562 comes
1326 531 1422 561 haeret
1440 534 1501 561 tuce
1525 540 1593 562 con-

140 576 214 613 jugi
240 575 255 591 ’ἒ
281 575 309 604 “.

736 701 993 742 XXXIX.

683 802 733 831 IN
767 801 1051 832 SABELLUM.

318 882 410 922 OD!
436 887 491 931 te,
511 881 615 935 quia
633 881 777 922 bellus
799 893 863 929 es,
885 880 1077 921 Sabelle.

315 948 408 990 Res
428 952 494 989 est
513 948 674 1002 putida
694 948 851 999 bellus,
873 952 916 989 et
937 947 1154 997 Sabellus,

316 1016 491 1058 Bellum
512 1016 697 1069 denique
715 1016 850 1066 malo,
872 1029 1005 1069 quam
1022 1015 1267 1057 Sabellum.

313 1084 542 1126 Tabescas
563 1085 743 1134 utinam,
764 1085 954 1134 Sabelle,
978 1083 1115 1125 belle!

183 1199 214 1228 Ο
230 1198 360 1235 Sabelle,
381 1199 431 1229 odi
447 1202 491 1237 te,
513 1199 654 1239 quoniam
670 1200 764 1231 bellus
780 1211 822 1231 es.
871 1201 932 1232 Res
948 1205 993 1231 est
1001 1201 1117 1238 soetz'da
1133 1201 1228 1232 bellus
1243 1205 1273 1232 et
1291 1202 1445 1242 Sabellus,
1471 1206 1595 1235 tandem

142 1243 222 1273 malo
236 1241 356 1281 bellum,
380 1251 470 1283 quam
484 1241 649 1274 Sabellum.
693 1244 724 1275 O
741 1242 873 1283 Sabelle,
895 1243 1015 1274 utinam
1033 1254 1200 1275 marc-escas
1217 1245 1292 1276 belle
1304 1245 1319 1275 l

802 1330 942 1363 NOTAE

187 1396 203 1423 1
231 1392 349 1433 odite]
367 1393 466 1425 Hunc
481 1393 731 1435 Sabellumjam
743 1405 841 1435 carp·
895 1395 962 1427 Sed
994 1395 1100 1436 magis
1131 1395 1250 1435 placet
1279 1394 1406 1426 bellum
1432 1396 1495 1427 hoc
1523 1396 1596 1427 loco

79 1475 81 1478 ,
142 1444 186 1474 sit
203 1444 310 1475 Poeta
326 1444 384 1475 lib.
404 1453 471 1475 vn.
498 1444 598 1484 Epig.
624 1447 677 1476 85.
724 1446 843 1484 Bellus,
896 1445 981 1477 sumi
995 1455 1055 1485 pro
1070 1445 1146 1486 ipsa
1158 1445 1484 1477 bellicontentione.

142 1494 206 1524 hoe
221 1498 286 1533 est,
299 1494 446 1534 ineptus.
462 1493 549 1525 Vide
565 1494 620 1525 lib.
634 1504 674 1526 11.
692 1496 794 1537 Epig.
810 1499 841 1528 7.
937 1498 957 1526 4
982 1495 1144 1536 Tabescas]
1177 1497 1222 1527 Ut
1254 1505 1307 1526 res
1336 1497 1466 1536 putida.
1512 1497 1599 1527 Belle

187 1547 205 1575 8
230 1545 352 1575 Bellum
372 1544 514 1584 denique]
537 1544 652 1576 Bellus
674 1546 762 1576 enim
784 1545 842 1576 ho·
897 1550 1012 1586 potest
1038 1556 1112 1576 esse
1141 1547 1279 1587 quintus
1314 1555 1423 1586 casus,
1452 1546 1505 1577 vel
1541 1548 1597 1577 ad-

144 1605 198 1626 mo
215 1595 355 1626 vitiosus
369 1599 420 1625 est
435 1599 578 1635 tantum,
595 1596 747 1627 Sabellus
763 1606 843 1627 vero
899 1596 1062 1628 vei-bium.

143 1649 196 1675 est
227 1645 335 1685 ipsum
366 1644 496 1684 vitium,
532 1644 642 1686 inquit
674 1645 843 1677 Raderus.

819 1790 926 1830 XL.

648 1879 697 1908 IN
736 1878 1107 1909 PONTILIANUM.

146 1946 435 1988 MEN'rmis?
468 1946 619 1988 credo:
651 1947 810 1988 recitas
831 1946 949 1988 mala
970 1946 1198 1987 carmina?
1231 1946 1391 1988 laudo:

203 2015 397 2057 Cantas?
430 2022 585 2057 canto:
618 2014 752 2065 bibis,
775 2013 1050 2055 Pontiliane‘?
1081 2014 1199 2053 bibo.

146 2083 312 2124 Pedis'?
344 2082 599 2131 dissimulo:
631 2095 806 2135 gemma
829 2082 897 2123 vis
918 2081 1096 2121 ludere?
1128 2081 1288 2123 vincor.

205 2150 298 2191 Res
321 2163 407 2191 una
427 2155 507 2201 est,
530 2150 623 2190 sine
642 2163 710 2190 me
732 2162 865 2203 quam
888 2149 1012 2198 facis,
1032 2155 1073 2190 et
1091 2154 1228 2190 taceo.

189 2264 221 2296 Ο
239 2265 431 2305 pontumue,
454 2266 607 2306 mentiris,
629 2265 755 2296 adhibeo
773 2270 884 2295 tamen
902 2264 1025 2305 fidem:
1057 2265 1172 2296 recitas
1196 2274 1300 2296 versus
1325 2266 1459 2305 ineptos,
1486 2265 1600 2305 probo:

146 2311 384 2348 cantas‚cauto:
408 2312 507 2349 potas,
516 2312 609 2349 poto:
631 2309 730 2349 pedis,
744 2308 922 2339 dissimulo.-
944 2309 1045 2347 placet
1061 2308 1165 2339 ludere
1175 2318 1462 2349 gemma,superor.
1501 2309 1600 2340 Unica

755 2391 966 2402 “catere-eet
973 2392 989 2401 e

193 2446 232 2476 In
247 2446 477 2486 Pompilianam
497 2452 533 2478 et
548 2457 595 2478 vs.
611 2450 642 2478 2.
662 2446 860 2487 Pompiliane
876 2446 930 2477 ed.
949 2446 1054 2477 Barb.

807 2532 945 2564 NOTAE

193 2604 206 2631 1
237 2600 350 2639 Credo]
384 2599 497 2631 Officii
531 2611 633 2633 causa
665 2602 754 2642 fingo
792 2613 844 2634 me
902 2603 998 2634 nibus
1028 2603 1156 2641 ludere,
1191 2607 1226 2633 ut
1259 2603 1352 2633 aiunt
1385 2602 1602 2640 interpretes.

152 2651 303 2685 credere,
320 2651 401 2681 licet
418 2651 518 2682 sciam
543 2657 577 2682 te
593 2654 740 2685 mentiri.
901 2653 991 2685 Vide
1020 2654 1079 2684 lib.
1106 2663 1170 2685 vu.
1186 2654 1286 2693 Epig.
1311 2655 1364 2684 72.
1386 2656 1421 2682 et
1451 2651 1508 2682 lib.
1527 2660 1603 2684 xuv.

191 2704 210 2732 2
233 2701 364 2740 Cantas]
386 2701 509 2732 Similis
533 2707 585 2733 est
601 2703 783 2735 adulatoris
799 2703 847 2735 ef·
903 2704 1002 2743 Epig.
1019 2706 1072 2735 20.
1097 2706 1105 2721 ‘
1125 2704 1362 2734 Insidiosorum
1376 2704 1402 2732 si
1416 2700 1501 2732 ludis
1514 2700 1602 2731 bella

149 2753 243 2792 figies
258 2751 347 2792 apud
364 2751 562 2783 Juvenalem
579 2752 650 2783 Sat.
667 2762 721 2784 ιιι.
903 2754 1083 2793 latronum,
1110 2754 1293 2785 Gemmeus
1319 2754 1382 2783 iste
1409 2751 1469 2782 tibi
1492 2751 1602 2789 miles,

194 2806 212 2834 3
239 2802 368 2832 Gemma
399 2801 517 2841 ludere]
549 2802 624 2833 Hoc
655 2807 719 2842 est,
745 2803 848 2833 latro·
905 2807 938 2833 et
957 2802 1060 2834 hostis
1074 2803 1166 2833 erit.'

239 2855 351 2895 Delph.
368 2858 396 2886 el
419 2855 489 2887 Var.
508 2856 592 2887 Clas.
803 2856 948 2887 Μανιίιιί,
1448 2857 1465 2884 3
1492 2856 1517 2886 L
