1893 3225
560 230 967 262 EPmRAMMATUM
1004 231 1098 260 ωε.
1134 231 1205 261 ix.
1525 225 1609 265 653

152 333 285 385 Quod
306 346 429 386 rog0‚
453 333 572 387 quod
593 332 742 373 scelus
763 334 843 379 est,
865 330 1035 371 mollem
1059 335 1262 384 spectare
1284 333 1557 375 ministrum?

207 401 463 455 Aspicimus
486 401 636 449 solem,
659 399 819 447 sidera,
839 397 1020 451 templa,
1045 398 1181 438 Deos.

149 468 362 510 Avertam
384 468 550 517 vultus,
570 472 778 520 tanquam
800 465 906 505 mihi
927 465 1090 518 pocula
1111 465 1292 518 Gorgon

208 536 425 590 Porrigat,
447 541 577 589 atque
599 535 753 575 oculos
774 546 938 586 oraque
957 538 1109 574 nostra
1129 536 1303 587 tegam?

148 605 273 645 Trux
295 608 392 644 erat
415 602 596 644 Alcides
614 615 624 643 :
657 601 735 642 sed
757 601 928 654 Hylam
950 606 1151 654 spectare
1172 603 1347 644 licebat.

207 672 378 712 Ludere
398 671 616 711 Mercurio
638 683 737 711 cum
759 668 1023 723 Ganymede
1045 670 1163 711 licet.

149 739 198 780 Si
217 752 304 780 non
325 739 394 780 vis
416 743 583 780 teneros
601 742 773 792 spectet
790 737 982 778 conviva
1004 737 1250 779 ministros:

208 807 399 848 Phineas
420 807 596 856 invites,
621 805 741 855 Afer,
765 809 808 846 et
830 804 1104 859 OEdipodas.
1553 812 1607 851 10

1581 472 1608 510 Οἱ

147 940 250 968 torvos
271 938 381 968 oculos.
428 937 513 972 Quid
535 936 661 978 quaeso?
710 937 799 972 Quod
823 937 939 968 crimen
961 940 1006 967 est
1034 938 1152 968 intueri
1181 941 1319 969 tenerum
1342 938 1525 978 famulum?
1562 941 1610 972 in-

146 984 268 1011 tuemur
291 979 410 1017 Solem,
431 984 530 1017 astru,
554 982 679 1020 templa,
702 981 852 1012 numina.-
884 990 925 1011 an
951 985 1090 1011 avertam
1107 980 1237 1020 faciem,
1259 983 1345 1022 quasi
1372 984 1501 1013 Medusa
1532 985 1608 1015 mihi

147 1023 303 1053 ministret
324 1024 445 1063 pocula,
468 1028 498 1054 et
521 1024 624 1054 vetabo
654 1025 754 1055 oculos
776 1027 869 1064 atque
893 1022 953 1055 os?
998 1024 1152 1054 Hercules
1177 1028 1245 1055 erat
1273 1029 1390 1056 atrox:
1413 1029 1445 1055 at
1461 1025 1518 1062 sas
1540 1031 1607 1058 erat

146 1067 281 1106 aspicere
306 1066 437 1107 Hylam.
487 1067 669 1097 Concessum
697 1071 743 1096 est
769 1067 927 1096 Mercurio
940 1066 1047 1104 jocari
1068 1077 1135 1097 cum
1160 1067 1352 1108 Ganymede.
1399 1067 1436 1097 Si
1464 1078 1524 1099 non
1550 1070 1609 1109 vis,

145 1114 185 1139 ut
207 1109 334 1139 conviva
358 1111 516 1140 intueatur
538 1110 640 1140 molles
654 1109 803 1147 famulos,
820 1119 839 1140 o
862 1109 953 1148 Afer,
976 1109 1088 1140 invites
1104 1109 1239 1140 Phineus
1268 1113 1359 1150 atque
1378 1111 1563 1151 OEdipodas.

759 1192 994 1203 eeeeeeeeeeee

146 1245 258 1276 oraque
270 1239 376 1268 nostra
391 1212 479 1276 tegat
497 1237 606 1268 codex
622 1236 826 1268 Pulmanni:
850 1245 962 1277 oraque
978 1239 1083 1268 nostra
1096 1239 1185 1277 petat
1199 1236 1408 1269 Beverlandi
1424 1239 1491 1270 Ms.

805 1313 947 1345 NOTAE

187 1380 205 1408 5
229 1378 379 1408 Avertam
393 1377 510 1418 vultus]
533 1378 610 1410 Hoc
628 1387 689 1419 per
705 1378 846 1410 ironiam
902 1388 984 1409 eus:
1010 1377 1161 1409 Phineus
1184 1377 1266 1409 duas
1290 1388 1414 1410 uxores
1432 1379 1541 1419 duxit,
1558 1391 1610 1412 se-

145 1426 231 1458 dicit
247 1427 367 1458 Poe'ta.
411 1428 500 1459 Vide
517 1428 576 1460 lib.
592 1438 628 1460 x.
647 1429 748 1470 Epig.
765 1432 819 1461 98.
901 1429 1023 1461 cundae
1052 1439 1153 1460 suasu
1167 1435 1346 1469 susceptos
1373 1439 1415 1460 ex
1433 1431 1546 1470 priore
1568 1433 1607 1462 li-

190 1478 335 1520 Gorgon]
357 1478 435 1509 Hoc
451 1484 516 1518 est,
528 1480 686 1515 Medusa,
704 1490 779 1521 quae
796 1489 845 1511 as·
900 1481 998 1512 beros
1015 1481 1216 1520 excaecavit,
1231 1490 1331 1521 quam
1355 1481 1398 1511 ob
1420 1491 1555 1512 causam
1572 1488 1608 1513 et

145 1534 249 1568 pectu
263 1537 322 1559 suo
338 1528 489 1559 homines
507 1529 540 1559 in
558 1529 691 1570 lapides
708 1539 846 1560 conver·
900 1530 974 1572 ipse
989 1541 1007 1562 a
1020 1531 1094 1562 Diis
1111 1535 1303 1561 excaecatus
1316 1535 1380 1560 est.
1396 1531 1513 1571 OEdipi
1527 1542 1608 1563 vero

145 1577 256 1616 tebat,
268 1578 365 1618 cujus
380 1578 516 1609 historia
532 1580 613 1610 satis
628 1585 718 1611 nota.
901 1582 1044 1613 historia
1060 1586 1141 1612 nota
1158 1586 1211 1611 est
1227 1591 1269 1611 ex
1281 1581 1444 1620 Euripide
1460 1582 1492 1611 in
1507 1582 1607 1613 Phoe-

189 1631 207 1658 7
232 1628 294 1659 Sed
310 1629 443 1669 Hylam]
472 1630 630 1660 Herculis
646 1639 788 1670 puerum
805 1630 847 1660 de
903 1631 1014 1671 nissis,
1029 1632 1084 1672 qui
1099 1631 1247 1671 cognitis
1260 1631 1328 1661 suis
1346 1632 1528 1663 sceleribus
1541 1633 1606 1663 sibi

147 1689 212 1722 quo
229 1680 358 1719 egimus
374 1679 434 1711 lib.
452 1689 486 1710 v.
505 1680 606 1720 Epig.
621 1682 676 1711 48.
904 1682 977 1721 ipse
1001 1682 1115 1712 oculos
1144 1680 1277 1711 effodit.
1321 1680 1446 1712 Sensus
1463 1688 1535 1714 est:
1574 1683 1604 1713 O

188 1733 207 1761 8
233 1731 311 1761 Cum
330 1730 524 1771 Ganymede]
547 1730 643 1762 ,Jovis
660 1740 778 1771 puero.
905 1730 1002 1772 Afer,
1022 1727 1148 1762 invites
1167 1740 1286 1762 caecos,

191 1783 230 1811 10
253 1780 406 1820 Phineas]
439 1780 667 1812 Accusativus
684 1788 735 1812 est
752 1781 850 1812 Grae-

764 1966 984 2008 XXVII.

683 2064 756 2093 DE
800 2063 1033 2096 NERvAe

144 2129 324 2172 AUDET
346 2130 537 2172 facundo
560 2131 636 2185 qui
660 2132 855 2172 carmina
885 2130 1055 2171 mittere
1081 2130 1262 2180 Nervae,

201 2198 379 2240 Pallida
399 2199 582 2240 donabit
604 2199 795 2252 glaucia,
818 2198 997 2249 Cosme,
1020 2199 1116 2239 tibi.

190 2307 254 2343 Qui
277 2309 368 2338 audet
390 2307 516 2338 mittere
542 2317 646 2339 versus
666 2308 782 2339 diserto
814 2308 941 2347 Nerroe,
968 2318 987 2339 ο
1006 2309 1127 2348 cosme,
1143 2308 1202 2340 tibi
1216 2310 1301 2341 dedit
1319 2310 1418 2350 pallia
1437 2311 1606 2343 Glaucina.

757 2392 991 2405 eeeeeeeeeeee

188 2448 208 2475 2
234 2445 335 2476 Pallia
362 2447 487 2478 donarit
506 2448 655 2487 glaucina
676 2448 709 2479 in
727 2448 805 2480 Ald.
827 2449 925 2481 Junt.
955 2449 1064 2480 Colin.
1082 2449 1217 2489 Gryph.
1241 2449 1400 2479 Puiman.
1428 2449 1601 2480 Calderin.

147 2488 261 2519 Plant.
276 2489 414 2521 Junian.
431 2491 537 2531 Lang.
556 2496 591 2522 et
609 2491 737 2532 Delph.
784 2492 912 2523 Pallida
937 2492 1063 2523 donabit
1083 2493 1208 2532 glaucia
1232 2492 1265 2522 in
1280 2497 1368 2533 optt.
1385 2492 1485 2523 codd.
1503 2497 1539 2523 et
1553 2493 1602 2523 sic

805 2567 945 2599 NOTAE

190 2631 205 2658 l
235 2627 361 2667 Nervae]
395 2628 497 2669 Cujus
513 2639 629 2662 versus
640 2632 712 2672 jam
734 2632 848 2663 lauda·
901 2631 1024 2662 coloris
1040 2637 1167 2669 vestes,
1182 2641 1257 2672 quae
1279 2631 1361 2662 viles
1376 2630 1602 2667 habebantur,

147 2679 198 2708 vit
215 2678 273 2708 lib.
287 2686 368 2708 vul.
385 2678 485 2719 Epig.
504 2682 557 2710 70.
573 2686 608 2711 et
625 2681 758 2712 Plinius
783 2682 844 2714 Ju-
901 2682 1008 2711 mittit
1052 2681 1176 2712 Cosnio
1216 2691 1404 2722 purpureas
1452 2681 1603 2711 babenti.

148 2730 221 2760 nior
238 2728 295 2759 lib.
313 2738 346 2758 v.
366 2728 475 2768 Epist.
492 2731 523 2759 3.
903 2732 1028 2762 Nescio
1061 2741 1101 2762 an
1137 2732 1190 2762 hic
1219 2732 1262 2762 sit
1290 2733 1430 2762 Cosmus
1455 2731 1497 2762 de
1538 2740 1603 2771 quo

191 2783 209 2810 2³.
243 2779 368 2809 Pallida
397 2778 535 2819 [Pallia]
560 2779 698 2819 glaucia]
721 2781 843 2811 Glauci
899 2782 955 2812 lib.
974 2791 996 2813 ι.
1015 2782 1116 2822 Epig.
1134 2785 1185 2812 58.
1205 2787 1239 2812 et
1256 2782 1311 2813 lib.
1330 2792 1381 2813 iv.
1398 2783 1497 2822 Epig.
1516 2784 1568 2812 53
