1893 3225
225 192 309 231 590
701 200 751 229 M.
784 200 894 230 vm..
929 199 1203 231 MARTIALIS

226 295 427 348 Aspicis,
449 300 499 336 ut
520 298 663 336 teneat
683 295 897 346 flammas,
927 309 1152 351 poenaque
1174 297 1340 338 fruatur

286 363 447 412 Fortis,
468 368 510 404 et
530 364 717 404 attonito
737 369 884 416 regnet
903 365 948 404 in
969 364 1069 417 igne
1090 364 1271 405 manus!

231 431 335 485 Ipse
357 432 426 471 sui
446 435 670 484 spectator
692 431 832 481 adest,
852 435 893 472 et
914 432 1063 473 nobile
1085 432 1253 472 dextrae
1653 432 1681 472 5

286 498 437 539 Funus
458 502 599 539 amat:
632 499 737 539 totis
759 499 956 552 pascitur
976 500 1053 539 illa
1069 500 1223 540 sacris.

229 567 366 618 Quod
386 567 472 607 nisi
493 571 619 620 rapta
637 566 748 607 foret
768 567 935 607 nolenti
956 579 1106 620 poena,
1130 568 1321 621 parabat

284 635 456 676 Saevior
477 635 521 675 in
541 635 687 675 lassos
709 635 770 675 ire
792 635 971 675 sinistra
992 635 1134 676 focos.

228 703 351 743 Scire
374 702 495 756 piget
512 707 616 755 post
634 701 720 742 tale
741 701 895 752 decus,
917 702 1023 756 quid
1044 703 1199 746 fecerit
1220 710 1321 746 ante
1339 718 1349 746 ε

286 771 431 821 Quam
455 769 563 821 vidi,
586 770 696 810 satis
716 775 786 811 est
805 770 919 812 hanc
934 772 1040 812 mihi
1060 785 1190 814 nosse
1209 787 1398 814 manum.
1629 774 1686 814 10

232 893 328 924 Vides
349 897 385 924 ut
408 902 514 924 manus
535 896 661 923 strenua
684 893 821 925 cohibeat
836 893 996 935 stamnum,
1029 898 1061 925 et
1092 895 1259 934 triumphet
1287 896 1324 926 de
1351 894 1512 934 supplicio,
1536 897 1566 925 et
1587 895 1685 925 domi-

226 939 317 967 netur
335 937 367 967 in
382 936 454 974 igne
478 935 644 976 stupente!
669 937 738 976 Ipse
753 938 841 967 adest
855 940 1010 977 spectator
1032 938 1092 976 sui,
1115 942 1145 968 et
1168 939 1276 977 diligit
1293 937 1522 975 illustrefunus
1540 939 1662 968 ‹lextrae
1674 948 1684 968 .·

226 979 282 1009 illa
294 980 434 1019 pascitur
445 981 508 1009 toto
523 979 605 1017 igue.
652 976 817 1013 Quodnisi
830 980 1015 1020 supplicium
1029 981 1292 1020 ereptumfuisset
1315 981 1422 1018 invito,
1449 980 1581 1011 sinistra
1596 979 1684 1019 sero-

226 1022 291 1052 εἰογ-
314 1025 436 1062 promta
458 1024 525 1052 erat
546 1021 717 1052 immittere
738 1032 771 1053 se
794 1022 827 1053 in
840 1023 989 1063 flammas
1014 1023 1167 1062 ingentes.
1212 1025 1289 1055 Post
1314 1024 1376 1055 tale
1398 1025 1490 1054 decus
1509 1024 1606 1054 nolim
1638 1023 1686 1054 in-

227 1065 358 1105 quirere,
394 1065 468 1105 quid
489 1063 606 1102 fecerit
629 1068 746 1096 antea:
779 1065 857 1096 milti
893 1066 1005 1107 sufficit
1038 1077 1219 1106 cognoscere
1247 1067 1327 1099 hanc
1348 1076 1471 1098 manum
1492 1076 1584 1107 quam
1603 1076 1686 1107 spec·

229 1108 304 1138 tavi.

838 1160 979 1172 ‘rw

980 1160 1080 1171 wo

270 1228 289 1256 8
306 1225 428 1257 San-ior
439 1227 471 1257 in
487 1228 574 1257 laxos
590 1227 622 1257 in
635 1226 714 1258 Ald.
727 1226 824 1259 Junt.
843 1227 953 1259 Colin.
968 1228 1100 1268 Grypli.
1116 1228 1230 1260 Plant.
1245 1228 1382 1261 Jnnian.
1394 1229 1499 1269 Lang.
1513 1233 1549 1260 et
1560 1228 1687 1268 Delph.

228 1268 347 1299 Saevior
361 1269 394 1299 in
411 1270 505 1300 lassos
517 1269 625 1302 codex
644 1270 822 1302 Pulmanni
839 1276 873 1301 et
890 1271 1097 1302 Beverlandi
1112 1272 1180 1302 Ms.
1226 1272 1313 1303 Haec
1329 1271 1434 1303 verba
1447 1281 1538 1313 saepe
1552 1281 1687 1313 permu-

228 1316 343 1344 tantur
360 1312 394 1343 in
410 1313 624 1344 membranis.
669 1313 753 1345 Vive
772 1313 847 1345 VV.
866 1315 934 1346 LL.
950 1314 993 1345 ad
1009 1314 1065 1346 lib.
1084 1323 1135 1347 IV.
1152 1314 1250 1356 Epig.
1273 1318 1304 1347 8.

882 1411 1023 1444 NOTAE

273 1487 289 1515 l
310 1484 374 1520 Qui
384 1485 479 1526 nunc]
500 1485 729 1526 Temporibus
744 1487 932 1518 Domitiani

227 1535 387 1566 fortiores
415 1534 503 1567 viros
535 1536 684 1568 existere
707 1547 806 1578 quam
833 1538 934 1569 Bruti

230 1585 354 1616 saeculo
372 1584 476 1616 docet
492 1585 602 1616 Po‘e'ta
619 1597 626 1617 :
650 1596 724 1617 nam
746 1587 836 1627 quod
853 1587 933 1618 olim

230 1635 433 1666 fortissimus
448 1635 603 1666 Scaevola
619 1636 652 1666 in
670 1645 706 1667 re
719 1637 819 1673 seria,
834 1637 867 1668 id
884 1637 934 1678 ip-

229 1696 303 1716 sum
319 1695 409 1717 nunc
426 1685 612 1726 pei-jocum
628 1685 678 1717 fit.
725 1686 800 1717 Lib.
814 1687 932 1727 Spect.

230 1735 330 1776 Epig.
345 1738 377 1767 7.
423 1735 486 1766 Rei
502 1736 630 1776 quippe
651 1736 802 1767 damnati
818 1746 934 1778 perso-

230 1796 290 1817 nas
308 1785 458 1826 agebant
474 1785 620 1825 Daedali,
639 1785 782 1827 Orphei,
798 1791 833 1817 et
848 1787 935 1818 Lau-

230 1838 335 1875 reoli;
365 1837 415 1867 ita
439 1836 493 1867 hic
518 1835 620 1867 fictus
641 1837 793 1868 Scaevola
807 1837 849 1868 ad
877 1847 935 1868 ex·

231 1887 379 1926 emplum
412 1886 520 1917 Mucii
547 1886 709 1917 Scaevolae
739 1896 874 1918 manum
901 1888 935 1918 in

231 1936 382 1967 flammas
413 1935 595 1966 immissam
625 1936 824 1967 combussit.
860 1936 934 1967 Lib.

233 1997 256 2018 1.
289 1987 388 2027 Epig.
412 1989 464 2017 22.
510 1987 519 2002 ‘
537 1986 628 2017 Dum
654 1991 791 2028 peteret
822 1997 935 2026 regem

232 2038 380 2078 decepta
391 2037 539 2068 satellite
552 2037 675 2068 (lextra
690 2037 817 2078 InJecit
832 2038 936 2069 sacris

235 2098 271 2119 se
288 2087 439 2128 peritura
454 2086 563 2118 focis.'

275 2141 295 2169 2
323 2138 519 2178 Temporibus
549 2138 662 2180 Bruti]
698 2138 827 2171 Quibus
852 2139 937 2171 vixit

231 2189 396 2220 Scaevola.
444 2188 534 2219 Vide
551 2188 624 2219 Liv.
637 2188 695 2220 lib.
712 2198 753 2219 11.

275 2238 404 2270 Summa
425 2237 510 2278 suit]
545 2238 586 2269 Id
614 2237 681 2270 fuit
707 2244 788 2271 tunc
808 2249 937 2272 summa

234 2289 350 2330 gloria,
366 2288 455 2329 quod
472 2298 561 2320 nunc
579 2289 671 2320 lusus
689 2294 752 2321 est.

277 2343 295 2371 3
320 2341 476 2380 Poeuaque
492 2338 640 2380 fruatur]
678 2339 756 2371 Hoc
778 2345 841 2379 est,
868 2350 937 2381 poe-

234 2401 309 2421 nam
327 2391 358 2420 in
384 2400 476 2421 suam
493 2390 628 2421 laudem
653 2395 787 2422 vertat:
827 2392 875 2422 sic
891 2392 938 2422 lo-

235 2441 349 2483 quitur
373 2439 465 2472 Juno
493 2440 582 2481 apud
607 2441 772 2472 Senecam
798 2442 832 2473 in
850 2442 938 2474 Her-

235 2492 311 2523 cule
327 2490 463 2522 furente
478 2503 484 2520 :
507 2491 516 2508 ‘
529 2496 667 2531 superat
679 2496 714 2523 et
727 2492 854 2523 crescit
870 2502 937 2524 ma-

235 2543 289 2581 lis,
307 2541 431 2582 Iraque
448 2545 567 2572 nostra
578 2539 728 2581 fruitur,’
746 2544 809 2574 &c.

278 2596 296 2622 5
322 2592 392 2632 Ipse
404 2591 468 2631 sui]
501 2591 583 2632 Ipse
596 2590 697 2623 fictus
713 2592 880 2634 Scaevola,
896 2594 938 2625 ad

236 2642 427 2682 exemplum
439 2641 511 2672 veri
523 2642 702 2682 Scaevolae,
713 2652 848 2674 manum
861 2643 939 2685 igne

237 2693 390 2724 comburi
416 2692 598 2734 spectavit,
626 2697 661 2725 et
680 2693 872 2726 delectatus
889 2699 941 2728 est

237 2744 295 2775 illo
308 2743 517 2785 spectaculo.

1031 1493 1051 1520 6
1077 1489 1163 1520 Totis
1175 1489 1330 1530 pascitur]
1368 1489 1445 1521 Hoc
1473 1493 1538 1528 est,
1553 1489 1689 1521 combu-

988 1539 1076 1570 ritui·
1093 1545 1167 1571 toto
1184 1540 1260 1579 igne
1277 1540 1320 1571 ad
1334 1550 1432 1571 sacra
1455 1539 1614 1572 facienda
1637 1550 1692 1572 ac·

989 1599 1102 1621 censo.
1148 1591 1252 1621 Forte
1291 1590 1411 1621 melius
1444 1590 1608 1631 explices,
1633 1589 1690 1622 de-

989 1639 1140 1670 lectatur
1168 1643 1240 1671 toto
1264 1639 1354 1681 igne.
1400 1641 1478 1674 Quo
1509 1651 1623 1680 sensu,
1655 1642 1690 1672 ni

989 1688 1102 1728 fallor,
1117 1690 1255 1721 verbum
1282 1690 1376 1731 pasci
1400 1695 1586 1732 usurpatur
1601 1702 1621 1723 a
1637 1692 1693 1723 Ci-

990 1749 1114 1771 cerone
1137 1740 1180 1771 ad
1207 1740 1363 1772 Atticum
1389 1741 1448 1774 lib.
1461 1752 1509 1773 ιν.
1531 1742 1642 1783 Epist.
1659 1745 1691 1774 9.

990 1792 999 1808 ‘
1013 1791 1111 1831 Ego‚'
1127 1792 1265 1833 inquit‚‘
1278 1793 1333 1824 hic
1349 1802 1471 1833 pascor
1485 1793 1693 1824 bibliotheca

989 1841 1130 1873 Fausti)

1033 1895 1051 1923 7
1078 1893 1261 1933 Quodnisi]
1295 1894 1427 1926 Fictum
1453 1894 1543 1926 hunc
1560 1895 1694 1926 Scaevo-

989 1943 1054 1974 lam
1071 1942 1214 1974 flammis
1241 1944 1326 1985 eripi
1347 1945 1506 1985 jussisset
1522 1945 1692 1976 Domitia-

989 2004 1064 2030 nus,
1076 1999 1113 2025 ut
1131 1995 1208 2025 olim
1227 2004 1340 2026 verum
1354 1996 1541 2027 Scaevolam
1554 1996 1596 2026 ab
1613 1996 1691 2036 igne

991 2046 1141 2076 amoveri
1164 2046 1347 2087 imperavit
1377 2047 1543 2079 Porsena.
1573 2048 1648 2080 Lib.
1667 2058 1691 2079 1.

992 2096 1096 2138 Epig.
1111 2099 1163 2129 22.
1208 2102 1217 2115 ‘
1231 2098 1276 2128 Et
1301 2103 1437 2138 raptum
1462 2097 1605 2130 flammis
1617 2100 1692 2140 jus-

991 2148 1034 2178 sit
1051 2147 1146 2178 abire
1164 2147 1292 2179 virum!
1336 2148 1513 2180 Sinistram
1536 2158 1618 2180 sane
1635 2158 1692 2190 pa-

992 2198 1078 2228 riter
1093 2197 1342 2229 combussisset.

1035 2251 1055 2279 8
1081 2248 1118 2279 In
1133 2249 1226 2279 lassos
1237 2248 1465 2290 [lax03]socos]
1487 2250 1570 2288 Alii,
1585 2250 1694 2288 lassos,

992 2299 1055 2330 hoc
1068 2303 1132 2338 est,
1144 2299 1176 2330 in
1186 2298 1336 2331 flammas
1351 2300 1470 2340 victas,
1483 2305 1517 2332 et
1531 2301 1692 2332 cedentes

993 2353 1096 2381 tantae
1110 2349 1242 2380 virtuti.

1034 2402 1055 2430 9
1079 2400 1158 2430 Post
1174 2400 1236 2431 tale
1258 2401 1363 2441 decus]
1397 2401 1482 2433 Post
1504 2406 1572 2432 tam
1597 2412 1693 2442 egre-

993 2449 1085 2490 gium
1116 2448 1246 2481 facinus
1265 2460 1273 2480 :
1313 2451 1440 2482 etenim
1465 2452 1491 2482 si
1514 2452 1558 2482 ob
1581 2453 1693 2483 scelus

993 2499 1171 2530 damnatus
1190 2509 1325 2530 manum
1349 2501 1584 2541 combusserit,
1607 2512 1694 2534 sum-

992 2560 1079 2580 mam
1096 2550 1229 2581 laudem
1245 2556 1448 2583 consecutus
1465 2557 1537 2584 est:
1563 2558 1598 2584 at
1615 2563 1694 2584 vero

994 2602 1022 2632 si
1046 2600 1155 2631 libens
1171 2601 1336 2641 ejusmodi
1358 2603 1492 2634 virtutis
1506 2613 1575 2635 suae
1588 2604 1696 2644 speci-

994 2660 1071 2682 men
1109 2656 1288 2692 spectante
1313 2653 1507 2685 Domitiano
1538 2654 1697 2693 ediderit,

995 2703 1076 2733 licet
1108 2702 1281 2742 colligere,
1310 2703 1404 2734 illum
1432 2710 1532 2736 antea
1558 2705 1692 2746 egregia

997 2762 1128 2794 quoque
1140 2753 1342 2794 praestitisse
1361 2754 1522 2788 facinora.
