1893 3225
260 218 344 259 680
743 230 792 260 M.
825 231 936 261 vAL.
972 231 1244 262 MARTIALIS

380 325 476 366 Nec
499 326 650 367 Tusca
670 326 760 379 ligo
782 327 911 367 vinea
931 327 1122 380 politus,

382 394 423 433 N
429 407 480 434 ec
502 393 675 447 pallens
695 400 800 447 toga
819 395 980 436 mortui
999 395 1191 444 tribulis,

380 460 477 501 Nec
501 462 614 515 pigri
637 465 732 503 rota
754 476 919 516 quassa
939 464 1160 512 muiionis,

380 528 479 570 Nec
501 542 650 570 rasum
669 543 809 572 cavea
828 531 946 572 latus
967 531 1177 580 bisontis,
1673 533 1727 573 10

381 597 480 638 Nec
502 598 609 639 dens
623 598 719 652 jam
741 601 886 641 senior
907 600 1066 640 ferocis
1088 600 1206 653 apri:

384 665 478 706 Res
500 679 587 706 una
608 671 676 707 est
694 672 850 717 tamen,
871 669 969 721 ipse
990 681 1078 709 non
1099 668 1296 721 negabit,

384 733 524 774 Culus
548 734 688 776 tritior
711 735 879 790 Hedyli
900 736 1100 777 lacernis.

270 857 323 877 nec
337 847 455 886 pallida
472 851 547 887 toga
562 847 687 878 tribulis
701 846 855 885 defuncti,
877 857 931 878 nec
940 846 1052 885 fracta
1062 849 1136 886 toga
1149 846 1261 877 inertis
1273 846 1428 885 mulionis,
1443 856 1497 878 ‘nec
1510 846 1593 877 lutus
1606 847 1735 878 bisontis

271 900 374 920 rasum
387 900 491 929 cat-ea,
512 900 567 921 nec
581 891 655 921 dens
664 890 731 929 jam
745 891 850 921 senior
864 892 939 922 soevi
954 891 1035 931 apri.
1081 889 1295 921 Nihilominus
1311 900 1371 920 una
1388 900 1436 920 res
1452 894 1511 930 est,
1533 890 1599 931 ipse
1614 901 1672 921 <nou
1690 891 1736 921 in·

272 933 430 970 ficiultitur
454 933 471 949 ³²⁵
495 933 513 949 ³*

874 996 1114 1007 reema-tuoe

274 1040 426 1071 mulionis.
472 1040 567 1070 Lassa
586 1049 636 1071 sc.
654 1040 862 1072 circumactu
880 1040 1090 1081 quotidiano,
1103 1044 1206 1080 atque
1223 1039 1308 1071 adeo
1323 1040 1414 1071 trita.

935 1115 1076 1147 NOTAE

273 1192 405 1223 aspera,
431 1182 521 1212 saxis
538 1182 638 1220 tritis,
651 1185 686 1212 et
712 1181 881 1220 levigatis,
901 1190 977 1222 quae
1034 1180 1043 1196 ‘
1056 1179 1142 1210 Pars
1158 1189 1282 1220 magna
1294 1178 1405 1209 Italiae
1423 1184 1477 1210 est
1492 1178 1535 1220 (si
1552 1188 1667 1210 verum
1684 1181 1741 1210 ad-

275 1234 368 1273 quasi
380 1233 453 1263 sine
465 1233 552 1263 saltu
571 1232 812 1272 praeteririnon
826 1235 978 1271 possunt.
1036 1230 1221 1269 mittimus)
1243 1231 1276 1260 in
1299 1239 1366 1271 qua
1383 1230 1494 1260 Nemo
1511 1234 1623 1270 togam
1637 1232 1741 1261 sumit

275 1287 326 1316 De
343 1286 397 1316 via
412 1286 579 1316 Flaminia
594 1284 826 1325 lib.1v.Epig.
842 1287 894 1316 64.
1038 1281 1102 1312 nisi
1139 1280 1315 1312 mortuus!
1374 1280 1428 1311 De
1463 1280 1580 1312 tribuli
1611 1281 1742 1314 dictum

318 1340 336 1368 7
363 1337 430 1368 Nec
445 1336 555 1376 Tusca]
581 1337 739 1376 Ligonem
755 1336 984 1375 interpretare
1038 1332 1198 1373 Epig.50.
1215 1341 1331 1372 supra.

279 1388 466 1428 levigatum
497 1387 531 1417 in
558 1385 725 1417 fodiendis
763 1385 912 1416 Etruriae
939 1385 984 1415 vi-
1083 1387 1123 1415 10
1149 1383 1345 1424 Necrasum]
1371 1384 1447 1415 Nec
1463 1384 1552 1414 latus
1568 1384 1664 1415 bovis
1678 1386 1742 1425 syl-

276 1439 362 1478 neis,
381 1438 480 1479 Epig.
495 1440 549 1469 23.
565 1447 682 1477 supra.
1039 1435 1163 1466 vestris
1186 1435 1340 1466 attritum
1358 1444 1463 1466 cavea
1477 1434 1534 1466 ubi
1546 1435 1744 1475 includitur,

322 1493 341 1520 S
368 1490 434 1520 Nec
459 1490 578 1529 pallens
601 1488 691 1528 toga]
715 1488 793 1520 Qua
809 1486 925 1518 amicti
938 1485 985 1517 ef·
1037 1487 1098 1518 lib.
1113 1495 1137 1519 1.
1153 1487 1254 1528 Epig.
1272 1489 1346 1518 105.

277 1540 479 1573 ferebantur
492 1539 628 1570 mortui.
645 1538 822 1571 Juvenalis
836 1538 908 1568 Sat.
927 1546 985 1569 111.

727 1788 794 1817 AD
827 1787 1083 1817 NYMPHAM
1118 1787 1303 1817 SABINI.

286 1857 512 1897 NYMPHA
536 1857 653 1897 sacri
675 1856 824 1908 regina
843 1856 990 1905 lacus,
1011 1855 1084 1895 cui
1107 1859 1230 1908 grata
1252 1855 1460 1905 Sabinus,

343 1924 400 1965 Et
420 1937 625 1965 mansura
645 1924 723 1977 pio
744 1936 921 1964 munere
941 1923 1108 1976 templa
1131 1923 1274 1975 dedit;

286 1993 361 2034 Sic
381 1999 589 2034 montana
612 1998 713 2033 tuos
736 2004 905 2045 semper
927 1991 1049 2032 colat
1070 1990 1260 2032 Umbria
1281 1990 1439 2040 fontes,

345 2060 443 2102 Nec
464 2065 541 2102 tua
560 2060 754 2101 Baianas
776 2058 961 2100 Sarsina
980 2058 1110 2099 malit
1130 2072 1271 2112 aquas
1289 2072 1300 2111 ;

330 2170 360 2202 Ο
386 2170 533 2211 Nympha
547 2170 658 2208 regina
679 2170 761 2200 sacri
776 2170 872 2208 lucus,
893 2170 946 2200 cui
968 2169 1105 2201 Sabinus
1117 2170 1170 2210 pz'o
1190 2171 1268 2201 dono
1284 2171 1444 2201 exstruxit
1465 2171 1546 2201 cedes
1560 2174 1701 2210 acceptas
1724 2174 1753 2200 et

287 2216 476 2250 duraturas;
500 2213 546 2243 sic
572 2216 719 2244 montana
746 2213 878 2244 Umbria
903 2223 1023 2254 semper
1044 2216 1206 2244 veneretur
1231 2217 1298 2244 tuos
1315 2213 1435 2253 fomes,
1457 2223 1512 2245 nec
1539 2217 1594 2245 tua
1622 2212 1753 2244 Sarsina

901 2298 1077 2310 eaeoaeeoeee
1082 2299 1116 2309 ee
1123 2299 1139 2309 e

333 2357 386 2388 Ad
405 2356 582 2396 Nympham
602 2353 802 2386 inscribitur
828 2354 862 2385 in
880 2354 958 2387 Ald.
982 2355 1080 2387 Junt.
1104 2355 1213 2387 Colin.
1238 2355 1370 2396 Gryph.
1394 2354 1545 2385 aliis.—S
1569 2355 1668 2385 Docet
1693 2364 1754 2395 pro

952 2440 1094 2472 NOTAE

339 2513 354 2541 1
395 2507 542 2548 Nympha
575 2506 673 2546 sacr-i]
718 2505 806 2536 Vide
837 2505 894 2537 lib.
926 2514 995 2536 vn.
1052 2509 1158 2546 atque
1195 2505 1254 2535 iila
1289 2503 1461 2536 colebant.
1516 2504 1568 2536 De
1605 2504 1655 2535 his
1684 2505 1756 2545 jam

294 2562 396 2603 Epig.
426 2562 481 2591 97.
527 2557 667 2589 Librum
692 2562 805 2588 autem
830 2556 871 2587 ad
890 2555 998 2597 Nym·
1052 2555 1194 2587 dictum.

293 2614 395 2654 pham
409 2609 514 2642 fontis
530 2609 645 2640 Sabini
662 2608 789 2639 idcirco
803 2607 924 2646 mittit,
946 2611 998 2646 ut,
1096 2609 1114 2637 3
1139 2605 1195 2637 Sic
1207 2605 1367 2646 montana]
1394 2606 1465 2638 Lib.
1482 2615 1549 2638 vn.
1562 2606 1663 2648 Epig.
1681 2609 1732 2637 97.

294 2665 321 2694 si
335 2661 516 2703 displiceat
530 2659 595 2701 ipsi
617 2658 758 2699 Sabino,
773 2659 808 2690 in
823 2668 928 2700 aquas
942 2658 1000 2689 im·
1096 2659 1115 2688 4
1141 2658 1208 2688 Nec
1224 2657 1293 2698 tua]
1331 2658 1408 2689 Hoc
1431 2662 1497 2696 est,
1522 2666 1586 2688 nee
1614 2657 1757 2688 Baianas

297 2718 484 2754 mergatur.
1053 2719 1158 2751 aquas
1197 2710 1264 2741 tuis
1303 2715 1514 2750 anteponant
1551 2709 1757 2741 Sarsinates.

338 2768 358 2796 2
395 2762 520 2803 Templa
545 2760 647 2801 dedit]
693 2760 843 2792 Numina
873 2761 1000 2802 qnippe
1054 2760 1351 2792 SursinaUmbriae
1364 2761 1458 2792 urbs.

296 2816 449 2849 fontibus
476 2815 589 2846 inesse
629 2812 817 2846 credebant
840 2814 1002 2854 Veteres,
