1960 3230
545 246 955 278 EPlGRAMMA'rUM
991 247 1086 278 LIB.
1120 249 1203 279 vll.

1520 241 1606 282 515

317 336 546 391 Quicquid
566 336 740 378 villicus
762 336 945 386 Umber,
966 342 1045 378 aut
1066 338 1265 389 colonus,

315 405 406 447 Aut
421 418 497 447 rus
518 417 733 446 marmore
755 405 885 446 tertio
907 410 1119 456 notatum,

1549 411 1606 451 lo

316 473 410 525 Aut
427 473 567 514 Tusci
587 472 687 523 tibi,
707 472 945 513 Tusculive
967 474 1158 526 mittunt,

316 541 371 582 Id
393 546 491 582 tota
510 541 617 582 mihi
637 541 834 583 nascitur
855 542 1063 583 Suburra.

137 651 274 690 falleris,
316 650 423 689 Agelli
433 650 533 682 nostri
545 649 821 691 nihilferunt,nisi
835 662 893 684 me.
939 653 1095 694 Quicquid
1108 653 1228 685 villicus
1248 653 1378 694 Umber,
1403 658 1458 686 aut
1473 656 1609 696 colonus,

144 699 198 725 aut
214 694 315 732 Tusci,
329 698 382 725 aut
402 693 524 725 Tusculi
535 693 666 725 mittunt
677 696 718 726 ad
730 698 773 736 te,
787 698 841 726 aut
851 695 926 726 villa
938 698 977 727 ad
993 696 1123 728 tertium
1138 697 1286 738 lapidem,
1308 698 1341 729 id
1355 697 1433 729 mihi
1458 699 1607 739 gignitur

147 741 215 769 tola
231 738 258 769 S
261 738 386 769 uburra.

765 791 1000 803 “emm“

145 836 368 865 omnes.—-10.
392 835 431 864 11
456 833 503 864 Hi
528 833 596 864 duo
619 843 736 865 versus
752 836 953 876 transpositi
977 841 1055 868 sunt
1070 836 1104 867 in
1123 835 1202 868 Ald.
1218 836 1316 869 Junt.
1343 836 1454 870 Colin.
1470 836 1605 878 Gryph.

145 878 302 907 Pulman.
318 877 431 907 Plant.
446 876 583 909 Junian.
601 877 708 919 Lang.
724 884 761 909 et
776 879 992 920 Deum—12
1016 880 1055 911 In
1069 883 1136 911 tota
1149 880 1356 911 Beverlandi
1373 881 1439 911 Ms.
1484 880 1523 911 Id
1542 885 1609 912 tota

149 920 209 950 tibi
224 918 335 950 codex
349 919 545 952 Pulmanni.

805 964 950 997 NOTAE

190 1031 229 1059 10
253 1028 413 1059 Marmore
427 1028 537 1069 tertio]
554 1028 632 1060 Hoc
649 1032 716 1069 est,
733 1038 788 1060 rus
805 1029 846 1060 ad

946 1033 987 1061 12
1014 1030 1163 1062 Nascitur
1192 1029 1348 1071 Saburra]
1380 1030 1490 1070 Regio
1517 1031 1612 1062 urbis

145 1079 283 1110 tertium
313 1079 355 1110 ab
386 1080 470 1111 urbe
508 1080 652 1111 milliare
669 1091 678 1119 ;
718 1080 848 1120 singula
903 1085 979 1112 erat
1000 1081 1165 1122 Suburra,
1182 1081 1215 1112 in
1232 1091 1297 1123 qua
1312 1081 1385 1112 haec
1400 1080 1511 1112 omnia
1527 1090 1612 1112 νοη-

148 1130 236 1161 enim
249 1130 404 1162 milliaria
421 1130 591 1171 lapidibus
605 1131 826 1164 notabantur.

903 1132 1091 1163 debantur.

764 1253 995 1294 XXXII.

714 1344 780 1373 Ao
814 1343 1054 1374 A'r'rlcUM.

152 1410 359 1462 A'rTlcE‚
379 1410 585 1454 facundae
606 1425 792 1454 renovas
814 1413 891 1466 qui
911 1412 1090 1453 nomina
1109 1410 1267 1464 gentis,

210 1478 311 1519 Nec
328 1479 435 1519 sinis
455 1479 673 1532 ingentem
694 1481 958 1521 conticuisse
980 1476 1187 1530 domurh3

153 1545 218 1586 Te
241 1547 317 1599 pia
333 1546 567 1599 Cecropiae
588 1548 827 1588 comitatur
846 1548 975 1589 turba
997 1547 1226 1595 Minervae,

211 1613 278 1654 Te
300 1618 465 1655 secreta
485 1615 627 1668 (μύες,
649 1620 692 1656 te
715 1614 884 1668 sophos
903 1615 1048 1655 omnis
1070 1617 1206 1655 amat.

159 1681 217 1723 At
227 1683 416 1735 juvenes
435 1682 547 1722 alios
568 1682 708 1724 fracta
729 1683 837 1723 colit
857 1696 962 1723 aure
982 1682 1208 1734 magister,
1593 1691 1622 1719 o

215 1749 272 1790 Et
291 1750 410 1803 rapit
429 1750 670 1791 immeritas
692 1750 900 1792 sordidus
920 1753 1076 1790 unctor
1097 1762 1222 1802 opes.

201 1857 232 1889 Ο
246 1857 366 1898 Attice,
379 1858 431 1898 qui
443 1867 567 1889 revocas
575 1858 700 1889 nomina
715 1858 852 1896 familia>
861 1858 999 1897 disertae,
1016 1867 1070 1888 nec
1085 1857 1202 1897 pateris
1213 1857 1364 1888 illustrem
1376 1857 1497 1887 domum
1511 1865 1573 1886 esse
1588 1855 1621 1886 in

157 1899 308 1931 oblivione
325 1911 336 1936 ;
355 1901 409 1941 pia
421 1901 513 1932 turba
530 1901 685 1932 Minervae
700 1901 904 1932 Atheniensis
920 1901 979 1932 tibi
996 1901 1149 1940 adhaeret,
1165 1900 1250 1940 quies
1272 1901 1388 1931 seclusa
1403 1903 1447 1939 te,
1460 1899 1558 1929 omnis
1573 1908 1623 1929 sa-

155 1944 243 1983 piens
255 1944 364 1982 diligit
379 1948 422 1975 te.
466 1945 510 1976 At
526 1945 675 1984 magister
690 1944 829 1976 instituit
838 1945 914 1976 alios
917 1944 1049 1982 juvenes
1059 1943 1256 1982 aurefracta,
1272 1947 1364 1984 atque
1379 1952 1489 1974 avaras
1511 1942 1626 1981 aliptes

775 2027 1013 2040 oee‘eeeaeooee

202 2075 221 2104 4
249 2072 289 2104 Te
304 2076 427 2103 sacrata
442 2073 529 2113 quies
551 2072 660 2105 codex
672 2072 874 2104 Vaticanus.
895 2072 935 2103 Te
949 2073 1059 2103 chorus
1075 2072 1173 2104 omnis
1188 2076 1273 2104 amat
1296 2071 1330 2103 in
1347 2070 1469 2103 codice
1487 2071 1624 2102 Floren-

817 2148 959 2179 NOTAE

204 2216 219 2243 1
262 2213 419 2244 Facumlae
462 2213 605 2253 renovas]
665 2213 866 2244 Memoriam

161 2273 283 2304 nempe
301 2263 483 2304 Pomponii
509 2263 632 2305 Attici,
648 2264 746 2304 cujus
764 2265 867 2294 vitam

161 2314 298 2355 scripsit
323 2314 502 2345 Cornelius
532 2314 663 2355 Nepos,
692 2315 732 2345 ad
767 2324 866 2356 quem

163 2365 336 2406 Epistolas
355 2365 494 2405 scripsit
511 2366 647 2404 Cicero,
660 2375 734 2406 quae
750 2364 867 2395 inscri-

162 2416 291 2447 buntur
307 2416 349 2446 ad
367 2415 536 2453 Atticum,
550 2425 651 2456 quem
664 2415 810 2446 moribus
833 2419 868 2446 ct

165 2466 321 2498 doctrina
336 2466 533 2497 imitabatur
549 2466 604 2496 hic
623 2465 768 2496 Atticus.

209 2519 228 2547 3
255 2517 298 2547 Te
315 2516 383 2556 pia]
414 2517 491 2547 Hoc
508 2522 573 2556 est,
591 2516 706 2548 Graeci
723 2515 868 2555 philoso-

168 2566 227 2607 phi
253 2567 314 2597 tibi
335 2576 471 2607 semper
497 2566 682 2612 adhaerept.
717 2565 787 2596 Cur
801 2566 868 2596 Mi-

168 2625 272 2647 nerva
302 2616 469 2657 Cecropia
491 2616 636 2657 dicatur,
663 2615 740 2646 vide
768 2615 826 2646 lib.
845 2624 869 2646 1.

171 2666 271 2706 Epig.
287 2668 339 2697 40.

214 2719 236 2748 4
261 2716 302 2746 Te
329 2719 448 2747 secreta
477 2716 576 2758 quies]
611 2716 688 2748 Hoc
713 2719 779 2756 est,
806 2725 873 2746 non

171 2766 244 2806 agis
275 2775 407 2806 causas,
423 2776 486 2797 nec
513 2767 620 2798 ambis
643 2767 876 2807 magistratus,

175 2815 233 2847 sed
246 2819 396 2847 remotus
420 2825 440 2847 a
456 2815 556 2847 turba
572 2825 711 2856 operam
729 2815 789 2848 das
804 2816 877 2857 phi-

923 2212 1098 2253 losophiae.

966 2267 984 2293 5
1009 2263 1126 2294 Fracta
1142 2262 1215 2293 colit
1233 2261 1322 2301 aure]
1346 2260 1422 2292 Hoc
1437 2265 1503 2299 est,
1521 2260 1626 2301 Gym-

923 2313 1090 2344 nasiorum
1103 2313 1276 2344 exercitor
1289 2311 1526 2352 aliosjnvenes
1537 2321 1627 2351 mag-

923 2363 975 2394 nis
999 2363 1205 2394 clamoribus
1235 2362 1401 2394 instituit:
1442 2362 1496 2392 vel
1518 2361 1629 2398 fracta

922 2424 996 2446 oure
1013 2415 1112 2454 dixit,
1138 2414 1228 2455 quod
1246 2423 1322 2445 cum
1340 2412 1511 2444 exercitor
1532 2412 1630 2452 pugi-

923 2466 1030 2496 latum
1047 2465 1189 2496 doceret
1210 2465 1368 2505 juvenes,
1384 2472 1500 2494 eorum
1530 2472 1627 2493 aures

924 2515 1124 2547 verberibus
1141 2514 1385 2546 contundebat.
1412 2513 1535 2552 Virgil.
1549 2511 1626 2542 AEu.

925 2575 960 2597 v.
986 2568 1168 2606 ‘erratque
1194 2572 1292 2595 aures
1326 2566 1362 2593 et
1387 2565 1543 2601 tempora
1569 2561 1631 2591 cir·

926 2625 1004 2647 cum
1031 2614 1162 2647 Crebra
1190 2623 1319 2653 manus,
1343 2613 1427 2644 duro
1456 2612 1632 2653 crepitant

929 2666 990 2697 sub
1008 2665 1146 2696 vulnere
1162 2663 1281 2696 maiae.’
1326 2662 1414 2694 Vide
1430 2662 1630 2694 Turnebum

928 2715 990 2747 lib⁴
1004 2724 1108 2746 xxw.
1125 2725 1199 2755 cap.
1215 2717 1268 2746 28.

973 2770 994 2798 6
1018 2767 1117 2807 Rapit
1153 2765 1340 2805 immeritas]
1378 2765 1455 2796 Hoc
1485 2772 1550 2805 est,
1575 2765 1631 2805 ju-

932 2826 1036 2849 venes
1058 2816 1185 2857 spoliat
1212 2815 1359 2857 pecunia
1374 2815 1544 2847 immerita
1561 2816 1633 2857 qui-
