<?xml version="1.0" encoding="UTF-8"?>
<!DOCTYPE html PUBLIC "-//W3C//DTD XHTML 1.0 Transitional//EN"
    "http://www.w3.org/TR/xhtml1/DTD/xhtml1-transitional.dtd">
<html xmlns="http://www.w3.org/1999/xhtml" xml:lang="en" lang="en">
 <head>
  <title>
</title>
<meta http-equiv="Content-Type" content="text/html;charset=utf-8" />
  <meta name='ocr-system' content='tesseract 3.04.00' />
  <meta name='ocr-capabilities' content='ocr_page ocr_carea ocr_par ocr_line ocrx_word'/>
</head>
<body>
  <div class='ocr_page' id='page_1' title='image "./epigrammataexedi02martuoft_0025.png"; bbox 0 0 1960 3230; ppageno 0'>
   <div class='ocr_carea' id='block_1_1' title="bbox 583 215 1644 259">
    <p class='ocr_par' dir='ltr' id='par_1_1' title="bbox 583 215 1644 259">
     <span class='ocr_line' id='line_1_1' title="bbox 583 215 1644 259; baseline 0.008 -16"><span class='ocrx_word' id='word_1_1' title='bbox 583 215 991 246; x_wconf 60' lang='lat' dir='ltr'>l-ll&#39;lGRAMMA&#39;l‘UM</span> <span class='ocrx_word' id='word_1_2' title='bbox 1032 217 1125 248; x_wconf 71' lang='lat' dir='ltr'>Llss.</span> <span class='ocrx_word' id='word_1_3' title='bbox 1161 219 1245 248; x_wconf 69' lang='lat' dir='ltr'>Vll.</span> <span class='ocrx_word' id='word_1_4' title='bbox 1560 217 1644 259; x_wconf 76' lang='lat'>513</span> 
     </span>
    </p>
   </div>
   <div class='ocr_carea' id='block_1_2' title="bbox 175 306 1642 433">
    <p class='ocr_par' dir='ltr' id='par_1_2' title="bbox 175 306 1642 433">
     <span class='ocr_line' id='line_1_2' title="bbox 175 306 1642 357; baseline 0.008 -21"><span class='ocrx_word' id='word_1_5' title='bbox 175 306 309 346; x_wconf 82' lang='lat' dir='ltr'>pariat:</span> <span class='ocrx_word' id='word_1_6' title='bbox 335 308 520 346; x_wconf 74' lang='lat' dir='ltr'><strong>respondet</strong></span> <span class='ocrx_word' id='word_1_7' title='bbox 538 308 664 339; x_wconf 65' lang='lat' dir='ltr'>Poeta:</span> <span class='ocrx_word' id='word_1_8' title='bbox 688 308 757 340; x_wconf 82' lang='lat' dir='ltr'>Sed</span> <span class='ocrx_word' id='word_1_9' title='bbox 783 313 818 339; x_wconf 86' lang='lat' dir='ltr'>tu</span> <span class='ocrx_word' id='word_1_10' title='bbox 845 309 925 340; x_wconf 85' lang='lat' dir='ltr'>mibi</span> <span class='ocrx_word' id='word_1_11' title='bbox 950 310 1017 348; x_wconf 75' lang='lat' dir='ltr'>(lie,</span> <span class='ocrx_word' id='word_1_12' title='bbox 1042 311 1132 352; x_wconf 86' lang='lat' dir='ltr'>quod</span> <span class='ocrx_word' id='word_1_13' title='bbox 1152 311 1212 343; x_wconf 87' lang='lat' dir='ltr'>tibi</span> <span class='ocrx_word' id='word_1_14' title='bbox 1231 314 1264 344; x_wconf 91' lang='lat' dir='ltr'>iu</span> <span class='ocrx_word' id='word_1_15' title='bbox 1285 316 1356 354; x_wconf 77' lang='lat' dir='ltr'>pari</span> <span class='ocrx_word' id='word_1_16' title='bbox 1376 325 1410 346; x_wconf 85' lang='lat' dir='ltr'>re</span> <span class='ocrx_word' id='word_1_17' title='bbox 1427 317 1493 348; x_wconf 82' lang='lat' dir='ltr'>‹liei</span> <span class='ocrx_word' id='word_1_18' title='bbox 1520 320 1642 357; x_wconf 78' lang='lat' dir='ltr'>velles,</span> 
     </span>
     <span class='ocr_line' id='line_1_3' title="bbox 175 350 1639 393; baseline 0.01 -14"><span class='ocrx_word' id='word_1_19' title='bbox 175 351 239 380; x_wconf 59' lang='grc' dir='ltr'>ἃς.</span> <span class='ocrx_word' id='word_1_20' title='bbox 286 350 371 381; x_wconf 83' lang='lat' dir='ltr'>Vide</span> <span class='ocrx_word' id='word_1_21' title='bbox 389 351 500 391; x_wconf 83' lang='lat' dir='ltr'>Epist.</span> <span class='ocrx_word' id='word_1_22' title='bbox 527 351 587 382; x_wconf 91' lang='lat' dir='ltr'>lib.</span> <span class='ocrx_word' id='word_1_23' title='bbox 606 361 674 383; x_wconf 76' lang='lat' dir='ltr'>xu.</span> <span class='ocrx_word' id='word_1_24' title='bbox 691 356 727 383; x_wconf 87' lang='lat' dir='ltr'>et</span> <span class='ocrx_word' id='word_1_25' title='bbox 744 352 865 383; x_wconf 81' lang='lat' dir='ltr'><strong>Horat.</strong></span> <span class='ocrx_word' id='word_1_26' title='bbox 879 353 989 392; x_wconf 81' lang='lat' dir='ltr'>Epist.</span> <span class='ocrx_word' id='word_1_27' title='bbox 1005 354 1045 384; x_wconf 85' lang='lat' dir='ltr'>ad</span> <span class='ocrx_word' id='word_1_28' title='bbox 1066 354 1207 386; x_wconf 80' lang='lat' dir='ltr'>Pisones</span> <span class='ocrx_word' id='word_1_29' title='bbox 1230 358 1294 388; x_wconf 90' lang='lat' dir='ltr'>sub</span> <span class='ocrx_word' id='word_1_30' title='bbox 1313 357 1392 390; x_wconf 85' lang='lat' dir='ltr'>fine.</span> <span class='ocrx_word' id='word_1_31' title='bbox 1411 360 1464 392; x_wconf 75' lang='lat' dir='ltr'>Cf.</span> <span class='ocrx_word' id='word_1_32' title='bbox 1480 361 1540 393; x_wconf 85' lang='lat' dir='ltr'>lib.</span> <span class='ocrx_word' id='word_1_33' title='bbox 1555 372 1639 393; x_wconf 80' lang='lat' dir='ltr'>vm.</span> 
     </span>
     <span class='ocr_line' id='line_1_4' title="bbox 177 392 1228 433; baseline 0.007 -10"><span class='ocrx_word' id='word_1_34' title='bbox 177 392 278 433; x_wconf 80' lang='lat' dir='ltr'>Epig.</span> <span class='ocrx_word' id='word_1_35' title='bbox 292 396 345 425; x_wconf 80' lang='lat'>76.</span> <span class='ocrx_word' id='word_1_36' title='bbox 392 394 591 425; x_wconf 85' lang='lat' dir='ltr'>Lectionem</span> <span class='ocrx_word' id='word_1_37' title='bbox 607 400 760 426; x_wconf 87' lang='lat' dir='ltr'>nostram</span> <span class='ocrx_word' id='word_1_38' title='bbox 771 395 885 426; x_wconf 86' lang='lat' dir='ltr'>firmat</span> <span class='ocrx_word' id='word_1_39' title='bbox 901 395 1011 427; x_wconf 82' lang='lat' dir='ltr'>codex</span> <span class='ocrx_word' id='word_1_40' title='bbox 1029 396 1228 431; x_wconf 83' lang='lat' dir='ltr'>Pulmanni.</span> 
     </span>
    </p>
   </div>
   <div class='ocr_carea' id='block_1_3' title="bbox 175 464 1633 756">
    <p class='ocr_par' dir='ltr' id='par_1_3' title="bbox 175 464 1633 756">
     <span class='ocr_line' id='line_1_5' title="bbox 845 464 986 497; baseline 0 0"><span class='ocrx_word' id='word_1_41' title='bbox 845 464 986 497; x_wconf 77' lang='lat' dir='ltr'><strong>NOTAE</strong></span> 
     </span>
     <span class='ocr_line' id='line_1_6' title="bbox 175 518 1633 575; baseline 0.009 -17"><span class='ocrx_word' id='word_1_42' title='bbox 175 530 246 558; x_wconf 84' lang='lat' dir='ltr'>tem</span> <span class='ocrx_word' id='word_1_43' title='bbox 286 518 453 569; x_wconf 68' lang='lat' dir='ltr'>proferre,</span> <span class='ocrx_word' id='word_1_44' title='bbox 494 539 569 571; x_wconf 86' lang='lat' dir='ltr'>quae</span> <span class='ocrx_word' id='word_1_45' title='bbox 605 530 731 571; x_wconf 84' lang='lat' dir='ltr'>saepius</span> <span class='ocrx_word' id='word_1_46' title='bbox 759 530 876 562; x_wconf 84' lang='lat' dir='ltr'>odium</span> <span class='ocrx_word' id='word_1_47' title='bbox 914 531 1040 570; x_wconf 89' lang='lat' dir='ltr'>.Dic,o</span> <span class='ocrx_word' id='word_1_48' title='bbox 1058 532 1180 572; x_wconf 84' lang='lat' dir='ltr'>Fusce,</span> <span class='ocrx_word' id='word_1_49' title='bbox 1194 534 1284 575; x_wconf 89' lang='lat' dir='ltr'>quod</span> <span class='ocrx_word' id='word_1_50' title='bbox 1299 535 1360 568; x_wconf 85' lang='lat' dir='ltr'>tibi</span> <span class='ocrx_word' id='word_1_51' title='bbox 1375 535 1408 567; x_wconf 89' lang='lat' dir='ltr'>iu</span> <span class='ocrx_word' id='word_1_52' title='bbox 1421 536 1521 569; x_wconf 86' lang='lat' dir='ltr'>simili</span> <span class='ocrx_word' id='word_1_53' title='bbox 1534 547 1633 570; x_wconf 77' lang='lat' dir='ltr'>occa-</span> 
     </span>
     <span class='ocr_line' id='line_1_7' title="bbox 176 579 1241 619; baseline 0.006 -10"><span class='ocrx_word' id='word_1_54' title='bbox 176 579 277 619; x_wconf 85' lang='lat' dir='ltr'>parit.</span> <span class='ocrx_word' id='word_1_55' title='bbox 931 581 1026 613; x_wconf 87' lang='lat' dir='ltr'>sione</span> <span class='ocrx_word' id='word_1_56' title='bbox 1039 582 1107 614; x_wconf 90' lang='lat' dir='ltr'>dici</span> <span class='ocrx_word' id='word_1_57' title='bbox 1120 583 1241 615; x_wconf 89' lang='lat' dir='ltr'>velles.</span> 
     </span>
     <span class='ocr_line' id='line_1_8' title="bbox 220 630 874 672; baseline 0.003 -11"><span class='ocrx_word' id='word_1_58' title='bbox 220 632 259 661; x_wconf 94' lang='grc'>10</span> <span class='ocrx_word' id='word_1_59' title='bbox 285 630 374 666; x_wconf 83' lang='lat' dir='ltr'>Quod</span> <span class='ocrx_word' id='word_1_60' title='bbox 389 630 448 662; x_wconf 76' lang='lat' dir='ltr'>tibi</span> <span class='ocrx_word' id='word_1_61' title='bbox 463 630 525 672; x_wconf 85' lang='lat' dir='ltr'>vis]</span> <span class='ocrx_word' id='word_1_62' title='bbox 549 630 732 672; x_wconf 83' lang='lat' dir='ltr'>Subjungit</span> <span class='ocrx_word' id='word_1_63' title='bbox 746 631 874 664; x_wconf 70' lang='lat' dir='ltr'>Poeta:</span> 
     </span>
     <span class='ocr_line' id='line_1_9' title="bbox 802 713 1010 756; baseline 0.005 -1"><span class='ocrx_word' id='word_1_64' title='bbox 802 713 1010 756; x_wconf 92' lang='lat' dir='ltr'><strong>XXIX.</strong></span> 
     </span>
    </p>
   </div>
   <div class='ocr_carea' id='block_1_4' title="bbox 598 803 1221 837">
    <p class='ocr_par' dir='ltr' id='par_1_4' title="bbox 598 803 1221 837">
     <span class='ocr_line' id='line_1_10' title="bbox 598 803 1221 837; baseline 0.003 -3"><span class='ocrx_word' id='word_1_65' title='bbox 598 803 665 834; x_wconf 84' lang='lat' dir='ltr'>AD</span> <span class='ocrx_word' id='word_1_66' title='bbox 697 803 953 835; x_wconf 86' lang='lat' dir='ltr'>TESTILUM</span> <span class='ocrx_word' id='word_1_67' title='bbox 994 805 1221 837; x_wconf 82' lang='lat' dir='ltr'><strong>PUERUM.</strong></span> 
     </span>
    </p>
   </div>
   <div class='ocr_carea' id='block_1_5' title="bbox 172 870 1637 1390">
    <p class='ocr_par' dir='ltr' id='par_1_5' title="bbox 172 870 1637 1390">
     <span class='ocr_line' id='line_1_11' title="bbox 174 870 1273 925; baseline 0.002 -13"><span class='ocrx_word' id='word_1_68' title='bbox 174 872 408 922; x_wconf 59' lang='lat' dir='ltr'>TES&#39;mLE,</span> <span class='ocrx_word' id='word_1_69' title='bbox 426 870 624 913; x_wconf 81' lang='lat' dir='ltr'>Victoris</span> <span class='ocrx_word' id='word_1_70' title='bbox 648 875 907 912; x_wconf 86' lang='lat' dir='ltr'>tormentum</span> <span class='ocrx_word' id='word_1_71' title='bbox 929 871 1058 913; x_wconf 81' lang='lat' dir='ltr'>dulce</span> <span class='ocrx_word' id='word_1_72' title='bbox 1079 872 1273 925; x_wconf 74' lang='lat' dir='ltr'>Voconi,</span> 
     </span>
     <span class='ocr_line' id='line_1_12' title="bbox 232 939 1144 994; baseline 0 -13"><span class='ocrx_word' id='word_1_73' title='bbox 232 939 336 990; x_wconf 85' lang='lat' dir='ltr'>Quo</span> <span class='ocrx_word' id='word_1_74' title='bbox 358 954 483 981; x_wconf 88' lang='lat' dir='ltr'>nemo</span> <span class='ocrx_word' id='word_1_75' title='bbox 504 944 574 981; x_wconf 84' lang='lat' dir='ltr'>est</span> <span class='ocrx_word' id='word_1_76' title='bbox 594 944 692 980; x_wconf 84' lang='lat' dir='ltr'>toto</span> <span class='ocrx_word' id='word_1_77' title='bbox 714 939 859 980; x_wconf 85' lang='lat' dir='ltr'>notior</span> <span class='ocrx_word' id='word_1_78' title='bbox 878 940 984 980; x_wconf 89' lang='lat' dir='ltr'>orbe</span> <span class='ocrx_word' id='word_1_79' title='bbox 1006 953 1115 994; x_wconf 88' lang='lat' dir='ltr'>puer</span> <span class='ocrx_word' id='word_1_80' title='bbox 1134 956 1144 993; x_wconf 92' lang='lat'>;</span> 
     </span>
     <span class='ocr_line' id='line_1_13' title="bbox 173 1008 1217 1064; baseline 0.003 -16"><span class='ocrx_word' id='word_1_81' title='bbox 173 1008 249 1049; x_wconf 84' lang='lat' dir='ltr'>Sic</span> <span class='ocrx_word' id='word_1_82' title='bbox 270 1010 404 1050; x_wconf 83' lang='lat' dir='ltr'>etiam</span> <span class='ocrx_word' id='word_1_83' title='bbox 426 1008 591 1063; x_wconf 85' lang='lat' dir='ltr'>positis</span> <span class='ocrx_word' id='word_1_84' title='bbox 613 1009 835 1050; x_wconf 83' lang='lat' dir='ltr'>formosus</span> <span class='ocrx_word' id='word_1_85' title='bbox 858 1022 1003 1050; x_wconf 88' lang='lat' dir='ltr'>amere</span> <span class='ocrx_word' id='word_1_86' title='bbox 1024 1009 1217 1064; x_wconf 81' lang='lat' dir='ltr'>capillis,</span> 
     </span>
     <span class='ocr_line' id='line_1_14' title="bbox 230 1075 1033 1129; baseline 0.001 -13"><span class='ocrx_word' id='word_1_87' title='bbox 230 1076 289 1117; x_wconf 82' lang='lat' dir='ltr'>Et</span> <span class='ocrx_word' id='word_1_88' title='bbox 309 1076 485 1129; x_wconf 83' lang='lat' dir='ltr'>placeat</span> <span class='ocrx_word' id='word_1_89' title='bbox 501 1076 592 1117; x_wconf 78' lang='lat' dir='ltr'>vati</span> <span class='ocrx_word' id='word_1_90' title='bbox 611 1075 731 1116; x_wconf 87' lang='lat' dir='ltr'>nulla</span> <span class='ocrx_word' id='word_1_91' title='bbox 751 1076 906 1129; x_wconf 85' lang='lat' dir='ltr'>puella</span> <span class='ocrx_word' id='word_1_92' title='bbox 927 1081 1005 1117; x_wconf 84' lang='lat' dir='ltr'>tuo</span> <span class='ocrx_word' id='word_1_93' title='bbox 1022 1090 1033 1128; x_wconf 82' lang='lat'><em>3</em></span> 
     </span>
     <span class='ocr_line' id='line_1_15' title="bbox 173 1144 1637 1198; baseline 0 -12"><span class='ocrx_word' id='word_1_94' title='bbox 173 1144 412 1198; x_wconf 79' lang='lat' dir='ltr'>Paulisper</span> <span class='ocrx_word' id='word_1_95' title='bbox 432 1145 599 1186; x_wconf 89' lang='lat' dir='ltr'>domini</span> <span class='ocrx_word' id='word_1_96' title='bbox 620 1144 774 1185; x_wconf 87' lang='lat' dir='ltr'>doctos</span> <span class='ocrx_word' id='word_1_97' title='bbox 796 1157 960 1198; x_wconf 86' lang='lat' dir='ltr'>sepone</span> <span class='ocrx_word' id='word_1_98' title='bbox 980 1145 1171 1195; x_wconf 88' lang='lat' dir='ltr'>libellos,</span> <span class='ocrx_word' id='word_1_99' title='bbox 1609 1151 1637 1190; x_wconf 88' lang='lat'>5</span> 
     </span>
     <span class='ocr_line' id='line_1_16' title="bbox 229 1211 1157 1265; baseline 0 -12"><span class='ocrx_word' id='word_1_100' title='bbox 229 1212 434 1253; x_wconf 83' lang='lat' dir='ltr'>Carmina</span> <span class='ocrx_word' id='word_1_101' title='bbox 453 1212 625 1253; x_wconf 78' lang='lat' dir='ltr'>Victori</span> <span class='ocrx_word' id='word_1_102' title='bbox 649 1211 754 1252; x_wconf 90' lang='lat' dir='ltr'>dum</span> <span class='ocrx_word' id='word_1_103' title='bbox 775 1212 872 1264; x_wconf 86' lang='lat' dir='ltr'>lego</span> <span class='ocrx_word' id='word_1_104' title='bbox 894 1225 1044 1265; x_wconf 79' lang='lat' dir='ltr'>pauca</span> <span class='ocrx_word' id='word_1_105' title='bbox 1063 1218 1157 1253; x_wconf 86' lang='lat' dir='ltr'>tuo.</span> 
     </span>
     <span class='ocr_line' id='line_1_17' title="bbox 172 1278 1197 1331; baseline 0 -10"><span class='ocrx_word' id='word_1_106' title='bbox 172 1280 229 1322; x_wconf 87' lang='lat' dir='ltr'>Et</span> <span class='ocrx_word' id='word_1_107' title='bbox 250 1280 491 1322; x_wconf 84' lang='lat' dir='ltr'>Maecenati</span> <span class='ocrx_word' id='word_1_108' title='bbox 512 1280 641 1321; x_wconf 87' lang='lat' dir='ltr'>Maro</span> <span class='ocrx_word' id='word_1_109' title='bbox 662 1293 762 1320; x_wconf 85' lang='lat' dir='ltr'>cum</span> <span class='ocrx_word' id='word_1_110' title='bbox 786 1283 981 1321; x_wconf 77' lang='lat' dir='ltr'>cantaret</span> <span class='ocrx_word' id='word_1_111' title='bbox 1000 1278 1197 1331; x_wconf 83' lang='lat' dir='ltr'>Alexim,</span> 
     </span>
     <span class='ocr_line' id='line_1_18' title="bbox 230 1347 1191 1390; baseline 0 -1"><span class='ocrx_word' id='word_1_112' title='bbox 230 1348 354 1390; x_wconf 80' lang='lat' dir='ltr'>Nota</span> <span class='ocrx_word' id='word_1_113' title='bbox 373 1354 521 1389; x_wconf 81' lang='lat' dir='ltr'>tamen</span> <span class='ocrx_word' id='word_1_114' title='bbox 541 1347 683 1389; x_wconf 83' lang='lat' dir='ltr'>Marsi</span> <span class='ocrx_word' id='word_1_115' title='bbox 699 1347 829 1388; x_wconf 86' lang='lat' dir='ltr'>fusca</span> <span class='ocrx_word' id='word_1_116' title='bbox 851 1347 1060 1389; x_wconf 78' lang='lat' dir='ltr'>Melaenis</span> <span class='ocrx_word' id='word_1_117' title='bbox 1081 1354 1191 1390; x_wconf 86' lang='lat' dir='ltr'>erat.</span> 
     </span>
    </p>
   </div>
   <div class='ocr_carea' id='block_1_6' title="bbox 170 1456 1636 1658">
    <p class='ocr_par' dir='ltr' id='par_1_6' title="bbox 170 1456 1636 1658">
     <span class='ocr_line' id='line_1_19' title="bbox 215 1456 1636 1501; baseline 0.003 -14"><span class='ocrx_word' id='word_1_118' title='bbox 215 1457 246 1488; x_wconf 94' lang='grc' dir='ltr'>Ο</span> <span class='ocrx_word' id='word_1_119' title='bbox 263 1457 388 1497; x_wconf 74' lang='lat' dir='ltr'>Testite,</span> <span class='ocrx_word' id='word_1_120' title='bbox 410 1459 512 1488; x_wconf 79' lang='lat' dir='ltr'>suavis</span> <span class='ocrx_word' id='word_1_121' title='bbox 535 1468 610 1489; x_wconf 85' lang='lat' dir='ltr'>cura</span> <span class='ocrx_word' id='word_1_122' title='bbox 629 1457 757 1489; x_wconf 83' lang='lat' dir='ltr'>Vacom&#39;z&#39;</span> <span class='ocrx_word' id='word_1_123' title='bbox 786 1456 933 1492; x_wconf 71' lang='lat' dir='ltr'>Victoris,</span> <span class='ocrx_word' id='word_1_124' title='bbox 951 1466 1009 1497; x_wconf 72' lang='grc' dir='ltr'>(μω</span> <span class='ocrx_word' id='word_1_125' title='bbox 1020 1458 1122 1488; x_wconf 75' lang='lat' dir='ltr'>nullus</span> <span class='ocrx_word' id='word_1_126' title='bbox 1136 1458 1239 1489; x_wconf 79' lang='lat' dir='ltr'>notior</span> <span class='ocrx_word' id='word_1_127' title='bbox 1253 1462 1301 1490; x_wconf 80' lang='lat' dir='ltr'>est</span> <span class='ocrx_word' id='word_1_128' title='bbox 1318 1462 1381 1490; x_wconf 74' lang='lat' dir='ltr'>toto</span> <span class='ocrx_word' id='word_1_129' title='bbox 1392 1459 1487 1495; x_wconf 82' lang='lat' dir='ltr'>orbe,·</span> <span class='ocrx_word' id='word_1_130' title='bbox 1509 1460 1554 1491; x_wconf 85' lang='lat' dir='ltr'>sic</span> <span class='ocrx_word' id='word_1_131' title='bbox 1565 1470 1636 1501; x_wconf 77' lang='lat' dir='ltr'>quo-</span> 
     </span>
     <span class='ocr_line' id='line_1_20' title="bbox 170 1500 1634 1542; baseline 0.003 -13"><span class='ocrx_word' id='word_1_132' title='bbox 170 1508 226 1538; x_wconf 77' lang='lat' dir='ltr'>que</span> <span class='ocrx_word' id='word_1_133' title='bbox 235 1501 511 1539; x_wconf 76' lang='lat' dir='ltr'>pulcherdiliguris</span> <span class='ocrx_word' id='word_1_134' title='bbox 526 1502 623 1531; x_wconf 79' lang='lat' dir='ltr'>tonsis</span> <span class='ocrx_word' id='word_1_135' title='bbox 636 1501 786 1539; x_wconf 75' lang='lat' dir='ltr'>crinibus,</span> <span class='ocrx_word' id='word_1_136' title='bbox 802 1503 833 1529; x_wconf 82' lang='lat' dir='ltr'>et</span> <span class='ocrx_word' id='word_1_137' title='bbox 848 1500 932 1529; x_wconf 83' lang='lat' dir='ltr'>nulla</span> <span class='ocrx_word' id='word_1_138' title='bbox 942 1500 1045 1539; x_wconf 80' lang='lat' dir='ltr'>puella</span> <span class='ocrx_word' id='word_1_139' title='bbox 1059 1505 1154 1539; x_wconf 80' lang='lat' dir='ltr'>gruta</span> <span class='ocrx_word' id='word_1_140' title='bbox 1167 1502 1209 1531; x_wconf 76' lang='lat' dir='ltr'>sit</span> <span class='ocrx_word' id='word_1_141' title='bbox 1223 1505 1275 1531; x_wconf 82' lang='lat' dir='ltr'>tuo</span> <span class='ocrx_word' id='word_1_142' title='bbox 1289 1502 1395 1532; x_wconf 79' lang='lat' dir='ltr'>Po&#39;e&#39;toe</span> <span class='ocrx_word' id='word_1_143' title='bbox 1408 1513 1420 1539; x_wconf 88' lang='lat'>,·</span> <span class='ocrx_word' id='word_1_144' title='bbox 1443 1503 1634 1542; x_wconf 75' lang='lat' dir='ltr'>aliquantum</span> 
     </span>
     <span class='ocr_line' id='line_1_21' title="bbox 170 1543 1633 1585; baseline 0.003 -14"><span class='ocrx_word' id='word_1_145' title='bbox 170 1551 290 1573; x_wconf 80' lang='lat' dir='ltr'>remove</span> <span class='ocrx_word' id='word_1_146' title='bbox 315 1543 453 1573; x_wconf 80' lang='lat' dir='ltr'>eruditos</span> <span class='ocrx_word' id='word_1_147' title='bbox 481 1544 575 1573; x_wconf 72' lang='lat' dir='ltr'>libros</span> <span class='ocrx_word' id='word_1_148' title='bbox 596 1544 675 1582; x_wconf 82' lang='lat' dir='ltr'>heri,</span> <span class='ocrx_word' id='word_1_149' title='bbox 696 1544 769 1573; x_wconf 79' lang='lat' dir='ltr'>dum</span> <span class='ocrx_word' id='word_1_150' title='bbox 794 1543 861 1580; x_wconf 79' lang='lat' dir='ltr'>lego</span> <span class='ocrx_word' id='word_1_151' title='bbox 875 1552 988 1581; x_wconf 81' lang='lat' dir='ltr'>paucos</span> <span class='ocrx_word' id='word_1_152' title='bbox 1014 1552 1118 1573; x_wconf 70' lang='lat' dir='ltr'>versus</span> <span class='ocrx_word' id='word_1_153' title='bbox 1147 1547 1201 1573; x_wconf 81' lang='lat' dir='ltr'>tuo</span> <span class='ocrx_word' id='word_1_154' title='bbox 1224 1544 1366 1575; x_wconf 75' lang='lat' dir='ltr'>Victori.-</span> <span class='ocrx_word' id='word_1_155' title='bbox 1390 1555 1458 1575; x_wconf 76' lang='lat' dir='ltr'>cnm</span> <span class='ocrx_word' id='word_1_156' title='bbox 1480 1546 1633 1585; x_wconf 60' lang='lat' dir='ltr'>Virgilius</span> 
     </span>
     <span class='ocr_line' id='line_1_22' title="bbox 170 1584 1632 1630; baseline 0.004 -16"><span class='ocrx_word' id='word_1_157' title='bbox 170 1588 294 1616; x_wconf 78' lang='lat' dir='ltr'><em>caneret</em></span> <span class='ocrx_word' id='word_1_158' title='bbox 326 1585 452 1616; x_wconf 80' lang='lat' dir='ltr'>Alexim</span> <span class='ocrx_word' id='word_1_159' title='bbox 478 1586 543 1626; x_wconf 88' lang='lat' dir='ltr'>ipsi</span> <span class='ocrx_word' id='word_1_160' title='bbox 573 1585 754 1625; x_wconf 74' lang='grc' dir='ltr'><em>ΙΠοει-εηαεὶ,</em></span> <span class='ocrx_word' id='word_1_161' title='bbox 776 1584 975 1615; x_wconf 77' lang='lat' dir='ltr'>nihilominus</span> <span class='ocrx_word' id='word_1_162' title='bbox 988 1584 1083 1622; x_wconf 78' lang='lat' dir='ltr'>fusca</span> <span class='ocrx_word' id='word_1_163' title='bbox 1107 1586 1253 1617; x_wconf 78' lang='lat' dir='ltr'>Melaenis</span> <span class='ocrx_word' id='word_1_164' title='bbox 1282 1588 1388 1618; x_wconf 77' lang='lat' dir='ltr'>Illarsi</span> <span class='ocrx_word' id='word_1_165' title='bbox 1417 1592 1486 1619; x_wconf 81' lang='lat' dir='ltr'>erat</span> <span class='ocrx_word' id='word_1_166' title='bbox 1516 1599 1632 1630; x_wconf 77' lang='lat' dir='ltr'>quoque</span> 
     </span>
     <span class='ocr_line' id='line_1_23' title="bbox 174 1631 260 1658; baseline 0 0"><span class='ocrx_word' id='word_1_167' title='bbox 174 1631 260 1658; x_wconf 77' lang='lat' dir='ltr'>nota.</span> 
     </span>
    </p>
   </div>
   <div class='ocr_carea' id='block_1_7' title="bbox 784 1678 1021 1691">
    <p class='ocr_par' dir='ltr' id='par_1_7' title="bbox 784 1678 1021 1691">
     <span class='ocr_line' id='line_1_24' title="bbox 784 1678 1021 1691; baseline 0 -1"><span class='ocrx_word' id='word_1_168' title='bbox 784 1678 1021 1691; x_wconf 50' lang='lat' dir='ltr'>“xe-mnne&amp;</span> 
     </span>
    </p>
   </div>
   <div class='ocr_carea' id='block_1_8' title="bbox 170 1723 1630 1807">
    <p class='ocr_par' dir='ltr' id='par_1_8' title="bbox 170 1723 1630 1807">
     <span class='ocr_line' id='line_1_25' title="bbox 216 1723 1630 1767; baseline 0.001 -13"><span class='ocrx_word' id='word_1_169' title='bbox 216 1726 232 1754; x_wconf 93' lang='lat'>1</span> <span class='ocrx_word' id='word_1_170' title='bbox 262 1724 377 1755; x_wconf 80' lang='lat' dir='ltr'>Testile</span> <span class='ocrx_word' id='word_1_171' title='bbox 404 1724 526 1754; x_wconf 78' lang='lat' dir='ltr'>Victuri</span> <span class='ocrx_word' id='word_1_172' title='bbox 553 1723 664 1755; x_wconf 86' lang='lat' dir='ltr'>codex</span> <span class='ocrx_word' id='word_1_173' title='bbox 688 1723 950 1755; x_wconf 84' lang='lat' dir='ltr'>Pulmanni.—2</span> <span class='ocrx_word' id='word_1_174' title='bbox 974 1724 1183 1755; x_wconf 85' lang='lat' dir='ltr'>Beverlandi</span> <span class='ocrx_word' id='word_1_175' title='bbox 1202 1724 1268 1757; x_wconf 89' lang='lat' dir='ltr'>Ms.</span> <span class='ocrx_word' id='word_1_176' title='bbox 1292 1725 1395 1757; x_wconf 81' lang='lat' dir='ltr'>notior</span> <span class='ocrx_word' id='word_1_177' title='bbox 1408 1726 1482 1758; x_wconf 84' lang='lat' dir='ltr'>urbe</span> <span class='ocrx_word' id='word_1_178' title='bbox 1493 1736 1630 1767; x_wconf 84' lang='lat' dir='ltr'>puer.—</span> 
     </span>
     <span class='ocr_line' id='line_1_26' title="bbox 170 1766 739 1807; baseline 0 -10"><span class='ocrx_word' id='word_1_179' title='bbox 170 1769 191 1797; x_wconf 79' lang='lat'><strong>6</strong></span> <span class='ocrx_word' id='word_1_180' title='bbox 215 1766 255 1797; x_wconf 87' lang='lat' dir='ltr'>In</span> <span class='ocrx_word' id='word_1_181' title='bbox 270 1767 389 1798; x_wconf 84' lang='lat' dir='ltr'>eodem</span> <span class='ocrx_word' id='word_1_182' title='bbox 408 1767 474 1797; x_wconf 87' lang='lat' dir='ltr'>Ms.</span> <span class='ocrx_word' id='word_1_183' title='bbox 490 1768 557 1807; x_wconf 80' lang='lat' dir='ltr'>lego</span> <span class='ocrx_word' id='word_1_184' title='bbox 566 1777 665 1807; x_wconf 73' lang='lat' dir='ltr'>part-a</span> <span class='ocrx_word' id='word_1_185' title='bbox 677 1770 739 1798; x_wconf 80' lang='lat' dir='ltr'>tuo.</span> 
     </span>
    </p>
   </div>
   <div class='ocr_carea' id='block_1_9' title="bbox 171 1819 1633 1969">
    <p class='ocr_par' dir='ltr' id='par_1_9' title="bbox 171 1819 1633 1969">
     <span class='ocr_line' id='line_1_27' title="bbox 828 1819 975 1851; baseline -0.007 0"><span class='ocrx_word' id='word_1_186' title='bbox 828 1819 975 1851; x_wconf 84' lang='lat' dir='ltr'>NOTAE</span> 
     </span>
     <span class='ocr_line' id='line_1_28' title="bbox 215 1868 1633 1917; baseline 0.004 -13"><span class='ocrx_word' id='word_1_187' title='bbox 215 1875 231 1904; x_wconf 93' lang='lat'>1</span> <span class='ocrx_word' id='word_1_188' title='bbox 263 1873 415 1915; x_wconf 78' lang='lat' dir='ltr'>Victoris]</span> <span class='ocrx_word' id='word_1_189' title='bbox 449 1874 572 1906; x_wconf 69' lang='lat' dir='ltr'>Poetae</span> <span class='ocrx_word' id='word_1_190' title='bbox 609 1875 666 1916; x_wconf 89' lang='lat' dir='ltr'>qui</span> <span class='ocrx_word' id='word_1_191' title='bbox 706 1874 877 1906; x_wconf 83' lang='lat' dir='ltr'>Testilum</span> <span class='ocrx_word' id='word_1_192' title='bbox 934 1873 1095 1905; x_wconf 83' lang='lat' dir='ltr'>Carmina</span> <span class='ocrx_word' id='word_1_193' title='bbox 1108 1868 1215 1905; x_wconf 84' lang='lat' dir='ltr'>Marsi</span> <span class='ocrx_word' id='word_1_194' title='bbox 1232 1872 1353 1906; x_wconf 57' lang='lat' dir='ltr'>Poeta&#39;e</span> <span class='ocrx_word' id='word_1_195' title='bbox 1368 1876 1511 1917; x_wconf 81' lang='lat' dir='ltr'>Virgilio</span> <span class='ocrx_word' id='word_1_196' title='bbox 1524 1877 1633 1909; x_wconf 79' lang='lat' dir='ltr'>minus</span> 
     </span>
     <span class='ocr_line' id='line_1_29' title="bbox 171 1925 1631 1969; baseline 0.003 -14"><span class='ocrx_word' id='word_1_197' title='bbox 171 1934 267 1955; x_wconf 86' lang='lat' dir='ltr'>suum</span> <span class='ocrx_word' id='word_1_198' title='bbox 281 1935 422 1965; x_wconf 87' lang='lat' dir='ltr'>puerum</span> <span class='ocrx_word' id='word_1_199' title='bbox 435 1926 582 1957; x_wconf 85' lang='lat' dir='ltr'>amabat.</span> <span class='ocrx_word' id='word_1_200' title='bbox 933 1926 1043 1966; x_wconf 89' lang='lat' dir='ltr'>politi,</span> <span class='ocrx_word' id='word_1_201' title='bbox 1083 1925 1206 1967; x_wconf 88' lang='lat' dir='ltr'>quibus</span> <span class='ocrx_word' id='word_1_202' title='bbox 1233 1926 1290 1956; x_wconf 89' lang='lat' dir='ltr'>ille</span> <span class='ocrx_word' id='word_1_203' title='bbox 1319 1927 1453 1958; x_wconf 87' lang='lat' dir='ltr'>Marsus</span> <span class='ocrx_word' id='word_1_204' title='bbox 1483 1929 1631 1969; x_wconf 77' lang='lat' dir='ltr'>puellam</span> 
     </span>
    </p>
   </div>
   <div class='ocr_carea' id='block_1_10' title="bbox 170 1974 1636 2171">
    <p class='ocr_par' dir='ltr' id='par_1_10' title="bbox 170 1974 1636 2171">
     <span class='ocr_line' id='line_1_30' title="bbox 213 1974 1631 2018; baseline 0.004 -13"><span class='ocrx_word' id='word_1_205' title='bbox 213 1977 232 2005; x_wconf 86' lang='grc'><strong>7</strong></span> <span class='ocrx_word' id='word_1_206' title='bbox 257 1976 302 2006; x_wconf 80' lang='lat' dir='ltr'>Et</span> <span class='ocrx_word' id='word_1_207' title='bbox 320 1975 502 2015; x_wconf 81' lang='lat' dir='ltr'>Moecenatz&#39;]</span> <span class='ocrx_word' id='word_1_208' title='bbox 526 1976 579 2006; x_wconf 90' lang='lat' dir='ltr'>De</span> <span class='ocrx_word' id='word_1_209' title='bbox 597 1974 745 2006; x_wconf 74' lang='lat' dir='ltr'>formoso</span> <span class='ocrx_word' id='word_1_210' title='bbox 763 1975 875 2015; x_wconf 82' lang='lat' dir='ltr'>Alexi,</span> <span class='ocrx_word' id='word_1_211' title='bbox 931 1986 1026 2007; x_wconf 86' lang='lat' dir='ltr'>suam</span> <span class='ocrx_word' id='word_1_212' title='bbox 1044 1980 1080 2008; x_wconf 91' lang='lat' dir='ltr'>et</span> <span class='ocrx_word' id='word_1_213' title='bbox 1104 1976 1240 2018; x_wconf 85' lang='lat' dir='ltr'>quidem</span> <span class='ocrx_word' id='word_1_214' title='bbox 1265 1975 1392 2008; x_wconf 78' lang='lat' dir='ltr'>fuscam</span> <span class='ocrx_word' id='word_1_215' title='bbox 1411 1978 1631 2011; x_wconf 80' lang='lat' dir='ltr'>celebrabat:</span> 
     </span>
     <span class='ocr_line' id='line_1_31' title="bbox 172 2026 1635 2069; baseline 0.005 -14"><span class='ocrx_word' id='word_1_216' title='bbox 172 2034 272 2066; x_wconf 90' lang='lat' dir='ltr'>quem</span> <span class='ocrx_word' id='word_1_217' title='bbox 296 2026 440 2057; x_wconf 82' lang='lat' dir='ltr'>ardebat</span> <span class='ocrx_word' id='word_1_218' title='bbox 463 2026 640 2067; x_wconf 76' lang='lat' dir='ltr'>Virgilius,</span> <span class='ocrx_word' id='word_1_219' title='bbox 666 2026 876 2066; x_wconf 82' lang='lat' dir='ltr'>elegantissi-</span> <span class='ocrx_word' id='word_1_220' title='bbox 930 2027 993 2066; x_wconf 88' lang='lat' dir='ltr'>ita,</span> <span class='ocrx_word' id='word_1_221' title='bbox 1011 2028 1123 2069; x_wconf 88' lang='lat' dir='ltr'>inquit</span> <span class='ocrx_word' id='word_1_222' title='bbox 1149 2028 1335 2067; x_wconf 80' lang='lat' dir='ltr'>Martialis,</span> <span class='ocrx_word' id='word_1_223' title='bbox 1359 2029 1530 2061; x_wconf 83' lang='lat' dir='ltr'>Voconius</span> <span class='ocrx_word' id='word_1_224' title='bbox 1559 2041 1635 2062; x_wconf 86' lang='lat' dir='ltr'>mea</span> 
     </span>
     <span class='ocr_line' id='line_1_32' title="bbox 170 2075 1636 2123; baseline 0.005 -18"><span class='ocrx_word' id='word_1_225' title='bbox 170 2084 259 2106; x_wconf 88' lang='lat' dir='ltr'>mam</span> <span class='ocrx_word' id='word_1_226' title='bbox 285 2075 448 2116; x_wconf 85' lang='lat' dir='ltr'>Eclogam</span> <span class='ocrx_word' id='word_1_227' title='bbox 477 2077 615 2117; x_wconf 77' lang='lat' dir='ltr'>scripsit</span> <span class='ocrx_word' id='word_1_228' title='bbox 639 2076 679 2107; x_wconf 87' lang='lat' dir='ltr'>ad</span> <span class='ocrx_word' id='word_1_229' title='bbox 702 2077 876 2108; x_wconf 66' lang='lat' dir='ltr'>Maecena·</span> <span class='ocrx_word' id='word_1_230' title='bbox 931 2077 1190 2118; x_wconf 69' lang='lat' dir='ltr'>Epigrammata</span> <span class='ocrx_word' id='word_1_231' title='bbox 1205 2079 1274 2109; x_wconf 88' lang='lat' dir='ltr'>suis</span> <span class='ocrx_word' id='word_1_232' title='bbox 1288 2079 1454 2111; x_wconf 81' lang='lat' dir='ltr'>Versibus</span> <span class='ocrx_word' id='word_1_233' title='bbox 1471 2081 1570 2123; x_wconf 85' lang='lat' dir='ltr'>longe</span> <span class='ocrx_word' id='word_1_234' title='bbox 1587 2082 1636 2113; x_wconf 91' lang='lat' dir='ltr'>iu-</span> 
     </span>
     <span class='ocr_line' id='line_1_33' title="bbox 171 2127 1407 2171; baseline 0.003 -14"><span class='ocrx_word' id='word_1_235' title='bbox 171 2129 254 2167; x_wconf 78' lang='lat' dir='ltr'>tem,</span> <span class='ocrx_word' id='word_1_236' title='bbox 275 2127 332 2168; x_wconf 88' lang='lat' dir='ltr'>qui</span> <span class='ocrx_word' id='word_1_237' title='bbox 348 2131 462 2158; x_wconf 86' lang='lat' dir='ltr'>tamen</span> <span class='ocrx_word' id='word_1_238' title='bbox 477 2137 543 2158; x_wconf 90' lang='lat' dir='ltr'>non</span> <span class='ocrx_word' id='word_1_239' title='bbox 560 2127 739 2158; x_wconf 79' lang='lat' dir='ltr'>desinebat</span> <span class='ocrx_word' id='word_1_240' title='bbox 757 2128 875 2169; x_wconf 85' lang='lat' dir='ltr'>legere</span> <span class='ocrx_word' id='word_1_241' title='bbox 932 2128 1058 2160; x_wconf 82' lang='lat' dir='ltr'>seriora</span> <span class='ocrx_word' id='word_1_242' title='bbox 1070 2139 1137 2161; x_wconf 90' lang='lat' dir='ltr'>non</span> <span class='ocrx_word' id='word_1_243' title='bbox 1154 2129 1407 2171; x_wconf 82' lang='lat' dir='ltr'>aspernabitur.</span> 
     </span>
    </p>
   </div>
   <div class='ocr_carea' id='block_1_11' title="bbox 814 2238 990 2281">
    <p class='ocr_par' dir='ltr' id='par_1_11' title="bbox 814 2238 990 2281">
     <span class='ocr_line' id='line_1_34' title="bbox 814 2238 990 2281; baseline 0 -2"><span class='ocrx_word' id='word_1_244' title='bbox 814 2238 990 2281; x_wconf 89' lang='lat' dir='ltr'><strong>XXX.</strong></span> 
     </span>
    </p>
   </div>
   <div class='ocr_carea' id='block_1_12' title="bbox 748 2328 1053 2359">
    <p class='ocr_par' dir='ltr' id='par_1_12' title="bbox 748 2328 1053 2359">
     <span class='ocr_line' id='line_1_35' title="bbox 748 2328 1053 2359; baseline 0.003 -2"><span class='ocrx_word' id='word_1_245' title='bbox 748 2328 799 2358; x_wconf 91' lang='lat' dir='ltr'>lN</span> <span class='ocrx_word' id='word_1_246' title='bbox 834 2329 1053 2359; x_wconf 76' lang='lat' dir='ltr'>CAELIAM.</span> 
     </span>
    </p>
   </div>
   <div class='ocr_carea' id='block_1_13' title="bbox 171 2392 1352 2518">
    <p class='ocr_par' dir='ltr' id='par_1_13' title="bbox 171 2392 1352 2518">
     <span class='ocr_line' id='line_1_36' title="bbox 171 2392 1352 2447; baseline 0.005 -15"><span class='ocrx_word' id='word_1_247' title='bbox 171 2392 277 2433; x_wconf 86' lang='lat' dir='ltr'>DAS</span> <span class='ocrx_word' id='word_1_248' title='bbox 298 2392 493 2445; x_wconf 84' lang='lat' dir='ltr'>Parthis,</span> <span class='ocrx_word' id='word_1_249' title='bbox 515 2394 598 2435; x_wconf 81' lang='lat' dir='ltr'>das</span> <span class='ocrx_word' id='word_1_250' title='bbox 620 2394 866 2445; x_wconf 82' lang='lat' dir='ltr'>Germanis,</span> <span class='ocrx_word' id='word_1_251' title='bbox 889 2396 987 2447; x_wconf 84' lang='lat' dir='ltr'>das,</span> <span class='ocrx_word' id='word_1_252' title='bbox 1009 2396 1164 2446; x_wconf 85' lang='lat' dir='ltr'>Caelia,</span> <span class='ocrx_word' id='word_1_253' title='bbox 1188 2397 1352 2438; x_wconf 84' lang='lat' dir='ltr'>Dacis:</span> 
     </span>
     <span class='ocr_line' id='line_1_37' title="bbox 228 2459 1347 2518; baseline 0.004 -17"><span class='ocrx_word' id='word_1_254' title='bbox 228 2459 330 2502; x_wconf 84' lang='lat' dir='ltr'>Nec</span> <span class='ocrx_word' id='word_1_255' title='bbox 351 2460 539 2503; x_wconf 89' lang='lat' dir='ltr'>Cilicum</span> <span class='ocrx_word' id='word_1_256' title='bbox 561 2463 748 2516; x_wconf 87' lang='lat' dir='ltr'>spernis,</span> <span class='ocrx_word' id='word_1_257' title='bbox 770 2462 1177 2518; x_wconf 67' lang='lat' dir='ltr'>Cappadocumque</span> <span class='ocrx_word' id='word_1_258' title='bbox 1198 2470 1347 2507; x_wconf 84' lang='lat' dir='ltr'>toros:</span> 
     </span>
    </p>
   </div>
   <div class='ocr_carea' id='block_1_14' title="bbox 215 2603 1526 2648">
    <p class='ocr_par' dir='ltr' id='par_1_14' title="bbox 215 2603 1526 2648">
     <span class='ocr_line' id='line_1_38' title="bbox 215 2603 1526 2648; baseline 0.004 -14"><span class='ocrx_word' id='word_1_259' title='bbox 215 2606 231 2634; x_wconf 85' lang='lat'>1</span> <span class='ocrx_word' id='word_1_260' title='bbox 257 2603 326 2636; x_wconf 83' lang='lat' dir='ltr'>Das</span> <span class='ocrx_word' id='word_1_261' title='bbox 340 2604 445 2637; x_wconf 77' lang='lat' dir='ltr'>Cattis</span> <span class='ocrx_word' id='word_1_262' title='bbox 461 2605 540 2637; x_wconf 84' lang='lat' dir='ltr'>Ald.</span> <span class='ocrx_word' id='word_1_263' title='bbox 555 2606 655 2638; x_wconf 83' lang='lat' dir='ltr'>Junt.</span> <span class='ocrx_word' id='word_1_264' title='bbox 672 2606 782 2639; x_wconf 86' lang='lat' dir='ltr'>Colin.</span> <span class='ocrx_word' id='word_1_265' title='bbox 799 2607 933 2648; x_wconf 80' lang='lat' dir='ltr'>Gryph.</span> <span class='ocrx_word' id='word_1_266' title='bbox 980 2608 1051 2639; x_wconf 81' lang='lat' dir='ltr'>Dus</span> <span class='ocrx_word' id='word_1_267' title='bbox 1063 2608 1191 2639; x_wconf 77' lang='lat' dir='ltr'>Parthis</span> <span class='ocrx_word' id='word_1_268' title='bbox 1205 2607 1315 2639; x_wconf 83' lang='lat' dir='ltr'>codex</span> <span class='ocrx_word' id='word_1_269' title='bbox 1333 2608 1526 2640; x_wconf 85' lang='lat' dir='ltr'>Pulmanni.</span> 
     </span>
    </p>
   </div>
   <div class='ocr_carea' id='block_1_15' title="bbox 173 2682 1613 2878">
    <p class='ocr_par' dir='ltr' id='par_1_15' title="bbox 173 2682 1613 2878">
     <span class='ocr_line' id='line_1_39' title="bbox 831 2682 976 2714; baseline 0 0"><span class='ocrx_word' id='word_1_270' title='bbox 831 2682 976 2714; x_wconf 80' lang='lat' dir='ltr'>NOTAE</span> 
     </span>
     <span class='ocr_line' id='line_1_40' title="bbox 217 2735 1613 2780; baseline 0.002 -15"><span class='ocrx_word' id='word_1_271' title='bbox 217 2736 233 2765; x_wconf 97' lang='grc'>1</span> <span class='ocrx_word' id='word_1_272' title='bbox 259 2735 328 2766; x_wconf 80' lang='lat' dir='ltr'>Das</span> <span class='ocrx_word' id='word_1_273' title='bbox 342 2735 474 2766; x_wconf 81' lang='lat' dir='ltr'>Parthis</span> <span class='ocrx_word' id='word_1_274' title='bbox 490 2736 627 2777; x_wconf 73' lang='lat' dir='ltr'>[Cattis]</span> <span class='ocrx_word' id='word_1_275' title='bbox 645 2736 710 2768; x_wconf 87' lang='lat' dir='ltr'>Tui</span> <span class='ocrx_word' id='word_1_276' title='bbox 726 2737 871 2777; x_wconf 83' lang='lat' dir='ltr'>copiam.</span> <span class='ocrx_word' id='word_1_277' title='bbox 928 2738 1093 2780; x_wconf 84' lang='lat' dir='ltr'>Memphi.</span> <span class='ocrx_word' id='word_1_278' title='bbox 1118 2737 1318 2779; x_wconf 87' lang='lat' dir='ltr'>Lib.Spect.</span> <span class='ocrx_word' id='word_1_279' title='bbox 1331 2737 1430 2778; x_wconf 84' lang='lat' dir='ltr'>Epig.</span> <span class='ocrx_word' id='word_1_280' title='bbox 1443 2741 1473 2769; x_wconf 93' lang='lat' dir='ltr'>l.</span> <span class='ocrx_word' id='word_1_281' title='bbox 1486 2747 1570 2768; x_wconf 60' lang='lat' dir='ltr'>vei-³.</span> <span class='ocrx_word' id='word_1_282' title='bbox 1586 2741 1613 2768; x_wconf 83' lang='lat'>1.</span> 
     </span>
     <span class='ocr_line' id='line_1_41' title="bbox 173 2783 871 2829; baseline 0.007 -15"><span class='ocrx_word' id='word_1_283' title='bbox 173 2783 256 2824; x_wconf 86' lang='lat' dir='ltr'>Alii,</span> <span class='ocrx_word' id='word_1_284' title='bbox 286 2785 426 2816; x_wconf 77' lang='lat' dir='ltr'>Parthis.</span> <span class='ocrx_word' id='word_1_285' title='bbox 477 2787 598 2817; x_wconf 76' lang='lat' dir='ltr'>Pharia</span> <span class='ocrx_word' id='word_1_286' title='bbox 625 2788 699 2818; x_wconf 78' lang='lat' dir='ltr'>urbe</span> <span class='ocrx_word' id='word_1_287' title='bbox 727 2788 871 2829; x_wconf 75' lang='lat' dir='ltr'>fututor]</span> 
     </span>
     <span class='ocr_line' id='line_1_42' title="bbox 260 2838 1540 2878; baseline 0.002 -9"><span class='ocrx_word' id='word_1_288' title='bbox 260 2838 375 2878; x_wconf 77' lang='lat' dir='ltr'>Delph.</span> <span class='ocrx_word' id='word_1_289' title='bbox 390 2842 418 2869; x_wconf 76' lang='lat' dir='ltr'>et</span> <span class='ocrx_word' id='word_1_290' title='bbox 441 2838 516 2870; x_wconf 79' lang='lat' dir='ltr'>Vur.</span> <span class='ocrx_word' id='word_1_291' title='bbox 534 2840 617 2871; x_wconf 74' lang='lat' dir='ltr'>Clas,</span> <span class='ocrx_word' id='word_1_292' title='bbox 838 2841 986 2872; x_wconf 64' lang='lat' dir='ltr'>Martini.</span> <span class='ocrx_word' id='word_1_293' title='bbox 1465 2844 1483 2872; x_wconf 82' lang='lat'>2</span> <span class='ocrx_word' id='word_1_294' title='bbox 1509 2841 1540 2871; x_wconf 77' lang='lat' dir='ltr'>K</span> 
     </span>
    </p>
   </div>
  </div>
 </body>
</html>
