1893 3225
306 211 392 253 612
780 223 830 251 M.
863 223 975 252 vAii.
1011 224 1292 253 MARTlALls

306 319 500 360 Astabat
522 317 689 359 domini
711 318 874 358 mensis
898 319 1216 371 pulcherrimus
1236 319 1324 369 ille,

365 387 616 427 Marmorea
636 385 823 426 fundens
843 386 965 439 nigra
987 386 1171 427 Falerna
1191 400 1324 427 manu
1341 401 1351 438 ;

308 455 365 496 Et
386 455 526 496 libata
547 454 683 495 dabat
703 454 843 495 roseis
865 455 1094 496 carchesia
1114 456 1267 505 labris,
1722 455 1776 496 15

365 522 482 573 Quae
505 528 712 577 poterant
732 524 880 577 ipsum
903 523 1126 564 solicitare
1146 522 1175 564 J
1180 536 1322 564 ovem.

307 591 490 632 Excidit
511 592 697 633 attonito
718 592 897 646 pinguis
919 591 1108 632 Galatea
1129 590 1304 641 Poetae,

362 659 593 713 Thestylis
614 664 657 700 et
676 661 827 701 rubras
846 661 1066 701 messibus
1088 664 1190 701 usta
1211 672 1371 712 genas:

305 728 518 769 Protinus
539 728 714 769 Italiam
737 730 958 783 concepit,
980 732 1023 769 et
1045 741 1165 769 arma
1184 728 1431 781 virumque,

363 795 453 846 Qui
475 796 610 837 modo
633 797 710 837 vix
733 796 932 838 Culicem
960 797 1142 837 fleverat
1164 809 1238 837 ore
1262 796 1373 837 rudi.
1715 794 1771 835 20

307 865 426 916 Quid
448 864 612 915 Varos,
637 865 906 919 Marsosque
928 866 1099 919 loquar,
1120 865 1350 918 ditataque
1370 867 1522 905 vatum

364 934 572 983 Nomina,
594 947 780 986 maguus
802 935 883 974 erit
905 946 1017 987 quos
1039 946 1264 974 numerare
1284 933 1440 973 labor?

306 1002 421 1054 Ergo
445 1015 518 1042 ero
541 1001 773 1055 Virgilius,
792 1002 829 1042 si
852 1014 1030 1042 munera
1053 1001 1326 1042 Maecenatis

363 1070 458 1110 Des
478 1069 618 1110 mihi?
651 1069 866 1122 Virgilius
887 1082 974 1110 non
999 1082 1091 1119 ero,
1116 1068 1296 1111 Marsus
1319 1082 1408 1110 ero.

303 1202 493 1233 mosissimus
506 1201 629 1233 astabat
647 1203 759 1232 mensis
771 1202 837 1232 heri
844 1201 982 1240 fundens
994 1201 1088 1240 fusca
1104 1202 1235 1233 Falerna
1246 1212 1338 1233 manu
1349 1212 1533 1240 marmorea,
1545 1205 1575 1234 el
1590 1203 1771 1244 porrigebat

303 1246 460 1276 carchesia
489 1246 656 1284 degustata
682 1245 779 1275 labris
794 1245 900 1283 roseis,
916 1255 983 1285 quoe
994 1248 1140 1285 poterant
1164 1255 1349 1276 commovere
1375 1246 1477 1285 ipsum
1503 1246 1625 1278 Jovem.
1675 1246 1773 1277 Poie'ta

302 1292 456 1319 altannus
471 1289 583 1319 oblitus
598 1292 645 1319 est
660 1289 764 1319 rudem
784 1288 963 1326 Galateam,
991 1292 1020 1319 et
1047 1288 1219 1329 Thestylem
1241 1291 1342 1319 ustam
1358 1289 1469 1319 rubras
1489 1299 1589 1328 genas
1613 1289 1771 1320 messibus.

304 1333 445 1372 Repente
466 1331 604 1370 com-epit
623 1332 762 1370 Italiam,
778 1335 807 1362 et
826 1342 914 1362 arma
941 1332 1111 1371 virumque,
1128 1333 1179 1371 qui
1194 1333 1285 1372 paulo
1297 1335 1369 1362 ante
1399 1341 1450 1361 ore
1470 1332 1544 1362 rudi
1567 1332 1622 1363 vix
1634 1331 1771 1372 fleverat

305 1376 454 1405 Culicem.
502 1375 585 1408 Quid
610 1374 850 1404 commemorabo
872 1375 984 1413 Varos,
1006 1378 1035 1404 et
1055 1375 1192 1412 Marsos,
1216 1378 1246 1404 et
1263 1375 1445 1414 locupletata
1461 1376 1585 1406 nomina
1598 1375 1772 1416 poetarum,

302 1427 375 1457 quos
384 1428 561 1448 enumerare
577 1427 707 1455 magnus
723 1418 784 1447 erit
800 1415 909 1448 labor?
956 1417 1009 1448 An
1022 1427 1094 1456 ergo
1096 1417 1179 1458 fiam
1199 1417 1366 1459 Virgilius,
1380 1419 1408 1448 si
1431 1418 1582 1458 largiaris
1597 1418 1675 1449 mihi
1690 1419 1770 1450 dona

302 1458 514 1491 Maecenatis?
560 1460 722 1502 Nonfiam
744 1460 912 1500 Virgilius,
924 1461 1148 1502 Marmsficuu,

918 1544 1141 1556 ΝοΝοοΝοφ
1146 1544 1164 1555 0

302 1592 383 1620 ——21
411 1589 451 1619 In
470 1589 589 1620 eodem
607 1590 745 1621 codice:
770 1591 948 1631 dictataque
972 1593 1175 1623 rutum—23
1202 1591 1290 1630 Ergo
1317 1600 1373 1630 ego
1389 1589 1597 1622 Beverlandi
1613 1590 1770 1622 Min-124

304 1633 434 1663 Murcus
445 1642 497 1663 ero
510 1634 595 1673 legit
616 1633 802 1665 Heraldus.

968 1677 1000 1709 N
1006 1676 1115 1708 OTAE

347 1744 388 1771 13
414 1741 543 1771 Domini
559 1741 687 1781 mensis]
710 1741 924 1772 Maecenatis
1110 1743 1152 1772 20
1181 1742 1245 1772 Vix
1268 1741 1422 1782 Culicem]
1446 1742 1559 1773 Breve
1575 1740 1710 1772 Poema
1728 1741 1771 1773 de

347 1794 387 1822 14
413 1792 611 1832 Marmorea]
635 1791 711 1823 Hoc
731 1797 797 1831 est,
813 1791 1013 1823 candidissi-
1068 1792 1189 1823 culice.

307 1852 360 1872 nia
376 1847 410 1872 et
428 1842 644 1881 politissima.
1110 1845 1149 1873 21
1180 1844 1266 1879 Quid
1301 1843 1414 1883 Varos]
1444 1842 1529 1874 Vari
1561 1843 1773 1875 mentionem

348 1897 385 1924 15
413 1892 595 1932 Carchesia]
621 1892 750 1922 Pocula
764 1892 851 1923 certi
865 1892 1011 1933 generis,
1066 1893 1152 1925 facit
1167 1894 1331 1935 Virgilius
1348 1895 1480 1935 Ecloga
1494 1903 1543 1925 VI.

306 1944 348 1975 de
363 1943 484 1985 quibus
499 1943 686 1974 Athenaeus
704 1943 760 1974 lib.
778 1952 827 1974 xi.
845 1953 920 1984 cap.
938 1946 989 1975 13.
1106 1948 1149 1976 24
1173 1946 1300 1976 Marsus
1312 1945 1378 1985 ero]
1402 1945 1530 1985 Epicus
1547 1944 1683 1986 quidem
1701 1955 1770 1977 non

349 1998 386 2026 17
413 1996 552 2035 Pinguis
591 1996 742 2036 Galatea]
773 1995 897 2026 Sensus
931 2000 1006 2026 est:
1065 2006 1124 2028 ero
1156 1996 1281 2034 Po'eta,
1317 1996 1377 2027 sed
1417 1996 1562 2027 scribam
1590 1996 1773 2037 Epigram-

303 2047 382 2078 Non
397 2045 690 2086 ampliushumilia
702 2046 839 2086 scripsit
857 2046 1009 2077 carmina
1063 2052 1167 2088 mata,
1190 2048 1303 2088 qualia
1332 2048 1482 2087 Marsus,
1505 2047 1546 2078 de
1562 2058 1627 2089 quo
1645 2048 1702 2080 lib.
1726 2057 1769 2079 11.

303 2096 346 2128 de
359 2097 486 2137 agresti
500 2096 659 2136 Galatea,
671 2100 706 2127 et
722 2095 896 2137 Thestyli,
912 2097 1009 2137 cujus
1065 2099 1167 2139 Epig.
1191 2101 1245 2129 71.
1291 2098 1466 2129 Hei-aidus
1493 2097 1628 2137 scribit,
1645 2099 1773 2130 Marcus

301 2157 398 2188 genae
417 2146 538 2178 aestivo
555 2147 672 2177 calore
690 2146 818 2178 adustae
835 2152 945 2178 erant.
1065 2158 1130 2188 ero,
1146 2148 1209 2179 hoc
1234 2153 1299 2188 est,
1315 2149 1437 2189 inquit,
1451 2148 1590 2179 Marcus
1603 2157 1662 2179 ero
1678 2149 1773 2180 Mar-

348 2201 387 2229 18
416 2199 494 2229 Usta
510 2197 622 2237 genas]
647 2198 722 2228 Hoc
740 2202 806 2238 est,
825 2198 1010 2229 secundnm
1068 2199 1169 2238 tialiS,
1182 2204 1216 2230 et
1229 2199 1307 2230 huic
1331 2198 1457 2229 nomini
1471 2208 1539 2229 non
1558 2199 1669 2230 minus
1683 2200 1770 2231 cele-

304 2258 432 2289 genas:
460 2248 692 2279 Hellenismus
720 2256 790 2281 est:
815 2249 874 2280 sed
893 2249 1012 2281 ,AEnei-
1065 2249 1206 2280 britatis
1241 2249 1444 2289 conciliabo,
1478 2258 1578 2291 quam
1608 2250 1769 2292 Virgilius

305 2300 383 2330 dem
416 2308 599 2340 aggressus
624 2304 688 2338 est,
723 2301 818 2341 cujus
856 2300 1008 2332 initium:
1065 2300 1145 2331 olim
1162 2300 1360 2332 conciliavit
1383 2310 1454 2332 suo.

304 2352 312 2367 ‘
330 2350 435 2382 Arma
452 2350 627 2392 virumque
651 2351 761 2391 cano,’
776 2355 840 2383 «sce.

876 2557 939 2587 DE
973 2557 1199 2587 PICENTE.

303 2622 438 2663 Tasss
460 2623 611 2664 habuit
631 2623 795 2673 dentes,
818 2626 985 2677 pariter
1006 2638 1121 2679 quos
1141 2627 1321 2679 exspuit
1344 2640 1508 2677 omnes,

359 2689 432 2730 Ad
452 2691 666 2732 tumulum
691 2691 849 2733 Picens
871 2693 973 2734 dum
994 2693 1121 2735 sedet
1138 2695 1236 2748 ipse
1260 2708 1413 2748 suum3

352 2801 425 2831 Tres
454 2802 577 2834 fuerunt
603 2804 705 2834 dentes
732 2804 868 2843 Picenti,
899 2815 971 2845 quos
1002 2816 1103 2837 omnes
1137 2806 1228 2837 simul
1254 2807 1391 2847 exspuit,
1422 2808 1496 2838 ditm
1521 2806 1584 2848 ipse
1619 2809 1703 2840 sedet
1726 2811 1767 2840 od
