1893 3225
268 222 352 262 980
717 232 764 260 M.
799 231 909 260 VAr„
945 229 1219 260 MAR‘rmms

923 380 1075 421 CXV.

840 471 865 499 G
883 470 921 499 AE
938 469 962 498 C
981 469 1009 499 U
1030 470 1054 498 B
1072 470 1096 500 U
1120 471 1168 498 M.

269 542 483 584 CAECUBA
507 538 730 581 Fundanis
752 550 963 591 generosa
982 543 1231 591 coquuntur
1251 537 1454 591 Amyclis
1474 551 1484 578 ;

326 609 446 651 Vitis
467 612 510 649 et
529 609 574 649 in
594 607 744 648 media
765 611 866 648 nata
887 606 1048 660 palude
1069 606 1197 647 viret.

314 714 444 745 Caecuba
458 713 642 754 proestantz'a
656 715 826 752 coquuntur
845 711 1004 742 Fundanis
1024 711 1178 752 Amyclis,
1201 715 1230 742 et
1254 712 1328 742 vitis
1347 715 1422 742 natu
1446 711 1480 741 in
1496 711 1596 741 media
1615 711 1727 750 palude

270 758 408 790 virescit.

892 814 1125 826 ‘mmm‘

314 880 328 906 1
357 875 508 906 coluntur
523 873 590 904 Ms.
606 872 741 903 Beverl.
773 870 851 902 vid.
865 871 948 902 Var.
962 870 1045 903 Not.

931 958 1069 991 NOTAE

314 1029 330 1057 1
358 1023 506 1064 Coecuba]
530 1024 681 1057 Quorum
697 1023 905 1054 mentionem
922 1021 970 1053 fa·
1025 1022 1242 1054 Terracinam
1263 1023 1353 1054 inter
1378 1025 1413 1053 et
1429 1021 1596 1053 Caietam.
1642 1019 1729 1051 Anae

267 1078 316 1109 cit
333 1077 497 1108 Horatius
524 1075 581 1107 lib.
609 1084 633 1107 1.
666 1074 744 1106 Ode
764 1077 816 1106 37.
845 1074 905 1106 lib.
930 1083 970 1106 11.
1027 1079 1107 1106 sunt
1127 1073 1279 1115 Amyclae
1307 1073 1340 1104 in
1367 1072 1529 1111 Laconia,
1552 1071 1595 1102 de
1611 1070 1731 1112 quibus

271 1128 348 1159 Ode
367 1129 417 1158 14.
434 1132 469 1158 et
487 1125 639 1166 pluribus
663 1125 739 1156 aliis
764 1125 857 1156 locis.
902 1125 972 1155 Pli-
1028 1124 1086 1155 lib.
1112 1133 1163 1156 lx.
1188 1124 1287 1165 Epig.
1302 1126 1354 1154 74.
1378 1123 1431 1153 De
1447 1121 1601 1162 Amyclis
1621 1122 1732 1153 Italiae

268 1180 342 1210 nius
357 1177 415 1209 lib.
435 1186 511 1209 xlv.
524 1187 599 1218 cap.
616 1179 647 1208 6.
670 1178 679 1194 ‘
695 1175 808 1207 Antea
824 1175 972 1207 Caecubo
1028 1175 1162 1206 Plinius
1190 1174 1250 1205 lib.
1269 1183 1349 1205 vm.
1377 1183 1454 1214 cap.
1472 1175 1527 1204 29.
1560 1173 1600 1204 In
1629 1171 1731 1204 Italia

268 1234 344 1260 erat
357 1227 564 1269 generositas
576 1226 798 1258 celeberrima
811 1226 845 1257 in
863 1226 971 1266 paius-
1029 1226 1181 1266 Amyclae
1196 1235 1215 1256 a
1230 1223 1446 1266 serpentibus
1461 1223 1595 1255 de1etae.

270 1279 377 1312 tribus
392 1278 575 1320 populetis,
591 1278 664 1308 sinu
680 1276 893 1317 Amyclam:
907 1279 972 1308 ἃς.

920 1419 1101 1460 CXVI.

839 1509 1185 1540 SleNlNUM.

274 1583 491 1623 Pomm-
514 1579 725 1635 liquidum
749 1577 932 1632 Signina
952 1577 1176 1618 morantia
1197 1580 1390 1618 ventrem
1409 1591 1417 1618 :

334 1650 405 1691 Ne
422 1650 605 1690 nimium
628 1648 805 1697 sistant,
829 1647 886 1687 sit
907 1644 988 1687 tibi
1011 1657 1150 1698 parca
1167 1645 1282 1686 sitis.

328 1768 424 1798 Bibes
436 1765 571 1807 Signina
587 1765 731 1797 sistentia
747 1765 850 1795 alvum
865 1763 1018 1794 solutam:
1045 1771 1084 1793 ne
1098 1762 1230 1793 nimium
1251 1765 1422 1802 morentur,
1436 1762 1546 1793 habeas
1566 1761 1653 1792 sitim
1670 1771 1732 1791 mo-

274 1812 426 1842 demtum.

890 1857 1125 1870 ‘ee-‘umet‘

317 1910 337 1937 2
363 1907 410 1937 Ne
423 1906 506 1937 tanti
521 1905 594 1937 cod.
611 1905 643 1935 in
659 1913 763 1944 marg.
776 1902 829 1933 ed.
843 1902 924 1933 Par.
940 1904 1037 1933 1617.
1084 1902 1127 1933 Ν.
1144 1911 1176 1933 π.
1192 1902 1301 1932 sitias.-
1331 1900 1386 1932 adi
1403 1901 1486 1931 Var.
1501 1901 1586 1932 Not.

938 1986 1080 2018 NOTAE

324 2058 337 2085 l
363 2054 513 2095 Signina]
538 2053 670 2084 Plinius
689 2052 749 2083 lib.
767 2061 841 2083 xrv.
855 2061 932 2092 cap.
946 2054 979 2083 6.
1035 2056 1088 2083 ter
1102 2051 1327 2082 medicamina
1354 2050 1577 2082 numeratur-⁹
1622 2050 1739 2090 Signia

276 2109 284 2123 ‘
302 2106 389 2136 Nam
407 2105 497 2146 qnod
514 2104 639 2144 Signiae
658 2103 824 2142 nascitur,
836 2102 979 2133 austeri·
1035 2106 1149 2133 autem
1182 2102 1259 2134 urbs
1286 2102 1374 2133 Latii
1403 2101 1504 2133 hodie
1535 2102 1650 2142 Segna,
1679 2111 1736 2132 sen

277 2162 347 2188 tate
364 2157 466 2187 nimia
491 2155 707 2187 continendae
725 2155 809 2185 utile
825 2154 914 2193 alvo,
930 2154 979 2184 in·
1034 2151 1144 2191 Segni.

905 2308 1113 2351 CXVII.

831 2398 1194 2429 MAMERTINUM.

280 2470 533 2510 AMPHORA
559 2466 784 2508 Nestorea
805 2467 889 2507 tibi
911 2466 1183 2507 Mamertina
1203 2471 1382 2508 senecta

336 2536 385 2577 Si
406 2535 549 2585 detur,
571 2534 763 2589 quodvis
785 2547 944 2576 nomen
962 2535 1126 2576 habere
1146 2540 1310 2589 potest.

324 2646 522 2721 ›Sglnbmtphora
540 2646 729 2678 Mamertina
757 2647 908 2677 Nestorea
930 2650 1084 2677 senectute
1115 2646 1172 2677 tibi
1194 2647 1339 2685 (leuetur,
1362 2648 1463 2687 polest
1493 2644 1602 2676 habere
1630 2653 1737 2676 nomen

281 2700 339 2731 quo
375 2700 384 2720 ι
406 2699 420 2720 e
440 2713 446 2719 .

893 2742 971 2753 om
975 2741 1126 2752 ιιιιιιιι

330 2790 343 2817 1
365 2787 542 2818 Manestimz
558 2788 632 2818 cod.
653 2787 788 2818 Beverl.
807 2792 841 2818 et
863 2797 911 2819 vs.
929 2790 958 2819 2.
974 2789 1069 2826 potes.
