1893 3225
186 261 271 304 '758
665 268 714 299 M.
747 266 856 298 VAL.
889 264 1163 296 MARTIALIS

187 363 360 405 Gustus
383 364 425 404 in
446 363 514 404 his
535 376 619 404 una
639 367 827 417 ponetur
849 361 1027 403 coenula
1046 372 1217 408 mensa,

244 430 434 480 Haedus,
455 430 682 470 inhumani
701 432 855 482 raptus
874 429 931 468 ab
953 440 1026 468 ore
1046 427 1159 480 lupi.

188 497 260 547 Et,
282 509 382 550 quae
402 509 490 536 non
509 500 668 549 egeant
687 495 800 537 serto
822 494 1066 543 structoris,
1088 493 1251 542 ofellae,
1588 489 1642 530 15

244 565 300 605 Et
320 565 426 605 faba
446 565 683 614 fabrorum,
704 561 1034 617 prototomique
1053 559 1197 600 rudes.

188 630 346 671 Pullus
368 631 425 672 ad
445 631 556 680 haec,
578 631 812 683 coenisque
832 629 972 670 tribus
988 627 1085 680 jaun
1106 638 1243 680 perna
1264 627 1490 678 superstes

244 697 465 738 Addetur:
497 697 658 739 saturis
679 697 802 737 mitia
820 707 953 748 poma
973 693 1105 734 dabo.

188 764 257 804 De
281 763 563 805 Nomentana
584 765 735 804 vinum
756 762 848 802 sine
868 761 981 802 faece
1000 761 1176 812 lagena,

244 831 359 882 Quae
379 833 449 872 bis
470 831 677 872 Frontino
698 829 879 871 consule
898 829 1031 881 plena
1050 826 1150 867 suit.
1580 821 1636 862 20

186 897 413 939 Accedent
433 898 527 938 sine
547 897 644 938 felle
660 896 769 950 joci,
792 908 872 935 nec
893 907 1023 935 mane
1039 892 1238 934 timenda

245 965 459 1014 Libertas,
479 969 523 1005 et
542 964 618 1014 nil,
641 963 763 1017 quod
785 961 979 1002 tacuisse
999 959 1128 1001 velis.

188 1032 258 1072 De
284 1031 471 1072 Prasino
494 1031 685 1072 conviva
703 1043 843 1078 meus,
864 1028 1130 1081 Venetoque
1150 1027 1355 1079 loquatur
1377 1037 1385 1063 z

244 1098 343 1139 Nec
363 1097 528 1139 facient
548 1109 797 1151 quenquam
817 1095 986 1150 pocula
1005 1098 1159 1135 nostra
1175 1105 1309 1134 reum.

188 1221 238 1247 tus
253 1217 290 1247 ab
307 1227 357 1247 ore
380 1217 513 1248 crudelis
528 1217 592 1257 lupi
614 1219 730 1248 coenula
746 1220 917 1257 apponetur
939 1225 1001 1257 pro
1023 1225 1086 1246 una
1103 1223 1218 1245 mensa.
1263 1212 1367 1252 Atque
1392 1210 1492 1248 ofellae
1505 1218 1573 1259 quae
1587 1217 1648 1239 non

186 1262 296 1297 egeant
315 1260 415 1290 cultro
439 1260 617 1298 structoris,
640 1264 669 1290 et
678 1259 757 1298 salut
772 1259 954 1297 fabrorum,
966 1262 996 1289 et
1009 1260 1102 1289 rudes
1116 1254 1295 1297 prototomi.
1340 1254 1449 1284 Pullus
1461 1253 1648 1299 adjungetur

187 1302 246 1339 leis,
269 1305 299 1332 et
321 1305 426 1341 petaso
439 1306 594 1341 superstes
609 1302 710 1332 tribus
723 1302 837 1333 coenis:
860 1311 1012 1341 apponam
1027 1302 1145 1330 saturis
1158 1298 1251 1329 mitia
1271 1306 1372 1337 poma.
1388 1338 1394 1343 -
1418 1295 1519 1326 Dabo
1541 1303 1648 1324 vznum

184 1344 250 1373 sine
259 1343 340 1380 fcece
356 1345 392 1374 de
412 1345 611 1375 Nomentana
628 1345 749 1383 lagena,
767 1354 835 1382 quoe
855 1343 1035 1383 primusuit
1058 1342 1200 1373 condita
1216 1339 1367 1370 Frontino
1383 1336 1645 1384 zterumponsule.

187 1386 413 1416 Cat-illationes
425 1387 649 1426 permittentur
664 1387 730 1417 sine
745 1386 836 1424 felle,
864 1390 893 1415 et
912 1385 1039 1415 libertas
1058 1394 1119 1414 uon
1133 1383 1294 1413 metuenda
1316 1390 1416 1419 mane,
1432 1383 1462 1410 et
1476 1379 1556 1409 nzhzl
1569 1379 1649 1418 quod

187 1428 261 1458 retis
276 1429 405 1459 siluisse.
432 1429 569 1458 Conviva
587 1438 671 1459 meus
683 1429 825 1468 quuatur
840 1429 877 1458 de
893 1428 1042 1466 Prasino,
1056 1430 1087 1457 et
1108 1426 1224 1457 Veneto
1242 1435 1252 1456 .·
1272 1432 1325 1454 uec
1337 1424 1448 1464 pocula
1459 1424 1566 1453 nostra
1577 1429 1648 1451 con-

187 1470 229 1500 sti
237 1473 322 1500 tuent
335 1480 503 1510 quenquam
513 1480 611 1501 reum.

796 1520 1032 1532 ‘oeeamom

187 1578 271 1606 —12
289 1576 386 1606 Tema·
401 1576 569 1606 Van—13
590 1575 708 1605 Gustus
720 1576 751 1605 z'u
765 1575 813 1606 his
825 1576 892 1606 Ms.
906 1574 1043 1606 Beverl.
1089 1574 1208 1604 Gustus
1228 1572 1261 1603 in
1274 1571 1343 1602 his.-
1359 1581 1422 1602 uua
1437 1568 1515 1600 edd.
1529 1567 1653 1599 Schre-

187 1618 253 1648 vel.
279 1622 314 1648 et
334 1618 508 1649 Barbouii.
553 1618 680 1648 Parvus
703 1618 737 1648 in
760 1618 809 1648 his
832 1618 909 1649 cod.
927 1618 1108 1648 Pulinann.
1132 1621 1167 1646 et
1190 1615 1244 1646 ed.
1262 1614 1377 1644 Maitt.
1425 1613 1546 1642 Parvus
1566 1620 1651 1659 onya:

188 1659 264 1690 edd.
281 1665 366 1691 vett.
391 1662 400 1677 ‘
415 1659 527 1700 Ouyx]
556 1660 622 1690 Hic
640 1660 767 1699 legitur
783 1660 908 1690 Par-cus
923 1670 1025 1700 onyx:
1046 1659 1105 1689 sed
1130 1658 1212 1688 alius
1230 1657 1339 1688 codex
1355 1655 1460 1686 habet
1478 1655 1600 1684 Parvus
1615 1663 1650 1683 m

187 1702 253 1731 liis.-
277 1707 312 1732 et
330 1703 449 1732 melior
464 1702 636 1733 sententia
649 1702 722 1733 est?
749 1702 940 1734 Calzlerinus.
987 1702 1149 1732 Ceterum
1163 1700 1315 1731 consulat
1329 1699 1453 1729 Lector
1467 1697 1549 1728 Not.
1565 1697 1649 1726 Var.

188 1748 270 1775 -15
301 1745 400 1783 Egeat
432 1751 466 1775 et
488 1745 580 1782 osella
608 1744 680 1774 ccd.
704 1745 968 1776 Puhnann.—l7
1000 1745 1094 1774 Coeua
1123 1752 1183 1782 pro
1207 1751 1305 1782 perna
1332 1741 1398 1771 Ms.
1423 1739 1650 1770 Bevei·l.—20

189 1787 300 1816 Prima
315 1797 375 1826 pro
386 1788 477 1828 plena
493 1787 571 1818 edd.
590 1787 837 1828 autiqiiae.—23
862 1787 1033 1818 Parrasino
1049 1785 1126 1818 cod.
1141 1785 1279 1816 Beverl.
1294 1783 1524 1814 Consulautur
1546 1780 1648 1811 Notae

190 1829 378 1861 Varioruui.

845 1881 986 1914 NOTAE

188 1944 394 1975 Farnabius:
430 1945 572 1985 Papillae
601 1944 669 1975 suis
694 1944 891 1985 primiparae
947 1944 1003 1984 qui
1020 1943 1254 1975 succiduntur.
1278 1941 1368 1973 Vide
1385 1939 1443 1971 lib.
1459 1948 1532 1970 xlv.
1549 1939 1650 1979 Epig-

186 2004 304 2025 sumen
320 1995 409 2025 salso
423 1995 539 2035 thynni
555 1994 686 2035 liquore
700 1993 889 2025 imbutum:
949 1997 1022 2025 101.

187 2046 246 2076 lib.
265 2055 347 2076 xm.
366 2045 466 2085 Epig.
484 2049 540 2076 56.
992 2046 1030 2075 17
1056 2044 1163 2075 Perna
1186 2041 1356 2083 superstes]
1405 2041 1490 2074 Quae
1526 2048 1649 2080 nempe

232 2098 270 2126 13
288 2096 408 2125 Gustus
424 2094 579 2135 [Parcus]
597 2095 630 2125 in
642 2093 705 2133 his]
718 2092 796 2133 Alii,
810 2094 889 2124 Par·
941 2093 1014 2133 jam
1032 2094 1140 2125 tribus
1159 2094 1261 2125 coenis
1279 2091 1445 2123 inserviit.

186 2155 241 2176 ‘cus
250 2155 344 2186 onyx.
364 2146 470 2177 Male.
493 2145 682 2177 Scriverius
700 2145 796 2184 legit,
810 2145 890 2175 Gus-
991 2148 1031 2176 18
1055 2144 1198 2184 Saturis]
1214 2144 1291 2175 Hoc
1305 2148 1370 2183 est,
1387 2140 1545 2173 secundis
1558 2149 1651 2171 nien-

187 2200 238 2226 tus
253 2197 286 2226 in
298 2195 357 2226 his.
390 2196 435 2226 Et
447 2196 495 2226 sic
508 2195 680 2235 explicat:
699 2195 821 2225 Priora
835 2194 892 2224 illa
947 2195 990 2225 sis
1005 2204 1178 2235 apponam
1195 2204 1305 2234 poma.

187 2246 221 2275 in
239 2245 443 2284 promulside
459 2250 495 2276 et
518 2250 616 2285 gustu
633 2255 640 2274 :
666 2245 822 2285 sequitur
837 2254 891 2275 ca·
991 2248 1031 2276 19
1055 2246 1108 2275 De
1125 2244 1337 2284 Nomentana]
1354 2243 1433 2274 Vini
1443 2242 1650 2274 Nomentani

189 2300 250 2336 put
267 2305 386 2333 coenae,
402 2294 531 2332 hoedus,
546 2294 671 2331 ofellae,
685 2296 750 2325 δῖε.
945 2296 1153 2326 mentionem
1171 2295 1255 2326 fecit
1272 2295 1328 2325 lib.
1344 2304 1368 2326 1.
1382 2294 1482 2334 Epig.
1498 2296 1573 2324 106.

237 2346 308 2375 Una
339 2346 456 2375 coeuula
481 2344 598 2383 mensa]
637 2344 716 2375 Hoc
742 2347 806 2384 est,
822 2343 888 2374 hae-
988 2349 1029 2376 20
1052 2346 1152 2376 Plena
1163 2345 1295 2386 [prima]
1304 2344 1388 2384 fuit]
1406 2345 1446 2374 Id
1459 2349 1523 2383 est,
1536 2344 1648 2374 vinum

190 2396 250 2426 (lus
282 2401 486 2436 apponetur,
508 2396 565 2436 qui
590 2400 683 2426 totus
709 2404 774 2425 una
797 2404 889 2424 men·
948 2395 1162 2426 reconditum
1179 2394 1328 2425 secundo
1351 2395 1528 2425 consulatu
1544 2395 1648 2425 Fron-

188 2456 224 2475 sa
242 2444 452 2476 comedetur.
946 2446 1020 2477 tiui.
1046 2447 1178 2486 Legunt
1194 2445 1261 2481 alii,
1275 2445 1454 2485 plenasuit.

234 2499 272 2526 15
299 2495 426 2535 Ofelloe]
473 2496 601 2526 Carnes
627 2499 706 2526 sunt
731 2495 893 2535 conditae,
987 2500 1026 2527 21
1054 2497 1120 2527 Nec
1138 2505 1225 2526 mane
1240 2496 1392 2536 timenda]
1418 2496 1541 2527 Nullus
1556 2505 1649 2527 nem-

191 2546 352 2584 coucis‘ae,
369 2551 472 2586 atque
497 2545 603 2576 instar
627 2545 717 2585 globi
735 2555 891 2577 accumu-
946 2548 1100 2588 pejocos
1116 2552 1251 2578 nostros
1265 2545 1400 2577 deferet
1413 2547 1454 2577 ad
1466 2547 1649 2578 Caesarem.

190 2598 287 2627 latae:
312 2595 360 2626 sic
377 2605 441 2626 non
465 2605 549 2636 opus
567 2600 620 2626 est
645 2599 682 2626 ut
710 2597 782 2626 illas
804 2597 891 2627 scin·
988 2601 1028 2628 23
1053 2598 1104 2628 De
1123 2597 1271 2636 Prasino]
1294 2598 1350 2628 De
1370 2597 1565 2637 aurigarum
1580 2595 1649 2627 fac-

191 2648 249 2677 ilat
266 2646 292 2676 is
306 2645 506 2686 quiordinat
519 2645 891 2685 etcomponitfercula.
948 2647 1095 2678 tionibus
1133 2646 1264 2677 dictum
1298 2647 1356 2678 lib.
1384 2655 1435 2677 w.
1468 2647 1567 2686 Epig.
1592 2648 1646 2677 46.

239 2699 276 2727 16
301 2697 343 2725 Et
359 2695 438 2733 saba
454 2694 632 2734 fabrorum]
677 2695 891 2727 Quibusdam
947 2698 1171 2738 periculosum
1193 2706 1274 2728 vero
1298 2696 1364 2728 fuit
1381 2697 1420 2728 iis
1437 2707 1503 2729 non
1519 2696 1647 2736 favere,

191 2748 302 2778 herbis
315 2747 452 2778 condita
464 2745 540 2778 faba
553 2747 735 2778 dicebatur
749 2746 891 2780 fabrilis.
946 2748 1067 2790 quibus
1085 2746 1249 2779 favebant
1268 2747 1431 2779 Caesarcs.

222 2797 415 2837 Prototomi]
440 2797 517 2828 Hoc
546 2802 610 2838 est,
642 2797 741 2839 primi
773 2798 887 2830 caules
