1893 3225
605 255 1008 286 rerianMMATnM
1047 258 1140 288 mis.
1177 258 1224 286 x.
1543 250 1629 289 795

829 340 972 372 NOTAE

171 408 227 439 ilie
257 409 365 450 pudor
383 411 519 441 nocebit
536 415 603 442 tuae
620 410 717 441 faniae
733 422 739 441 :
766 410 875 451 pudor

172 459 259 489 enin}
284 459 411 491 dicitur
434 461 478 493 ob
502 462 645 503 aliquam
674 470 743 492 reni
769 461 875 493 sordi-

173 510 249 542 dam
268 511 377 544 timor.

973 416 1012 444 12
1036 414 1157 454 Mores]
1173 415 1295 445 Castos
1312 423 1423 445 mores
1435 413 1560 445 habere
1574 423 1629 444 ne-

932 466 1019 508 quis,
1033 470 1067 497 et
1084 471 1151 497 tam
1167 465 1333 497 formosos
1350 476 1483 506 pueros.

618 706 679 735 DE
715 705 902 736 FlGURA
937 704 1190 735 SOCRATIS.

175 770 224 809 Si
253 770 460 813 Romana
477 773 614 814 forent
632 774 730 815 haec
753 772 953 814 Socratis
976 784 1068 820 ora,
1090 770 1281 811 fuissent

230 837 380 879 Julius
401 840 444 880 in
466 840 640 896 Satyris
660 842 811 895 qualia
828 841 978 882 Rufus
997 840 1146 880 habet.

219 942 256 972 Si
278 943 328 973 hic
345 945 447 975 vultus
469 945 610 977 Socratis
629 946 787 978 Romanus
795 946 897 987 foret,
913 946 991 978 talis
999 946 1117 984 fuisset
1132 945 1232 985 qualis
1246 947 1291 975 cst
1308 942 1393 973 Julio
1411 940 1492 979 Rnsv
1510 941 1540 971 in
1565 938 1631 969 ⁵⁰3⁵

179 985 319 1026 Satyris.

785 1043 800 1052 o
807 1041 1021 1054 ‘ee‘eeooe‘e

219 1072 270 1102 De
284 1075 390 1104 statua
408 1073 442 1104 S.
465 1074 518 1106 ed.
534 1075 637 1107 Barb.

834 1117 973 1150 NOTAE

221 1182 236 1209 l
262 1178 299 1209 Sz·
315 1179 470 1222 Romana]
492 1181 569 1212 Hoc
593 1186 645 1213 est
665 1194 670 1211 :
695 1182 731 1213 Si
747 1182 801 1212 hic
818 1182 878 1213 So-

176 1230 278 1262 cratis
294 1230 409 1261 vultus
432 1232 581 1263 Romano
597 1242 690 1263 more
708 1237 797 1263 esset
812 1231 880 1263 for-

176 1286 299 1321 matus,
328 1282 444 1312 similis
481 1282 572 1314 foret
609 1293 739 1314 severae
777 1282 882 1314 fronti

177 1333 261 1366 Julii
278 1333 368 1372 Rufi,
385 1334 440 1374 qui
460 1334 626 1375 gravitate
651 1334 823 1366 Socratica
848 1334 881 1364 in

177 1385 245 1416 suis
270 1386 400 1426 Satyris
427 1386 510 1416 vitia
537 1386 660 1427 carpit.
704 1387 760 1417 De
790 1385 881 1417 Rufo

179 1436 310 1467 Plinius
326 1436 385 1467 lib.
410 1446 442 1468 v.
458 1437 572 1477 Epist.
598 1440 653 1470 21.
674 1441 711 1469 et
735 1437 792 1468 lib.
816 1446 881 1468 vn.

179 1487 291 1526 Epist.
326 1490 379 1518 25.
433 1487 621 1518 Scriverius
650 1488 750 1519 aliter
773 1488 881 1528 expli-

181 1541 260 1568 cat:
279 1538 342 1568 hoc
359 1542 422 1576 est,
438 1538 568 1578 inquit:
593 1538 627 1568 Si
641 1537 714 1568 haec
729 1537 882 1568 Socratis

181 1588 293 1627 imago
329 1587 479 1617 Romano
518 1588 613 1618 cultu
647 1586 882 1628 effingeretur,

181 1643 275 1670 certe
299 1638 341 1669 ad
363 1638 477 1669 vivum
500 1640 712 1679 exprimeret
737 1639 883 1679 gravita-

183 1693 251 1720 tem
282 1688 366 1721 Julii
401 1687 490 1728 Rufi,
520 1689 630 1730 qualis
658 1689 834 1721 deridetur
864 1699 883 1720 a

932 1181 1111 1222 Satyricis‚
1146 1181 1199 1211 vel
1237 1179 1295 1221 qui
1325 1177 1433 1209 refert
1466 1176 1639 1215 Satyrum.

933 1233 1093 1274 Namque
1114 1237 1151 1264 et
1177 1233 1337 1264 Socrates
1359 1229 1424 1261 fuit
1449 1236 1530 1259 naso
1546 1227 1641 1262 simo,

935 1286 969 1313 et
984 1283 1090 1313 oculis
1117 1282 1303 1321 emissitiis,
1326 1280 1443 1312 Sileno
1468 1277 1556 1308 haud
1583 1275 1640 1306 ab·

937 1333 1069 1372 similis,
1097 1333 1147 1364 uti
1173 1332 1380 1364 describitur
1396 1340 1415 1361 a
1431 1329 1579 1360 Platone
1604 1331 1640 1357 et

940 1384 1183 1424 Xenophonte.
1228 1384 1314 1415 Vel:
1340 1383 1375 1414 Si
1393 1382 1465 1412 haec
1491 1379 1639 1411 Socratis

937 1434 1047 1475 imago
1066 1435 1161 1466 cultu
1188 1435 1339 1466 Romano
1359 1441 1522 1474 expressa
1538 1434 1642 1467 esset,

938 1490 1054 1526 posset
1097 1485 1234 1526 quidem
1272 1484 1391 1516 haberi
1428 1492 1491 1523 pro
1529 1479 1642 1520 effigie

937 1537 1021 1569 Julii
1040 1536 1129 1576 Rufi,
1146 1547 1222 1578 quae
1252 1536 1363 1577 posita
1382 1538 1434 1565 est
1450 1534 1483 1564 in
1500 1531 1643 1572 Satyris,

939 1588 1012 1618 loco
1026 1586 1171 1628 quodam
1188 1587 1222 1617 in
1237 1591 1357 1617 octava
1374 1584 1514 1625 regione
1536 1583 1644 1621 urbis,

936 1638 996 1668 ubi
1025 1641 1227 1678 spectantur
1263 1641 1409 1677 quatuor
1442 1635 1642 1675 Satyrorum

937 1689 1111 1729 imagines,
1147 1688 1290 1721 Judicet
1305 1688 1427 1718 lector.

397 1937 449 1966 ΙΝ
488 1937 881 1967 COMMISCENTEM
917 1935 1111 1967 VERSUS
1146 1937 1301 1967 OPERI·
1328 1937 1434 1966 SUO.

300 2004 453 2055 QUin,
476 2006 621 2055 stulte,
644 2005 810 2046 nostris
832 2006 1036 2047 versibus
1059 2009 1160 2046 tuos
1182 2006 1379 2046 misces?

298 2071 410 2113 Cum
432 2072 629 2125 litigante
651 2073 760 2127 quid
783 2073 878 2122 tibi,
901 2073 1053 2123 miser,
1075 2074 1223 2114 libro‘?

301 2138 422 2189 Quid
443 2153 705 2193 congregare
729 2154 829 2182 cum
850 2141 1050 2182 leonibus
1073 2143 1245 2196 vulpes,

300 2206 568 2262 Aquilisque
589 2209 760 2250 similes
784 2209 932 2251 facere
953 2214 1141 2251 noctuas
1164 2210 1363 2264 quaeris'l

234 2313 264 2344 O
282 2314 417 2353 demens,
433 2314 506 2354 quid
522 2314 686 2353 confundis
701 2319 755 2347 tua
771 2316 910 2346 carmina
935 2325 1003 2346 cum
1018 2315 1157 2348 nostris!
1180 2316 1211 2347 O
1227 2315 1352 2356 infelix,
1367 2317 1441 2356 quid
1457 2315 1517 2346 tibi
1533 2316 1582 2346 rei
1599 2320 1652 2347 est

192 2364 259 2385 cum
271 2356 349 2387 libro
366 2357 538 2397 litigante?
563 2359 648 2394 Quid
664 2359 777 2399 quoeris
790 2359 976 2398 conjungere
992 2360 1096 2399 vulpes
1110 2369 1178 2389 cum
1194 2359 1341 2399 leonibus,
1357 2363 1387 2390 et
1396 2358 1506 2397 facere
1522 2359 1651 2390 bubones

798 2433 914 2444 ιιιιιι

190 2515 295 2546 Barb.

917 2433 1035 2445 eeeeee

233 2472 286 2503 Ad
317 2475 447 2507 Pokitam
483 2477 663 2518 imperitum
702 2479 787 2510 Mss.
819 2479 958 2510 Beverl.
1001 2483 1037 2510 et
1074 2478 1256 2509 Pulmann.

1317 2477 1357 2508 In
1383 2477 1573 2518 plagiarium
1589 2477 1629 2508 ed
1640 2501 1648 2509 .

846 2564 987 2596 NOTAE

238 2624 252 2652 1
281 2623 378 2663 Quid,
400 2625 508 2665 stulte]
530 2626 618 2658 Vide
645 2628 746 2668 Epig.
774 2631 825 2659 5-1.
857 2633 893 2659 et
949 2629 1084 2670 pagina,
1096 2628 1164 2659 Fur
1179 2630 1240 2659 es.'

192 2674 245 2702 73.
260 2672 318 2703 lib.
331 2682 354 2704 1.

237 2727 255 2754 2
282 2725 360 2755 Cum
375 2725 538 2767 litigante]
559 2727 626 2760 Qui
642 2729 704 2760 tibi
729 2729 822 2760 litem
846 2730 894 2760 in-

194 2774 317 2813 tendit,
332 2779 366 2806 et
380 2776 441 2807 tibi
457 2777 553 2817 dicit,
566 2779 635 2808 Fur
652 2789 700 2811 es,
727 2780 827 2820 Epig.
839 2783 893 2811 511.

195 2825 254 2856 lib.
269 2835 292 2858 1.
321 2827 329 2842 ‘
342 2828 419 2858 Stat
436 2833 566 2869 contra,
591 2829 739 2871 dicitque
759 2831 819 2861 tibi
837 2836 895 2863 tua

990 2683 1008 2710 3
1051 2679 1136 2715 Quid
1176 2678 1380 2718 congregare]
1417 2678 1541 2709 Sensus
1578 2681 1652 2708 est:

950 2730 1042 2763 Quid
1068 2728 1238 2760 nobilibus
1277 2733 1379 2769 atquc
1405 2728 1551 2768 egregiis
1578 2735 1652 2756 ver-

951 2780 1044 2811 sibus
1061 2779 1236 2819 conjungis
1252 2783 1326 2810 tuos
1343 2779 1478 2819 ineptos
1495 2783 1530 2808 et
1547 2776 1653 2807 viles?
