1893 3225
223 203 333 244 1048
697 215 744 244 Μ.
781 217 889 245 νΑι,.
925 218 1198 250 ΜΑκίἰΑιιικ

832 379 1059 420 CLXIX.

862 473 1037 504 IDEM.

222 538 504 580 GARRULUS
527 538 570 578 in
591 538 696 579 laxo
718 551 794 579 cur
815 540 1002 580 annulus
1026 542 1127 581 orbe
1150 547 1349 594 vagatur,

278 606 418 647 Cedat
436 610 485 646 ut
506 606 668 658 argutis
689 606 822 647 obvia
847 608 974 648 turba
995 609 1189 649 trochis?

265 724 371 759 Quare
385 723 515 754 annulus
528 721 665 753 tinniens
677 726 810 762 vagatur
826 723 858 753 iu
875 723 946 753 orbe
962 725 1044 762 laxo,
1058 726 1093 753 ut
1108 722 1202 754 turba
1217 723 1306 754 obvia
1320 725 1441 756 recedat
1457 736 1475 756 a
1490 726 1604 757 trochis
1625 737 1674 758 ca-

221 768 306 798 noris
318 765 333 797 ’.Ρ

833 818 1067 829 eeeeeeeeeeee

260 877 277 905 l
306 875 425 906 Car-rus
440 883 502 915 pro
521 874 617 904 Gar-r.
639 874 715 906 cod.
731 873 929 905 Thuan.—2
955 874 1068 904 Turma
1084 874 1163 905 Vat.

876 959 906 989 N
915 958 1015 990 OTAE

262 1028 282 1056 2
300 1025 398 1056 Cedat
411 1027 445 1054 ut
458 1023 597 1063 argutis]
613 1023 751 1054 Tinnitu
765 1023 866 1062 enim,
879 1023 922 1054 de
977 1029 1176 1064 grammate,
1197 1026 1423 1058 monebantur
1451 1033 1679 1068 transeuntes,

220 1086 286 1118 quo
308 1075 414 1107 locuti
437 1084 548 1105 sumus
581 1076 612 1105 iu
638 1075 811 1115 superiore
842 1075 920 1115 Epi·
978 1081 1014 1105 ut
1031 1075 1094 1106 sibi
1120 1082 1293 1107 caverent.

851 1215 1052 1257 CLXX.

705 1306 894 1336 SIGNUM
931 1307 1192 1336 VJCTOfflAE.

223 1377 346 1418 HAEc
369 1376 434 1417 illi
456 1375 548 1416 sine
570 1378 686 1415 sorte
710 1374 851 1424 datur,
876 1376 947 1416 cui
968 1376 1145 1416 nomina
1165 1375 1350 1417 Rhenus

278 1444 398 1485 Vera
420 1444 565 1485 dedit:
596 1443 748 1484 decies
769 1443 883 1483 adde
907 1442 1115 1493 Falerna,
1137 1457 1262 1496 puer.

262 1553 342 1584 Haec
357 1554 404 1584 illi
426 1555 560 1584 donatur
573 1554 638 1584 sine
653 1556 746 1591 sorte,
758 1553 809 1584 cui
823 1563 929 1584 verum
952 1565 1060 1585 nomen
1082 1553 1262 1594 impositum
1285 1558 1331 1585 est
1353 1565 1371 1585 α
1392 1555 1498 1587 Rheno
1516 1555 1672 1587 devicto:

219 1606 315 1637 serve,
326 1598 427 1628 decies
442 1596 570 1635 infunde
589 1597 770 1628 Falernum.

830 1658 1068 1669 ‘ot-eemeeeo

261 1703 295 1734 S.
312 1713 439 1735 aureum
454 1702 530 1735 cod.
543 1703 734 1734 Thuan.—l
761 1703 831 1734 Hoc
849 1703 931 1734 alios
949 1704 1065 1743 legere
1083 1709 1179 1736 notat
1201 1705 1372 1738 Schrevel.

878 1790 911 1821 N
915 1789 1022 1821 101*AE

259 1859 273 1886 l
302 1854 397 1895 Hoec]
414 1854 568 1885 Victoria
581 1854 726 1885 scilicet.
749 1854 832 1895 Alii,
846 1855 914 1894 hoc,
968 1855 1139 1896 quitoties
1157 1856 1295 1887 vicisset
1306 1857 1451 1888 hostem.
1478 1856 1564 1887 Vide
1578 1856 1679 1897 Epig.

214 1908 344 1948 signum
367 1915 490 1947 nempe
515 1906 682 1943 victoriae,
699 1910 736 1937 ut
760 1915 802 1936 ex
828 1906 914 1937 anti·
972 1909 1002 1937 1.
1020 1907 1075 1938 ubi
1090 1907 1133 1937 de
1148 1907 1288 1938 alternis
1302 1917 1479 1938 munerum
1496 1908 1653 1939 sortibus.

215 1958 289 1999 quis
306 1957 449 1988 nummis
465 1957 631 1997 intelligo,
647 1960 723 1988 erat
745 1957 844 1988 alatae
858 1956 917 1988 foe-
1018 1960 1037 1988 2
1051 1958 1162 1988 Decies
1178 1958 1269 1998 adde]
1284 1958 1349 1989 Tot
1364 1958 1451 1989 enim
1469 1959 1583 1999 cyathi
1599 1964 1678 1991 sunt

215 2010 313 2039 minae
331 2011 444 2039 statua
462 2007 581 2038 dextra
596 2008 729 2038 laurum
753 2009 917 2049 tenentis,
975 2008 1163 2048 hauriendi,
1176 2013 1259 2050 quot
1281 2009 1290 2026 ‘
1312 2009 1534 2040 Germanicus
1548 2009 1556 2022 ’
1573 2010 1678 2042 habet

216 2061 353 2091 sinistra
367 2059 524 2098 palmam.
570 2059 724 2090 Raderus.
974 2060 1105 2098 literas,
1141 2060 1298 2090 nimirum
1338 2060 1468 2091 decem.
1529 2061 1581 2092 De
1621 2062 1677 2093 illo

258 2109 334 2141 Sine
342 2110 441 2150 sorte]
459 2110 595 2141 Etenim
607 2120 685 2141 casu
697 2115 732 2142 et
744 2116 837 2142 sorte
854 2121 920 2142 nou
975 2120 1067 2142 more
1083 2110 1222 2142 bibendi
1239 2110 1382 2142 diximus
1399 2111 1498 2152 Epig.
1514 2114 1567 2143 72.
1582 2112 1639 2144 lib.
1652 2122 1676 2143 1.

215 2161 316 2192 datur
347 2161 479 2200 signum
517 2161 668 2192 victoriae
705 2162 920 2203 Domitiano,

831 2295 1057 2336 CLXXI.

774 2373 937 2429 Βρούτου
968 2373 1119 2414 παιδίον.

220 2450 418 2491 GLORIA
436 2456 526 2492 tam
547 2453 672 2505 parvi
689 2465 776 2493 non
796 2457 864 2493 est
887 2454 1076 2494 obscura
1098 2453 1257 2506 sigilli:

278 2519 419 2560 Istius
441 2520 567 2573 pueri
589 2520 754 2561 Brutus
778 2525 947 2561 amator
969 2525 1075 2561 erat.

262 2626 335 2656 Non
351 2629 398 2657 est
413 2626 547 2667 ignobile
561 2627 651 2657 decus
664 2629 728 2657 tam
743 2626 851 2666 exigui
867 2625 965 2664 sigilli
978 2638 987 2657 .-
1012 2626 1134 2657 Brutus
1150 2627 1272 2658 amabat
1288 2627 1369 2658 hunc
1383 2637 1521 2668 puerum.

822 2699 1064 2710 ΝΝΝΝφΝο

243 2744 251 2759 ‘
267 2743 576 2784 Beotoviculopedion
592 2744 726 2775 Thuan.
744 2743 821 2775 eod.
838 2744 931 2784 Lege
946 2743 1081 2784 Βρούτου
1095 2745 1297 2777 κολοπαιδίον.
1313 2745 1369 2777 Sic
1386 2744 1485 2776 Bruti
1497 2744 1673 2785 pusionem

219 2790 330 2818 vocat.
354 2787 434 2819 Vid.
450 2788 483 2820 J.
500 2788 595 2819 Voss.
608 2787 651 2819 ad
669 2787 791 2819 Catull.
809 2797 842 2828 p.
856 2787 943 2819 2293
968 2788 1093 2819 Beverl.
