1893 3225
559 248 968 279 κριοηΑΜΜΑἰύΜ
1006 248 1100 277 [ΑΒ.
1134 249 1206 279 lx.
1537 238 1621 280 661

151 340 302 395 Atque
325 341 437 384 inter
458 356 634 385 mensas
656 344 779 396 largo
794 343 889 397 jam
911 347 1084 385 nectare
1106 343 1249 393 fusus,

212 409 386 451 Pocula
408 424 506 452 cum
528 411 661 452 Marti
683 412 874 453 traderet
894 412 992 465 ipse
1015 424 1095 453 suo
1114 425 1124 463 ;

152 478 422 533 Respiciens
445 480 663 521 Phoebum
683 481 852 534 pariter
875 481 1124 535 Phoebique
1140 494 1349 531 sororem,
1596 481 1624 521 5

211 546 323 588 Cum
345 548 505 602 quibus
526 547 726 598 Alcides,
751 554 796 589 et
818 549 922 602 pius
944 547 1087 590 Arcas
1107 553 1227 590 erat:

152 614 346 657 Cnossia
367 629 463 666 VOS,
484 617 643 670 inquit,
665 616 794 657 nobis
812 621 1097 658 monumenta
1118 617 1303 659 dedistis
1322 631 1331 659 :

207 684 394 734 Cernite,
414 698 546 739 quam
567 684 669 739 plus
691 685 762 734 sit,
785 683 978 725 Caesaris
1001 698 1098 726 esse
1119 691 1303 739 patrem.

152 796 311 836 Augusti:
333 800 425 837 atque
448 796 533 828 inter
555 807 675 828 mensas
699 798 795 827 multo
809 797 879 835 jum
894 797 1002 828 hausto
1016 800 1141 828 nectare
1156 798 1230 828 dum
1244 796 1309 837 ipse
1320 795 1496 837 porrigeret
1511 796 1621 836 pocula

150 850 203 871 suo
224 839 349 876 Marti‚·
374 840 506 870 intuitus
528 840 715 880 Apollinem,
739 840 833 870 simul
855 844 885 870 et
905 851 1040 871 sororem
1067 840 1233 880 Apollinis,
1248 850 1316 870 cum
1328 839 1436 880 quibus
1450 842 1518 869 erat
1535 839 1621 869 Her·

151 884 243 921 cules,
256 886 285 914 et
300 883 370 922 pius
398 883 595 914 Mercurius:
626 883 697 920 Vos,
720 885 781 920 ait,
805 883 882 914 mihi
895 884 1100 914 exstruxistis
1112 884 1263 914 tumulum
1280 884 1306 913 C
1308 883 1464 918 nmium,-
1479 881 1621 923 aspicite,

151 936 244 967 quam
261 928 333 967 plus
355 926 398 957 sit
419 926 565 965 genuisse
587 925 819 958 Domitianum.

764 1006 980 1018 eeeeeeeeeee
986 1006 1005 1017 e

151 1048 253 1090 Epig.
271 1052 389 1081 71.-7
413 1049 624 1081 Beverlandi
642 1050 714 1082 Ms.
738 1051 842 1082 uberis
859 1054 1056 1083 monumenta
1071 1050 1214 1082 dedistis.

818 1127 956 1159 NOTAE

193 1205 213 1233 3
239 1201 492 1242 Nectaresusus]
517 1201 594 1233 Hoc
609 1205 674 1241 est,
691 1201 859 1233 madidus.
955 1205 974 1233 8
1001 1203 1127 1234 Cernite
1143 1211 1233 1243 quam
1244 1201 1330 1242 plus]
1358 1199 1444 1231 Mihi
1461 1208 1585 1241 nempe
1599 1209 1620 1231 a

193 1257 214 1285 6
239 1255 284 1284 Et
306 1253 378 1294 pias
403 1253 518 1294 Arcas]
544 1253 622 1285 Hoc
640 1258 706 1294 est,
721 1254 858 1284 Mercu·
912 1253 1011 1285 vobis
1027 1253 1201 1284 conditum
1219 1257 1476 1282 monumentum
1493 1251 1621 1291 Vespa-

153 1305 222 1336 rius
245 1305 278 1335 in
295 1304 378 1335 urbe
396 1304 540 1345 Cylleno
561 1305 613 1335 vel
630 1305 774 1345 Cyllene
792 1303 856 1335 Ar·
911 1304 994 1334 siani
1010 1304 1139 1334 tumulo
1152 1303 1260 1334 multo
1276 1301 1416 1333 inferius
1432 1306 1499 1341 est,
1515 1306 1619 1342 atque

152 1356 259 1387 cadiae
286 1361 400 1386 monte
422 1360 532 1395 naum,
555 1355 611 1396 qui
631 1356 706 1396 pius
721 1356 859 1398 dicitur,
911 1355 958 1386 ita
975 1355 1110 1386 videtur
1126 1359 1246 1395 optare
1261 1353 1400 1394 Jupiter
1416 1353 1528 1394 potius
1545 1362 1619 1384 esse

152 1406 242 1449 quod
265 1408 417 1438 Deorum
435 1415 531 1437 sacra
549 1406 709 1439 instituit.
733 1407 857 1439 Horat.
913 1405 1117 1447 Domitiani,
1132 1415 1233 1447 quam
1251 1409 1445 1437 ceterorum
1462 1405 1617 1436 Deorum

154 1468 180 1490 1.
200 1457 330 1489 Od.10.
911 1463 1021 1498 pater.

760 1614 1009 1656 XXXVI.

663 1705 711 1734 in
752 1703 1101 1734 PHILOMUSUM.

153 1772 283 1814 ART1
297 1784 384 1814 nus
405 1773 475 1814 his
495 1784 671 1826 semper
691 1784 878 1821 coenam,
903 1771 1181 1820 Philomuse,
1203 1769 1412 1820 mereris;

209 1840 404 1881 Plurima
426 1840 528 1881 dum
547 1840 689 1893 fingis,
712 1839 790 1879 sed
812 1839 941 1892 quasi
963 1851 1071 1879 vera
1091 1838 1242 1879 refers.

151 1908 265 1957 Scis,
287 1908 394 1961 quid
415 1908 460 1948 in
482 1907 673 1949 Arsacia
696 1907 899 1948 Pacorus
920 1906 1137 1947 deliberet
1160 1906 1277 1955 aula,

209 1976 469 2017 Rhenanam
490 1988 706 2025 numeraS,
728 1975 1108 2027 Sarmaticamque
1131 1987 1328 2015 manum.

152 2043 306 2085 Verba
326 2044 454 2085 ducis
478 2044 592 2085 Daci
612 2043 775 2085 chartis
792 2042 1002 2084 mandata
1022 2043 1244 2095 resignas;
1589 2041 1617 2080 5

210 2112 451 2154 Victricem
471 2112 659 2161 laurum,
680 2123 813 2164 quam
835 2110 972 2159 venit,
995 2114 1100 2150 ante
1123 2109 1262 2151 vides.

194 2234 225 2266 Ο
244 2234 434 2274 Ρὴίὶοιηαεε,
448 2243 567 2273 semper
583 2232 712 2263 mereris
727 2242 842 2263 coenum
859 2232 909 2262 his
923 2230 1056 2270 artibus,
1070 2231 1143 2261 dum
1158 2231 1319 2270 excogitas
1334 2231 1445 2269 multa,
1460 2232 1489 2260 et
1506 2238 1617 2259 narras

151 2282 298 2318 tanquam
314 2287 397 2308 tera.
446 2277 545 2307 Tenes
561 2276 634 2317 quid
649 2277 797 2306 consultet
816 2276 951 2305 Pacorus
968 2275 999 2305 ιίι
1010 2275 1082 2305 aula
1097 2274 1244 2312 Arsacia,
1266 2283 1404 2304 recenses
1416 2272 1521 2312 copias
1535 2272 1614 2302 Ger-

152 2321 288 2352 manicas
297 2323 327 2352 et
346 2320 548 2351 Sarmaticas.
592 2319 706 2359 Aperis
722 2319 813 2349 verba
828 2318 916 2349 ducis
930 2318 1015 2348 Daci
1030 2317 1191 2348 commissa
1208 2317 1333 2348 Cattis.-
1355 2315 1440 2347 tides
1456 2315 1615 2346 victricem

783 2392 899 2403 ‘erno
903 2392 999 2403 eme

194 2441 215 2469 2
237 2437 439 2469 Beverlandi
454 2438 521 2470 Ms.
533 2441 563 2469 et
577 2438 741 2479 quasi.-5
758 2438 844 2469 Daci
862 2439 965 2469 Cattis
978 2438 1124 2468 mandata
1137 2436 1168 2466 in
1183 2434 1262 2466 edd.
1279 2438 1364 2466 vett.
1381 2438 1416 2466 et
1434 2434 1482 2465 sic
1498 2434 1615 2474 legen·

153 2480 232 2512 dum
248 2485 368 2512 censet
384 2481 567 2513 Gruterus.
612 2482 695 2513 Daci
719 2481 836 2512 cuv-this
857 2483 1005 2512 mandata
1030 2479 1138 2511 codex
1165 2479 1366 2510 Vaticanus.
1412 2478 1496 2509 Daci
1518 2476 1615 2510 cartis

813 2562 953 2595 NOTAE

196 2629 215 2658 3
240 2625 392 2666 Pacorus]
426 2627 632 2658 Parthorum
649 2637 730 2659 rex:
764 2628 849 2659 Aula
907 2626 1068 2657 navisses.
1115 2624 1210 2656 Catti
1246 2628 1360 2656 autem
1385 2624 1501 2665 populi
1528 2625 1613 2656 Ger-

153 2688 233 2708 vero
259 2676 392 2708 Arsacia
415 2676 463 2707 sic
484 2677 577 2708 dicta
594 2683 646 2709 est
663 2678 704 2709 ab
720 2678 851 2710 Arsace
906 2677 1026 2708 maniae
1042 2674 1310 2716 Visurgim‚Daci
1325 2684 1405 2705 vero
1417 2674 1613 2706 Danubium

153 2728 359 2760 Parthorum
377 2737 470 2767 rege.
907 2727 1114 2758 incolebant.
1161 2726 1212 2756 De
1229 2725 1279 2756 his
1296 2725 1355 2756 lib.
1372 2734 1412 2756 ιι.
1431 2725 1530 2766 Epig.
1545 2728 1575 2756 2.

198 2782 216 2809 5
247 2778 346 2809 Verba
365 2778 452 2809 ducis
478 2778 574 2818 Daci]
607 2779 712 2818 Cujus
727 2789 854 2810 arcana
950 2781 970 2809 6
992 2778 1159 2809 Victricem
1174 2777 1310 2817 law-um]
1335 2775 1411 2807 Hoc
1424 2780 1487 2816 est,
1506 2776 1610 2807 victo·

153 2828 294 2869 perinde
311 2828 374 2859 tibi
391 2833 565 2867 comperta
583 2838 655 2858 esse
679 2829 798 2868 garris,
814 2839 854 2860 ac
908 2828 991 2859 riam
1003 2827 1165 2859 futuram.

153 2881 178 2911 si
196 2880 284 2911 illius
314 2881 430 2911 literas
455 2879 565 2910 Cattis
586 2879 731 2921 scriptas
752 2879 855 2919 resig-
