1893 3225
212 199 297 241 862
692 207 741 237 M.
776 206 888 238 vAL.
923 207 1198 238 MAR'mAms

330 305 427 347 Nec
448 304 670 359 congelati
691 307 814 358 gutta
833 304 1028 359 proderit
1048 305 1160 345 nasi.

331 374 387 416 Et
405 377 668 415 aestuantem
688 373 881 423 basiant,
903 377 948 414 et
968 373 1200 426 algentem,

329 443 387 485 Et
406 443 604 497 nuptiale
626 442 800 484 basium
819 446 1135 483 reservantem.

330 511 438 553 Non
459 515 500 552 te
523 510 712 552 cucullis
735 513 902 552 asseret
919 513 1054 564 caput
1074 513 1255 559 tectum,
1625 511 1680 551 10

323 580 508 622 Lectica
528 593 611 621 nec
634 584 678 620 te
701 581 796 620 tuta
817 578 938 633 pelle
959 578 1170 632 veloque,

330 648 429 690 Nec
451 647 698 689 vindicabit
718 646 831 687 sella
854 647 1025 700 saepius
1048 646 1188 687 clusa.

330 717 490 758 Rimas
511 729 589 771 per
608 728 762 757 omnes
781 715 979 756 basiator
1001 715 1194 756 intrabit.

332 784 439 826 Non
463 784 724 826 consulatus
744 783 859 837 ipse,
880 795 969 823 non
986 782 1253 832 tribunatus,

331 853 541 906 Scevique
561 852 722 902 fasces,
743 864 823 892 nec
845 851 1042 904 superba
1062 851 1249 892 clamosi
1626 850 1680 891 15

330 921 522 962 Lictoris
543 920 691 973 abiget
711 919 837 972 virga
857 919 1143 960 basiatorem.

330 989 502 1031 Sedeas
519 988 566 1030 in
589 988 679 1029 alto
700 993 748 1029 tu
768 987 876 1029 licet
895 987 1118 1038 tribunali,

330 1058 388 1099 Et
410 1071 434 1099 e
458 1057 597 1099 curuli
612 1056 718 1111 jura
739 1056 943 1110 gentibus
964 1056 1151 1108 reddas3

329 1125 557 1168 Ascendet
575 1126 653 1166 illa
671 1125 884 1176 basiator,
906 1130 1040 1180 atque
1063 1125 1163 1168 illa:

331 1195 674 1237 Febricitantem
693 1194 892 1235 basiabit
912 1198 956 1235 et
977 1193 1156 1235 flentem
1175 1208 1184 1235 :
1627 1192 1682 1233 20

331 1263 471 1305 Dabit
487 1262 694 1304 oscitanti
714 1262 902 1312 basium,
918 1262 1178 1316 natantique
1195 1275 1207 1305 ε

332 1331 475 1374 Dabit
495 1336 542 1373 et
561 1330 766 1373 cacanti:
797 1329 1039 1371 remedium
1058 1330 1166 1372 mali
1188 1329 1335 1372 solum
1356 1333 1439 1381 est,

330 1400 498 1442 Facias
520 1400 726 1450 amicum,
747 1398 922 1440 basiare
941 1411 1071 1452 quem
1091 1398 1223 1441 nolis.

216 1534 285 1565 nasi
308 1533 465 1572 congelati
478 1533 632 1576 prqficiet.
681 1533 872 1564 Osculantur
901 1536 932 1564 et
959 1533 1134 1571 sudantem,
1166 1536 1195 1564 et
1207 1533 1400 1572 frigentem,
1423 1535 1454 1564 et
1473 1533 1684 1563 reservantem

215 1577 351 1608 osculum
375 1576 525 1617 nuptiale.
575 1577 677 1617 Caput
703 1580 821 1607 tectam
847 1575 974 1606 cucullis
1003 1586 1064 1607 non
1090 1576 1228 1607 tuebitur
1251 1580 1295 1613 te,
1320 1586 1374 1607 nec
1398 1575 1509 1607 lectica
1535 1577 1604 1606 tuta
1620 1575 1686 1606 telo

217 1625 247 1651 et
269 1621 361 1660 pelle,
391 1629 446 1650 nec
466 1619 581 1660 saepius
605 1621 709 1651 clausa
735 1620 811 1650 sella
839 1618 986 1650 liberabit
1014 1623 1057 1652 te.
1105 1620 1256 1650 Basiator
1280 1618 1477 1657 ingredietur
1498 1627 1555 1658 per
1581 1627 1685 1649 omnes

216 1663 324 1694 rinms.
370 1662 522 1694 Basiator
536 1673 597 1694 non
622 1662 814 1693 amovebitur
835 1672 890 1693 nec
906 1662 944 1692 ab
961 1662 1028 1702 ipso
1044 1664 1216 1703 consulatu,
1238 1672 1294 1693 nec
1319 1662 1492 1700 tribunatu,
1519 1671 1575 1692 nec
1593 1661 1686 1692 soevis

209 1706 364 1744 fascibus,
382 1715 435 1737 nec
450 1706 583 1746 superba
604 1707 697 1745 virga
712 1706 838 1737 clamosi
863 1704 993 1736 lictoris·
1041 1706 1192 1741 Quamvis
1215 1709 1250 1736 ta
1264 1706 1370 1736 sedeas
1396 1705 1429 1736 in
1455 1705 1574 1736 excelso
1589 1704 1689 1735 tribu-

216 1751 294 1789 nali,
321 1752 413 1789 atque
437 1759 454 1780 e
476 1749 576 1780 curuli
607 1749 692 1780 sella
716 1749 803 1780 dicas
817 1749 873 1788 jus
897 1748 1022 1789 populis
1031 1759 1044 1786 ;
1078 1749 1217 1780 basiator
1240 1750 1383 1780 ascendet
1405 1749 1473 1788 illa,
1499 1751 1592 1789 atque
1610 1748 1683 1778 illa:

216 1792 406 1823 osculabitur
422 1792 663 1830 febricitantem
687 1796 717 1823 et
744 1792 892 1832 flentem.
963 1791 1092 1823 Libabz't
1121 1793 1258 1823 osculum
1293 1792 1452 1829 oscitanti,
1484 1794 1514 1822 et
1540 1790 1686 1822 natanti:

217 1836 326 1866 libabit
339 1839 369 1866 et
384 1836 517 1867 cacanti.
567 1835 699 1867 Unicum
714 1838 762 1867 est
777 1834 946 1865 remedium
968 1835 1057 1874 mali,
1073 1835 1160 1866 ineas
1174 1835 1346 1866 amicitiam
1361 1844 1430 1866 cam
1444 1844 1478 1866 eo
1494 1844 1583 1875 quem
1597 1843 1686 1865 oscu-

218 1880 278 1911 lari
292 1879 382 1910 nolis.

837 1929 1065 1942 “mute“

216 2002 380 2029 notatur:
425 1997 573 2029 ‘Graece
604 2001 718 2028 tamen
749 1996 875 2028 dicitur
905 1995 1149 2037 m'ppmovJ—lo
1183 1997 1318 2036 Auferet
1356 1996 1433 2028 cod.
1458 1995 1686 2027 Beverl.—12

222 2041 320 2072 Vena.
347 2039 429 2072 edd.
451 2045 540 2072 vett.
568 2045 604 2071 et
630 2040 758 2081 Delph.
786 2045 822 2072 et
843 2040 989 2072 Farnab.
1013 2040 1054 2072 In
1077 2051 1185 2081 marg.
1218 2041 1273 2072 ed.
1300 2041 1382 2072 Par.
1407 2042 1503 2072 161⁷.
1524 2043 1687 2071 notatur:

216 2085 225 2100 ‘
239 2084 333 2115 Fort.
350 2082 536 2115 rind.'—l5
561 2083 697 2124 Senique
711 2083 770 2115 dat
795 2084 970 2115 Schrevel.
988 2089 1025 2115 et
1041 2084 1110 2116 ait:
1144 2087 1154 2102 ‘
1172 2084 1286 2116 Palat.
1303 2084 1387 2125 legit
1398 2083 1514 2123 senice,
1531 2083 1611 2125 [hoc
1626 2082 1689 2114 dat

218 2127 273 2159 ed.
290 2126 413 2167 Barb.]
437 2136 500 2159 nec
514 2126 636 2159 dubito
652 2127 797 2168 intelligi
815 2127 1026 2168 praeturam.’

880 2230 1022 2264 NOTAE

261 2319 283 2348 9
307 2316 350 2346 Et
362 2316 517 2357 nuptiale]
555 2316 632 2349 Hoc
647 2321 712 2358 est,
726 2322 831 2360 atque
846 2328 924 2350 eum
981 2318 1120 2351 cebant.

217 2367 367 2407 basiant,
392 2367 451 2408 qui
474 2377 562 2408 pura
591 2377 653 2401 sua
672 2369 790 2401 oscula
812 2374 927 2401 servat
1023 2372 1066 2401 23
1090 2369 1204 2401 Facias
1220 2367 1370 2408 amicum]
1408 2367 1458 2400 Ut
1482 2367 1587 2400 basiis
1603 2368 1687 2401 nihil

218 2416 331 2458 uxori,
345 2417 402 2448 vel
416 2426 564 2458 sponsae.
982 2422 1027 2452 sit
1043 2429 1141 2461 opuS‚
1157 2419 1278 2461 quibus
1301 2424 1394 2451 tuam
1412 2418 1478 2451 sibi
1501 2419 1685 2452 amicitiam

264 2472 305 2501 18
329 2469 455 2510 Curuli]
491 2470 584 2501 Sella
613 2480 737 2513 nempe
763 2471 927 2512 eburnea,
983 2471 1147 2505 conciliet
1161 2470 1326 2503 basiator.

221 2522 257 2554 in
273 2530 339 2564 qua
365 2519 525 2553 sedentes
552 2521 774 2563 magistratus
797 2523 855 2564 jus
877 2523 928 2555 di-
