1893 3225
590 245 994 275 levicleMMA'rUM
1035 246 1075 273 m
1091 247 1127 275 ις.
1163 247 1210 275 x.
1542 237 1625 278 '797

844 384 975 425 CIII.

426 475 492 504 AD
528 474 798 504 MUNlcn‘Es
833 474 953 504 suos
990 474 1361 504 Rihsslhl'rANos.

170 540 472 592 Mummium,
496 541 697 595 Augusta
717 542 823 583 mihi
844 539 955 596 quos
977 542 1154 583 Bilbilis
1176 543 1265 582 acri

225 608 376 650 Monte
397 614 528 660 creat,
544 610 712 663 rapidis
733 623 862 663 quem
883 610 991 650 Salo
1014 610 1148 662 cingit
1165 610 1319 663 aquis3

167 675 338 729 Ecquid
359 677 466 719 laeta
480 676 608 731 juvat
630 679 761 718 vestri
782 690 861 718 vos
880 677 1020 730 gloria
1041 678 1191 718 vatis?

223 744 342 785 Nam
364 745 497 786 decus
519 750 560 786 et
579 759 749 795 nomen,
770 745 977 798 famaque
1000 751 1149 786 vestra
1169 759 1337 787 sumus.

166 811 262 853 Nec
283 826 366 854 sua
384 814 483 867 plus
504 813 639 854 debet
654 813 773 854 tenui
794 812 976 854 Verona
994 813 1189 862 Catullo,
1593 814 1621 853 5

221 879 386 933 Meque
407 881 513 922 velit
533 881 623 922 dici
645 895 732 922 non
752 881 895 921 minus
915 881 989 922 illa
1010 894 1152 922 suum.

163 946 367 997 Quatuor
386 950 574 990 accessit
590 949 815 1002 trigesima
835 949 1058 989 messibus
1080 954 1231 998 aestas,

221 1015 283 1056 Ut
306 1017 401 1057 sine
423 1030 492 1057 me
514 1016 661 1058 Cereri
679 1018 844 1058 rustica
863 1018 955 1058 liba
976 1017 1108 1058 datis.

161 1082 333 1124 Moenia
354 1084 455 1124 dum
478 1085 664 1126 colimus
685 1085 875 1126 dominae
896 1084 1189 1139 pulcherrima
1208 1084 1387 1134 Romae,

218 1150 445 1193 Mutavere
466 1165 585 1193 meas
608 1153 725 1194 Itala
745 1166 877 1207 regna
897 1167 1068 1194 comas.
1562 1152 1620 1192 10

158 1220 381 1274 Excipitis
402 1221 606 1262 reducem
628 1222 811 1275 placida
831 1223 869 1262 si
887 1226 1047 1271 mente,
1070 1221 1297 1262 venimus:

212 1287 387 1343 Aspera
408 1289 446 1329 si
468 1289 616 1343 geritis
638 1290 789 1340 corda,
811 1290 952 1331 redire
972 1289 1094 1331 lIcet.

200 1413 231 1445 Ο
248 1414 430 1454 municipes,
453 1424 525 1454 quos
538 1414 614 1445 milii
625 1414 769 1455 producit
788 1418 924 1455 augusta
949 1414 1075 1446 Bilbilis
1100 1417 1203 1445 meme
1218 1423 1338 1454 aspero,
1351 1422 1425 1453 quos
1443 1412 1614 1443 circumdat

156 1456 231 1487 Salo
253 1457 404 1488 velocibus
419 1457 510 1488 undis
521 1468 533 1494 ,·
555 1459 704 1497 numquid
718 1457 804 1488 vobis
816 1459 920 1498 placet
935 1458 1009 1488 laeta
1022 1457 1126 1496 gloria
1141 1457 1238 1487 vestri
1250 1454 1375 1496 poe'toe?
1416 1456 1500 1486 Nam
1529 1466 1619 1486 orna-

154 1503 303 1537 mentum,
320 1503 349 1531 et
376 1510 495 1537 nomen,
514 1504 544 1531 et
565 1500 657 1539 fama
674 1503 778 1531 vestra
797 1511 911 1532 sumus.
956 1501 1027 1531 Nec
1049 1501 1175 1538 elegans
1191 1499 1334 1530 Catullus
1344 1500 1414 1538 plus
1430 1499 1558 1529 meritus
1573 1502 1617 1528 cst

155 1544 192 1573 de
207 1552 263 1572 sua
284 1543 413 1582 Verona,
430 1553 485 1574 nec
499 1543 554 1573 illa
569 1544 671 1573 mimis
685 1544 790 1584 cupiat
802 1554 849 1574 me
864 1544 927 1574 dici
943 1552 1041 1573 suum.
1074 1543 1161 1573 Dum
1173 1552 1219 1573 me
1235 1542 1357 1572 absente
1374 1540 1496 1581 offertis
1510 1541 1618 1571 Cereri

156 1584 219 1615 liba
234 1586 364 1621 rustica,
381 1589 513 1626 quatuor
528 1589 557 1616 et
573 1586 712 1625 triginta
728 1587 803 1616 (mni
818 1587 915 1626 elapsi
928 1589 1010 1617 sunt.
1038 1586 1122 1616 Dum
1139 1584 1268 1616 colimus
1280 1585 1505 1624 pulcherrimos
1516 1595 1618 1615 pucros

157 1629 266 1659 Romoe
279 1629 424 1668 dominae,
439 1629 524 1659 Itala
539 1639 636 1667 regna
652 1632 848 1659 mutaverunt
862 1639 944 1660 meos
955 1628 1091 1669 capillos.
1136 1628 1333 1667 Accedimus,
1348 1628 1375 1658 sz·
1390 1627 1504 1658 lubenti
1516 1628 1618 1658 animo

155 1670 303 1711 excipitis
314 1672 455 1703 reducem
464 1682 475 1703 .·
497 1671 524 1702 si
534 1671 650 1712 geritis
663 1673 755 1703 corda
771 1681 893 1712 aspera,
901 1671 959 1710 sas
972 1672 1033 1703 erit
1047 1671 1174 1702 reverti.

763 1756 977 1768 onst-‘euve‘
982 1756 1000 1766 ο

194 1810 275 1841 Suos
290 1810 420 1842 omittit
432 1810 507 1842 cod.
534 1810 714 1842 Pulmann.
741 1810 919 1842 Biblitanos
935 1819 994 1851 pro
1013 1809 1150 1841 Bilbilit.
1168 1809 1222 1840 ed.
1241 1809 1344 1840 Barb.
1362 1809 1474 1840 nescio
1491 1818 1532 1840 an
1553 1819 1613 1850 per

151 1863 311 1884 errorem.
359 1853 413 1885 Ad
438 1854 644 1885 Bilbilitanos
667 1863 760 1893 agros
775 1854 856 1884 edd.
874 1856 1021 1884 vett.-l
1051 1853 1098 1884 M.
1129 1853 1395 1891 augusta...agri
1419 1852 1500 1883 edd.
1523 1858 1609 1884 vett.

149 1896 334 1927 Bilbilitano
350 1906 413 1938 pro
429 1897 559 1928 Bilbilis
573 1907 604 1928 α.
621 1898 696 1927 cod.
717 1897 851 1927 Reverl.
883 1897 956 1927 Alto
974 1905 1034 1936 pro
1050 1896 1115 1926 acri
1131 1895 1207 1926 cod.
1224 1896 1404 1926 Pulmann.
1422 1896 1614 1926 videantur

151 1939 232 1971 Not.
248 1940 392 1971 Var.——2
417 1941 560 1981 Rapidus
584 1939 663 1970 edd.
690 1939 864 1971 Schrevel.
891 1940 1008 1970 Maitt.
1026 1938 1132 1969 Barb.
1158 1939 1243 1974 Quos
1259 1938 1336 1969 edd.
1364 1943 1450 1969 vett.
1484 1941 1492 1955 ‘
1515 1939 1613 1974 Quem

148 1982 256 2013 Scriv.
278 1989 311 2013 et
329 1984 396 2015 Ms.
413 1983 552 2014 noster.’
576 1983 714 2015 Farnub.
759 1983 818 2014 Sic
829 1983 913 2013 daut
927 1981 1029 2012 codd.
1046 1982 1227 2012 Pulmann.
1253 1981 1399 2012 BeverL'
1437 1981 1446 1997 ‘
1460 1981 1537 2012 An?
1562 1982 1606 2011 ri-

143 2026 237 2063 gidus
252 2025 323 2066 (vel
339 2025 470 2066 rigidis)
486 2036 574 2067 quem
589 2026 624 2058 S.
661 2027 730 2057 Pro
746 2025 847 2065 cingit
860 2025 1087 2066 conjiciebam
1097 2025 1248 2064 stringit:
1271 2033 1335 2054 non
1354 2033 1458 2065 urgeo
1473 2025 1613 2055 tamen.’

148 2068 200 2099 De
218 2069 381 2110 Rooy.—7
405 2070 566 2110 Mensihus
581 2069 655 2101 cod.
679 2069 814 2101 Beverl.

806 2154 948 2187 NOTAE

189 2224 204 2252 1
232 2219 425 2261 Municipes]
466 2221 543 2252 Hoc
581 2225 647 2261 est,
683 2221 714 2252 Ο
754 2221 847 2252 cives
903 2224 1015 2259 vocat,
1042 2220 1105 2250 hoc
1129 2223 1194 2258 est,
1210 2219 1399 2259 elegantem
1417 2219 1470 2249 vel
1487 2219 1611 2261 levem,

144 2271 333 2303 Bilbilitani
347 2272 412 2303 mei
429 2273 625 2313 populares.
902 2271 992 2312 qnod
1010 2280 1127 2301 versus
1144 2270 1302 2308 leviores,
1319 2274 1471 2308 teneros,
1489 2275 1525 2300 et
1550 2271 1608 2302 de-

185 2322 316 2353 Bilbilis
329 2323 412 2363 acri]
436 2323 503 2354 Alii
527 2323 656 2354 Bilbilis
680 2323 765 2362 agri,
790 2322 847 2353 alii
901 2321 1118 2353 licatissimos
1130 2320 1317 2360 scripserit,
1329 2321 1431 2361 Epig.
1444 2324 1497 2352 62.
1511 2322 1570 2353 lib.
1585 2332 1608 2353 1.

146 2372 272 2403 Bilbilis
283 2373 470 2414 ulto,Epig.
485 2377 537 2405 50.
552 2373 612 2405 lib.
628 2383 654 2405 1.
678 2374 687 2390 ‘
705 2372 848 2404 Videbis
945 2374 964 2402 8
988 2372 1122 2402 Rustica
1157 2370 1237 2410 liba]
1277 2371 1363 2404 Qnae
1401 2370 1529 2403 fiebant
1562 2383 1606 2403 ex

144 2425 260 2464 altam,
289 2425 439 2466 Liciane,
465 2425 639 2458 Bilbilim?
683 2425 751 2457 Ubi
778 2426 847 2466 egi-
902 2424 1005 2461 laete,
1039 2431 1183 2461 sesamo,
1218 2425 1255 2452 et
1285 2422 1410 2453 melle:
1445 2423 1606 2455 Cererem

144 2485 218 2506 mus
235 2475 336 2506 etiam
353 2475 394 2507 de
411 2477 536 2509 salone
552 2477 667 2509 fluvio.
900 2482 982 2505 vero
998 2478 1037 2504 ut
1051 2471 1186 2513 frugum
1204 2472 1431 2505 inventricem
1445 2474 1605 2506 colebant

188 2530 206 2557 3
234 2527 353 2568 Ecquid
379 2529 465 2569 loeta]
487 2529 577 2561 Vide
602 2530 701 2570 Epig.
718 2531 772 2561 (52.
787 2528 844 2560 lib.
899 2526 1033 2558 rustici.

145 2587 170 2607 1.
198 2577 227 2609 A
256 2579 357 2610 claris
381 2580 492 2620 poetis
514 2581 659 2611 multum
675 2579 845 2610 iuustran-
943 2580 983 2608 10
1008 2577 1173 2608 Mutavere
1189 2576 1287 2617 meas]
1312 2578 1388 2610 Hoc
1413 2582 1477 2620 est,
1506 2588 1601 2611 cana:

144 2633 200 2658 tur
231 2627 400 2660 civitates.
456 2631 465 2647 ‘
481 2630 642 2662 Tenuem’
674 2630 844 2662 Catullum
897 2627 998 2660 factae
1016 2633 1093 2659 sunt
1109 2637 1193 2659 meae
1211 2638 1330 2660 comae.
