1893 3225
256 203 342 243 576
743 212 793 241 Μ.
826 212 941 242 vAL.
977 211 1255 241 MAR'rlAms

255 303 327 343 Tu
348 307 496 343 tamen
517 303 600 344 hoc
620 303 780 353 mavis,
802 302 945 343 Latiae
968 302 1086 356 quod
1110 301 1292 354 contigit
1313 300 1427 350 urbi,
1683 313 1711 340 o

315 370 471 411 Mense
493 375 568 411 tuo
588 370 810 420 reducem,
830 370 858 411 J
864 383 959 419 aue,
981 369 1125 410 videre
1156 369 1311 409 Deum.

255 471 355 502 omnis
369 471 508 510 dignitas
522 474 683 502 veneretur
696 475 727 502 te
736 482 746 502 .·
758 472 955 502 nihilominus
968 471 1069 510 magis
1081 471 1135 501 hoc
1147 469 1208 500 tibi
1221 469 1334 509 placet,
1349 468 1428 509 quod
1438 466 1551 498 accidit
1567 465 1637 496 urbi
1652 465 1713 496 La-

252 514 320 555 tice,
332 517 473 554 spectare
489 515 595 545 Deum
606 524 761 545 reversum
772 525 872 546 mense
887 518 950 545 tuo.

918 556 1064 589 NOTAE

254 610 405 641 mebant.
430 609 532 641 ovid.
544 610 637 642 Fast.
653 620 676 641 ι.
700 610 709 627 ‘
723 610 870 651 Jamque
881 610 958 641 novi
1057 612 1074 639 5
1101 607 1171 638 Hoc
1185 606 1299 646 mavis]
1338 604 1574 637 Domitianum
1591 613 1713 644 nempe

255 667 414 700 praeeunt
439 659 572 700 fasces;
605 670 692 692 nova
717 670 868 701 purpura
895 660 959 692 fui·
1015 659 1172 689 reducem
1198 657 1325 696 videre,
1342 666 1440 698 quam
1456 655 1522 686 coli
1548 655 1591 686 ab
1609 654 1714 686 omni-

256 710 418 749 get,‘&c.
1013 711 1077 742 bus
1115 709 1367 750 magistratibus
1402 717 1516 739 meuse
1548 706 1713 739 Januario

303 761 414 791 Omnis
429 760 538 801 honos]
563 760 639 792 Hoc
651 764 717 802 est,
731 761 875 802 quilibet
892 771 959 792 ma-
1015 762 1076 793 tibi
1093 761 1268 793 dedicato.

257 811 432 851 gistratus.

938 887 1015 929 Pi

676 979 742 1009 AD
776 980 1010 1017 QUINTUM
1046 981 1108 1010 DE
1141 979 1296 1009 HYLA.

255 1046 486 1087 SOLVERE
509 1047 766 1087 dodrantem
788 1060 926 1101 nuper
947 1048 1042 1097 tibi,
1066 1047 1246 1098 Quinte,
1269 1048 1444 1088 volebat

313 1113 485 1166 Lippus
507 1113 676 1166 Hylas:
709 1115 856 1155 luscus
877 1116 970 1155 vult
991 1116 1094 1156 dare
1117 1115 1356 1156 dimidium.

253 1179 426 1234 Accipe
445 1182 768 1234 quamprimum
789 1196 798 1223 :
832 1183 978 1223 brevis
999 1186 1063 1223 est
1084 1183 1266 1223 occasio
1288 1182 1414 1223 lucri.

311 1249 360 1289 Si
380 1248 507 1290 fuerit
527 1262 690 1300 caecus,
712 1250 774 1289 nil
796 1251 879 1290 tibi
899 1250 1044 1292 solvet
1066 1251 1223 1305 Hylas,

298 1349 330 1380 O
346 1348 472 1387 Quinte,
494 1359 591 1390 nuper
608 1349 711 1390 Hylas
725 1349 858 1389 lippiens
884 1350 1005 1380 volebat
1029 1349 1087 1380 tihi
1110 1350 1226 1380 solvere
1253 1359 1360 1380 notem
1378 1349 1484 1380 uncias
1498 1359 1509 1379 .·
1531 1351 1638 1388 captus
1651 1357 1711 1378 uno

252 1393 335 1422 omclo
353 1393 413 1422 vult
430 1394 505 1423 dare
520 1402 584 1423 sex.
619 1393 734 1432 Accipe
745 1394 854 1423 statim
870 1403 880 1424 .·
903 1393 1019 1423 occasio
1032 1397 1167 1433 quoescns
1182 1392 1329 1424 faciendi
1342 1393 1442 1423 brevis
1455 1395 1511 1423 est.
1555 1391 1592 1422 Si
1608 1391 1712 1430 Hylas

253 1434 549 1475 excoecatusfuerit‚
564 1435 642 1465 nihil
656 1436 714 1465 tibi
729 1437 836 1466 solvet.

864 1487 1083 1498 oeaeaememeaee
1087 1487 1103 1498 o

295 1532 346 1562 Aa
361 1531 511 1566 Quintum
527 1531 704 1571 inscriptio
721 1536 773 1562 est
789 1531 822 1562 iu
840 1531 918 1562 edd.
937 1536 1023 1562 vett.
1052 1531 1133 1562 Ald.
1155 1531 1252 1564 Junt.
1270 1531 1379 1563 Colin.
1404 1529 1535 1571 Gryph.
1550 1529 1713 1560 Pulman.

251 1573 356 1613 Lang.
368 1575 484 1604 Plant.
501 1574 639 1605 Juuian.
654 1579 718 1604 occ.

911 1616 1050 1647 NOTAE

295 1685 310 1712 1
337 1682 460 1713 Solvere
476 1681 671 1721 dodrantem]
703 1681 780 1713 Hoc
805 1686 869 1720 est,
896 1691 954 1712 no·
1010 1681 1163 1712 morbum
1180 1682 1309 1714 Quinto
1326 1691 1386 1712 suo
1403 1679 1564 1712 creditori
1581 1678 1711 1710 solvere

251 1743 326 1762 vem
344 1733 461 1762 uncias
477 1742 484 1761 :
517 1733 714 1772 plerumque
732 1742 860 1762 summa
882 1741 955 1761 cre·
1011 1733 1169 1771 volebat;
1193 1742 1269 1763 mox
1296 1732 1418 1763 amisso
1443 1741 1508 1761 uno
1526 1730 1637 1768 oculo,
1651 1739 1711 1760 sex

251 1782 434 1821 dita‚sicut
448 1781 813 1819 hae1·editas,dividitur
827 1782 860 1811 in
872 1782 954 1811 duo·
1009 1788 1143 1813 tantum
1159 1783 1303 1813 reddere
1331 1783 1449 1821 voluit,
1465 1791 1545 1823 quas
1560 1781 1711 1825 brgviter

252 1834 363 1864 decim
395 1833 523 1872 uncias,
547 1843 622 1873 quae
651 1842 755 1863 assem
777 1831 951 1863 efficiunt:
1009 1833 1225 1872 accipiendas
1247 1831 1369 1863 festive
1397 1837 1511 1863 monet
1530 1831 1650 1870 Poeta,
1666 1840 1709 1861 ne

250 1885 304 1915 hic
318 1893 399 1913 vero
415 1883 525 1922 Hylas
543 1883 679 1913 debitor
703 1893 778 1913 eum
803 1882 955 1922 lippiret‚
1009 1883 1102 1922 Hyla
1118 1893 1209 1914 caeco
1224 1882 1316 1914 facto
1336 1882 1481 1914 solidum
1508 1891 1617 1913 assem
1635 1891 1709 1922 per-

252 1943 373 1965 novem
397 1938 530 1964 tantum
557 1933 669 1964 uncias
696 1938 838 1974 propter
864 1934 954 1964 huuc
1008 1934 1107 1964 deret
1123 1933 1281 1966 Quintus.

956 2043 1021 2084 X.

847 2133 910 2162 DE
945 2133 1109 2164 BASSO.

366 2199 496 2241 Em'r
519 2200 721 2240 lacernas
741 2200 939 2241 millibus
962 2202 1114 2242 decem
1136 2203 1309 2243 Bassus

363 2268 523 2321 Tyrias
543 2269 704 2309 coloris
726 2269 902 2322 optimi:
934 2269 1166 2311 lucrifecit.

363 2334 493 2376 Adeo
515 2337 622 2376 bene
640 2337 775 2378 emit?
806 2338 977 2391 inquis:
1010 2339 1142 2379 immo
1162 2351 1251 2379 non
1273 2337 1421 2379 solvit.

292 2430 413 2460 Bassus
428 2433 580 2471 mercatus
595 2434 640 2460 est
656 2431 758 2460 decem
784 2430 921 2460 millibus
936 2430 1074 2461 lacernas
1094 2432 1204 2472 Tyrias
1219 2431 1330 2472 optimi
1345 2429 1476 2467 coloris;
1497 2430 1633 2460 lucratus
1648 2431 1705 2461 est.

250 2473 380 2504 Adeone
395 2473 451 2503 vili
464 2473 575 2513 pretio
588 2477 739 2504 mercatus
751 2476 797 2503 est
811 2471 826 2504 ξ)
849 2474 940 2503 ιἰηιιηο
953 2483 1012 2504 non
1024 2474 1127 2506 solvit.

857 2548 879 2558 υ·

291 2583 310 2610 3
334 2579 402 2611 Alii
416 2580 556 2620 legunt:
581 2579 673 2610 immo
688 2590 748 2611 non
761 2582 868 2613 solvet.

908 2624 1048 2656 NOTAE

294 2690 309 2717 1
336 2687 479 2717 Milzihns
495 2687 610 2728 decem]
640 2688 845 2719 Sestertium
861 2689 949 2720 scili·
1047 2693 1065 2721 3
1091 2690 1188 2721 Immo
1214 2700 1274 2721 non
1302 2690 1408 2731 solvit]
1440 2690 1506 2721 Vel
1533 2689 1623 2732 quod
1639 2690 1705 2720 sol-

249 2742 317 2769 cet.
356 2737 412 2767 De
427 2738 584 2777 lacernis,
603 2748 678 2778 quae
697 2740 782 2779 togis
798 2740 950 2781 superin-
1004 2741 1114 2771 vendo
1138 2751 1205 2772 non
1222 2748 1325 2781 esset,
1338 2743 1390 2773 vel
1408 2742 1496 2783 quod
1510 2743 1584 2773 ilias
1597 2743 1703 2774 lacer-

249 2788 434 2818 duerentur
452 2787 492 2818 ad
507 2788 653 2819 arcenda
668 2788 808 2828 frigora,
824 2791 948 2830 saepius
1004 2801 1062 2822 uas
1081 2791 1168 2822 forte
1186 2790 1368 2824 suffuratus
1386 2797 1475 2824 essct
1487 2793 1624 2824 Bassus.

250 2839 378 2868 dictum
396 2847 509 2878 supra.
