1893 3225
591 247 810 278 EPlGRAM
821 249 995 280 MATUM
1035 250 1124 280 Llss.
1159 250 1247 280 ΧΗ.

1563 243 1649 283 879

851 444 990 487 XIV.

750 546 816 575 AD
850 545 1086 576 PRISCUM.

192 620 262 661 ΡΛ
274 633 415 665 [zelus
437 623 586 673 utaris,
605 637 777 675 moneo,
800 626 997 679 rapiente
1016 627 1190 677 veredo,

250 690 418 741 Prisce,
438 705 519 733 nec
542 692 587 732 in
609 692 780 746 lepores
802 698 894 734 tam
917 695 1138 736 violentus
1161 709 1254 738 eas.

192 757 324 812 Saepe
341 761 558 801 satisfecit
576 761 739 814 praedae
761 766 957 811 venator,
978 767 1022 803 et
1043 763 1135 803 acri

248 827 431 869 Decidit
451 841 687 878 excussus,
710 842 790 870 nec
811 829 1044 880 rediturus,
1066 844 1197 886 equo.

192 894 384 937 Insidias
406 900 451 937 et
472 909 659 950 campus
681 897 838 938 habet:
870 912 952 940 nec
975 899 1115 949 fossa,
1136 913 1218 940 nec
1239 912 1384 953 agger,

1617 903 1644 942 0!

250 963 349 1005 Nec
371 964 458 1006 sint
481 978 594 1006 saxa
615 965 738 1014 licet,
759 965 909 1006 fallere
929 966 1066 1019 plana
1087 967 1244 1008 solent.

193 1031 297 1072 Non
320 1032 501 1073 deerunt
522 1033 598 1086 qui
620 1037 740 1074 tanta
761 1033 843 1074 tibi
866 1035 1125 1087 spectacula
1144 1040 1374 1090 praestent,

246 1100 428 1142 Invidia
447 1102 529 1142 fati
551 1101 631 1142 sed
651 1102 815 1142 leviore
837 1102 1011 1144 cadant.

188 1168 237 1209 Si
259 1174 302 1209 te
323 1169 541 1210 delectant
562 1170 767 1211 animosa
786 1171 1000 1223 pericula,
1014 1171 1176 1213 Tuscis

244 1237 423 1292 (Tutior
439 1242 509 1278 est
528 1236 689 1290 virtus)
709 1238 967 1279 insidiemur
989 1240 1125 1293 apris.

1586 1242 1641 1282 10

183 1305 305 1356 Quid
322 1309 364 1347 te
383 1305 522 1346 fraena
535 1305 696 1358 juvant
717 1307 975 1347 temeraria?
1010 1308 1177 1361 saepius
1198 1308 1301 1358 illis,

243 1374 417 1423 Prisce,
440 1374 591 1415 datum
611 1379 681 1415 est
703 1375 899 1428 equitem
921 1388 1140 1430 rumpere,
1163 1389 1293 1430 quam
1313 1377 1526 1431 leporem.

231 1496 262 1527 Ο
281 1496 404 1534 Prisce,
426 1495 533 1526 hortor
548 1495 738 1526 moderatius
762 1496 866 1527 utaris
879 1497 974 1528 celeri
999 1498 1118 1536 veredo,
1140 1507 1195 1528 nec
1222 1500 1309 1528 tanto
1333 1496 1450 1537 impetu
1474 1498 1648 1539 insequaris

186 1540 314 1579 lepores.
360 1538 450 1578 Saepe
472 1541 598 1569 venator
614 1538 698 1568 dedit
712 1548 816 1578 poenas
840 1541 976 1578 praedae;
999 1543 1091 1580 atque
1106 1540 1172 1570 ucri
1195 1549 1270 1579 equo
1286 1549 1433 1571 excussus
1447 1542 1570 1580 cecidit,
1591 1552 1646 1573 nec

186 1591 378 1613 reversurus.
422 1582 467 1613 Et
492 1582 564 1619 agri
588 1581 701 1611 hubent
725 1582 866 1617 insidias,
891 1585 922 1612 et
949 1583 1088 1622 quamvis
1115 1593 1173 1613 non
1198 1583 1261 1613 siut
1286 1592 1377 1621 saxa,
1399 1593 1453 1614 nec
1467 1583 1568 1622 fossa,
1591 1595 1645 1616 nec

185 1635 293 1664 agger,
308 1626 400 1664 plana
411 1625 507 1654 solent
523 1623 754 1654 circumvenire.
803 1624 874 1655 Non
886 1626 1016 1656 deerunt
1032 1625 1084 1665 qui
1098 1626 1261 1655 exhibeant
1278 1625 1337 1656 tibi
1355 1629 1443 1657 tanta
1458 1629 1645 1667 spectacula,

184 1670 237 1698 sed
258 1669 370 1698 vadunt
386 1667 500 1697 minore
515 1667 631 1697 invidia
638 1665 719 1703 fati.

190 1711 319 1746 Tuscz's;
342 1712 443 1741 virtus
457 1713 500 1740 est
523 1709 653 1740 cautior.

765 1666 802 1697 Si
817 1668 956 1706 pericula
971 1668 1109 1698 animosa
1132 1668 1190 1698 tibi
1212 1670 1345 1708 placent,
1362 1669 1546 1700 insidiemur
1561 1672 1646 1711 apris

700 1709 785 1744 Quid
807 1713 836 1740 te
852 1711 1003 1741 delectant
1020 1720 1128 1742 cursus
1145 1710 1352 1751 praecipites?
1379 1711 1409 1741 Ο
1429 1712 1551 1753 Prisce,
1575 1723 1645 1744 con—

187 1754 262 1793 tigit
276 1753 390 1793 saepius
405 1752 468 1783 illis
473 1752 628 1791 frangere
644 1752 791 1792 equitem,
814 1763 905 1792 quam
920 1755 1063 1794 leporem.

807 1846 945 1857 οφιφφΝ
948 1847 1047 1858 ννννν

226 1907 245 1936 7
271 1904 385 1935 Deerit
409 1902 700 1934 BeverlandiMs.
719 1902 776 1943 qui
796 1903 900 1934 etiam
913 1907 1122 1943 proestet.—8
1142 1905 1244 1936 Cudut
1258 1905 1426 1937 idem—9
1442 1905 1576 1946 Legunt
1590 1907 1646 1938 alii

185 1952 220 1980 tu
231 1948 302 1980 scis.

841 2000 987 2032 NOTAE

229 2081 244 2109 1
286 2077 441 2117 Rapiente
470 2075 593 2116 veredo]
643 2077 796 2109 Tui-neb.
830 2077 888 2108 lib.

186 2139 295 2161 xvm.
323 2138 398 2168 cap.
425 2130 453 2158 l.
477 2127 604 2168 Opinio
619 2132 683 2166 est,
699 2127 819 2169 inquit,
836 2138 890 2158 ve-

184 2181 301 2212 redum
312 2188 432 2220 equum
446 2188 533 2217 esse,
546 2179 603 2218 qui
615 2178 715 2209 vehat
728 2178 886 2209 rhedam:

184 2233 243 2263 sed
275 2241 337 2271 ego
365 2229 524 2261 veredum
555 2239 677 2270 equum
705 2234 802 2270 puto,
828 2229 885 2270 qui

184 2292 295 2323 neque
310 2280 461 2320 rhedam,
484 2289 596 2320 neque
623 2280 742 2310 cisium
760 2279 887 2318 trahat,

184 2335 247 2363 &c.
300 2331 433 2363 Gallice
460 2331 566 2371 possis
595 2330 817 2371 interpretari
844 2341 886 2360 un

183 2393 320 2414 coureur.

227 2436 245 2464 7
272 2434 343 2463 Non
357 2432 502 2473 deerunt]
525 2431 592 2464 Alii
609 2432 754 2473 scilicet,
780 2432 835 2473 qui
853 2437 885 2463 te

185 2483 451 2515 comitabuntur.

227 2538 247 2566 8
270 2535 330 2566 Sed
344 2534 471 2574 leviore]
505 2534 573 2565 Sed
599 2535 708 2565 minor
724 2539 776 2566 est
805 2535 885 2566 alio-

185 2596 257 2617 rum
274 2587 422 2626 jactura,
442 2590 478 2616 et
492 2585 598 2616 levior
613 2585 691 2617 inde
708 2586 836 2618 invidia
851 2586 885 2617 in

182 2638 290 2668 Deos.
316 2635 402 2667 Vide
414 2634 475 2666 lib.
492 2644 515 2667 1.
532 2635 631 2676 Epig.
647 2638 698 2667 13.

987 2080 1007 2108 9
1028 2078 1194 2119 Animosa]
1236 2077 1278 2108 In
1310 2076 1431 2119 quibus
1469 2087 1554 2118 opus
1593 2082 1645 2109 est

943 2139 1064 2169 magna
1081 2128 1295 2160 fortitudine.

986 2180 1109 2220 Tuscis]
1152 2179 1353 2219 Ingentibus
1391 2183 1426 2211 et
1462 2179 1644 2221 ferocibus,

940 2231 1054 2271 quales
1066 2230 1167 2261 habet
1178 2230 1322 2261 Tuscia:
1338 2229 1395 2261 lib.
1406 2231 1575 2271 V11.Epig.
1588 2234 1642 2263 27.

939 2281 948 2298 ⁴
962 2281 1087 2311 Tuscae
1106 2280 1236 2320 glandis
1252 2290 1335 2321 aper
1355 2281 1557 2322 populator!
1578 2281 1645 2313 Le-

940 2338 1025 2372 gunt
1041 2333 1110 2372 alii,
1146 2335 1181 2363 tu
1203 2332 1354 2371 scis,hoc
1381 2337 1445 2372 est,
1462 2338 1497 2364 tu
1520 2334 1645 2366 novisti

941 2393 1011 2414 rem
1028 2382 1075 2413 ita
1093 2392 1128 2413 se
1145 2383 1282 2413 habere.
1306 2383 1419 2424 Eligat
1435 2384 1557 2417 lector.

985 2437 1024 2464 10
1051 2434 1158 2464 Tutior
1170 2437 1216 2464 est
1225 2433 1342 2473 virtus]
1357 2434 1443 2464 Nam
1457 2433 1499 2465 ab
1515 2435 1644 2467 insidiis

941 2485 1048 2525 magis
1065 2484 1128 2515 sibi
1143 2488 1289 2515 caveant
1307 2489 1499 2515 venatores.

984 2538 1024 2565 12
1050 2534 1194 2574 Equitem
1215 2534 1372 2575 rumpere]
1396 2534 1436 2565 In
1463 2536 1524 2566 hac
1549 2536 1641 2577 lepo-

939 2594 1012 2615 rum
1037 2584 1218 2615 venatione
1235 2585 1360 2624 saepius
1377 2591 1515 2617 venator
1529 2586 1641 2618 incau-

940 2641 994 2667 tus
1011 2636 1127 2677 periit,
1140 2645 1238 2677 quam
1256 2635 1364 2676 lepus.
