1960 3230
340 241 424 282 498
818 249 865 277 M,
901 248 1010 277 vAr„
1047 248 1321 278 MART1A121s

342 347 392 387 In
414 347 556 387 lucem
576 349 722 387 coenat
741 344 992 387 Sertorius:
1025 345 1124 394 Ole,
1146 346 1253 400 quid
1277 346 1332 386 ad
1357 351 1397 386 te
1411 349 1428 384 ’ἱ
1772 359 1799 386 0

399 414 512 455 Cum
526 414 660 456 liceat
681 418 777 454 tota
794 418 969 455 stertere
989 418 1115 454 nocte
1137 414 1231 454 tibi.

342 483 631 536 Septingenta
650 481 754 524 Tito
775 482 900 522 debet
917 483 1097 534 Lupus:
1130 481 1229 532 Ole,
1250 481 1355 536 quid
1378 481 1433 522 ad
1447 483 1517 522 te‘?

398 550 557 591 Assem
578 563 632 590 ne
653 549 839 599 dederis,
862 549 1156 591 crediderisve
1178 550 1321 604 Lupo.

342 619 458 660 lllud
480 618 751 667 dissimulas,
774 617 831 658 ad
853 621 895 658 te
918 617 1038 670 quod
1060 618 1267 671 pertinet,
1286 616 1385 667 Ole,

399 687 621 742 Quodque
642 686 785 740 magis
807 698 926 727 curae
950 686 1154 727 convenit
1175 700 1272 726 esse
1292 693 1395 727 tuae.
1744 688 1798 727 10

342 757 430 797 Pro
454 756 602 809 tog-ula
623 755 782 796 debes:
813 754 895 794 hoc
916 753 972 794 ad
992 758 1032 794 te
1053 754 1250 807 pertinet,
1274 753 1369 794 Ole.

398 823 702 874 Quadrantem
720 835 848 863 nemo
861 821 957 875 jam
979 821 1060 862 tibi
1077 821 1244 862 credet:
1276 826 1318 862 et
1339 822 1436 862 hoc.

339 891 467 933 Uxor
487 891 663 933 moecha
682 890 763 931 tibi
784 894 879 931 est:
913 890 996 930 hoc
1019 888 1076 930 ad
1094 894 1138 930 te
1158 889 1359 943 pertinet,
1383 889 1480 930 Ole.

396 959 553 1000 Poscit
565 959 660 1013 jam
681 957 828 999 dotem
847 957 941 998 filia
955 956 1156 1010 grandis:
1186 960 1228 997 et
1256 957 1352 998 hoc.

340 1027 502 1068 Dicere
523 1026 781 1080 quindecies
803 1030 1021 1079 poteram,
1042 1024 1158 1078 quod
1178 1026 1367 1078 pertinet
1388 1026 1444 1067 ad
1469 1032 1535 1067 te:
1743 1026 1800 1066 15

398 1094 484 1135 Sed
502 1094 607 1148 quid
630 1107 751 1147 agas,
776 1093 834 1134 ad
850 1106 919 1133 me
939 1092 1136 1146 pertinet,
1159 1091 1256 1142 Ole,
1276 1092 1397 1133 nihil.

380 1184 399 1201 ³*
422 1183 441 1201 ³⁵
467 1185 536 1222 Ole,
553 1183 714 1214 Sertorius
728 1186 827 1213 coenat
842 1183 882 1212 ad
898 1182 980 1212 diem
995 1190 1106 1221 usque:
1128 1182 1203 1222 quid
1217 1186 1352 1222 spectat
1377 1183 1416 1212 ad
1438 1185 1481 1220 te,
1506 1192 1573 1212 cum
1599 1180 1658 1212 tibi
1676 1181 1732 1220 fas
1755 1183 1799 1211 sit

337 1231 422 1258 arcte
435 1231 465 1258 et
480 1227 622 1266 graviter
637 1226 771 1256 dormire
787 1229 854 1256 tota
870 1222 981 1255 nocte?
1025 1224 1130 1263 Lupus
1153 1226 1239 1255 debet
1259 1227 1457 1264 septingenta
1477 1224 1567 1255 Tito.-
1586 1225 1656 1263 Ole,
1673 1226 1747 1264 quid
1759 1226 1798 1254 ad

337 1269 394 1303 te?
441 1271 491 1301 Ne
501 1279 599 1300 assem
612 1269 746 1309 quidem
762 1267 926 1299 donareris
937 1270 990 1297 aut
1002 1267 1171 1298 credideris
1183 1268 1280 1307 Lupo.
1328 1268 1397 1306 Ole,
1418 1271 1501 1298 taces
1517 1268 1560 1304 id,
1585 1268 1664 1307 quod
1679 1271 1799 1307 spectat

337 1315 377 1344 ad
393 1317 435 1352 te,
451 1317 481 1343 et
494 1314 572 1351 quod
586 1312 731 1351 congruit
742 1312 843 1350 magis
855 1315 917 1342 tuae
931 1310 1131 1341 solicitudini.
1178 1311 1279 1341 Debes
1288 1320 1344 1351 pro
1358 1312 1476 1350 togula,
1493 1311 1551 1341 Ole
1563 1320 1573 1340 .-
1595 1310 1649 1340 hoc
1662 1311 1799 1350 pertinet

335 1358 376 1387 ad
387 1359 429 1388 te.
476 1355 665 1393 Nullusjam
681 1354 740 1385 tibi
754 1358 860 1385 mutuo
884 1353 972 1384 dabit
995 1354 1220 1394 quadrantem:
1244 1358 1274 1384 et
1289 1354 1344 1384 hoc
1368 1354 1519 1394 pertinet
1540 1353 1580 1384 ad
1600 1359 1645 1384 te.
1692 1353 1801 1384 Habes

335 1399 492 1438 conjugem
515 1399 708 1429 adulteram:
730 1397 785 1428 hoc
799 1399 839 1428 ad
855 1400 885 1428 te
899 1397 1027 1435 attinet,
1055 1397 1124 1428 Ole.
1170 1397 1256 1428 Filia
1274 1396 1345 1435 jam
1363 1397 1498 1436 grandis
1518 1398 1597 1436 petit
1622 1397 1746 1427 dotem:
1769 1400 1799 1426 et

336 1444 402 1473 hoc.
448 1442 595 1472 Poteram
611 1441 785 1482 quindecies
798 1443 950 1481 repetere,
965 1439 1051 1475 Quid
1064 1440 1199 1480 pertinet
1215 1441 1254 1471 ad
1267 1444 1296 1471 te
1308 1438 1323 1471 ’.Γ
1368 1441 1425 1480 At,
1445 1439 1514 1479 Ole,
1534 1440 1612 1470 nihil
1627 1440 1741 1470 attinet
1759 1440 1799 1469 ud

338 1495 384 1516 me
400 1484 597 1525 quidfucias.

951 1546 1185 1559 eeeeeeeeeeee

338 1603 479 1634 exhibet
507 1601 616 1633 codex
646 1602 943 1633 Florentinum—8
967 1603 1077 1632 Assem
1101 1613 1172 1632 uum
1198 1603 1327 1632 dederas
1351 1601 1564 1632 crediderasve
1578 1599 1693 1640 Lupo?
1715 1600 1801 1639 legit

338 1646 506 1677 Antonius
531 1645 573 1675 de
604 1645 797 1684 Rooy.-—l2
824 1644 942 1674 Codex
968 1644 1262 1682 Pulmannizjam
1290 1644 1350 1674 tibi
1372 1644 1573 1674 credis,—l5
1599 1642 1680 1674 Aid.
1699 1643 1798 1676 Juut.

337 1689 446 1720 Colin.
463 1689 595 1729 Gryph.
621 1688 736 1718 piant.
767 1687 905 1719 Junian.
931 1688 1037 1727 Laug.
1066 1692 1101 1717 et
1131 1687 1258 1728 Delph.
1282 1687 1357 1727 quid
1383 1687 1521 1727 pertinet
1545 1687 1585 1716 ad
1610 1684 1665 1718 te?
1689 1686 1801 1717 Lecti-

335 1742 434 1764 onem
460 1737 610 1762 nostram
625 1735 775 1761 testatur
788 1729 896 1760 codex
912 1730 1105 1760 Pulmanni.

998 1783 1143 1815 NOTAE

378 1846 397 1872 5
432 1841 471 1872 In
497 1840 608 1880 lucem]
648 1839 732 1870 Suas
770 1838 1039 1879 compotationes
1095 1842 1148 1868 est
1172 1843 1282 1878 pater,
1296 1847 1371 1868 cum
1386 1838 1477 1868 illam
1495 1837 1613 1868 dotare
1629 1843 1801 1878 teneatur,

334 1892 504 1933 protrahit
518 1890 700 1922 Sertorius.
1095 1890 1178 1930 Leg.
1198 1898 1276 1920 xlx.
1293 1888 1327 1920 ff.
1343 1889 1385 1919 de
1402 1889 1485 1920 Ritu
1504 1889 1721 1929 Nuptiarum.

378 1945 397 1973 7
422 1940 642 1982 Septingenta]
665 1939 834 1971 sestertia
848 1948 983 1979 nempe.
1140 1944 1178 1972 15
1203 1942 1319 1972 Dicere
1347 1940 1535 1982 quindecies]
1569 1942 1695 1972 Sensus
1726 1948 1798 1973 est:

381 1996 400 2024 8
426 1992 657 2032 Crediderisve]
683 1991 770 2021 Nam
794 1990 821 2021 si
845 1990 926 2020 nihil
943 1990 1040 2030 Lupo
1097 1992 1177 2031 Ole,
1200 1997 1267 2023 tam
1285 1993 1436 2023 curiosus
1460 2002 1494 2023 es
1512 1992 1545 2023 in
1563 1992 1682 2023 alienis
1698 2002 1801 2033 nego-

336 2043 535 2082 credideris,
546 2047 627 2074 tunc
643 2052 724 2073 cura
740 2041 889 2073 vacabis.
1096 2043 1166 2081 tiis,
1198 2048 1235 2074 ut
1264 2043 1389 2083 pluries
1420 2046 1579 2084 repetere
1607 2044 1799 2084 potuerim:

381 2098 419 2126 ll
444 2095 509 2125 Pro
525 2092 646 2133 togula]
669 2093 779 2125 Quam
797 2091 944 2122 noudum
975 2091 1040 2122 sol·
1095 2093 1186 2126 Quid
1202 2093 1243 2124 ad
1261 2094 1316 2124 te?

335 2143 862 2184 visti‚ettamenaliorumdebita
872 2152 1039 2174 recenseS.
1138 2147 1178 2175 16
1203 2144 1266 2175 Sed
1291 2144 1363 2184 quid
1384 2143 1476 2183 agas]
1501 2144 1623 2175 Poetae
1646 2143 1799 2185 objicere

380 2200 420 2229 12
445 2194 676 2236 Quadrantem]
699 2195 776 2227 Hoc
799 2199 864 2236 est,
885 2201 1040 2237 quartam
1096 2200 1233 2236 poterat
1250 2195 1356 2226 Olus:
1382 2195 1471 2227 Quid
1504 2201 1552 2233 tu,
1577 2205 1596 2226 o
1622 2195 1804 2237 Martialis,

337 2249 417 2280 assis
432 2253 573 2289 partem.
1095 2246 1223 2285 satagis
1245 2255 1356 2276 rerum
1384 2246 1553 2276 mearum?
1581 2246 1802 2287 Quapropter

382 2303 420 2331 14
444 2300 550 2331 Poscit
566 2298 636 2338 jam
650 2299 768 2340 dotem]
790 2298 886 2329 Filiae
903 2297 1039 2330 debitor
1092 2297 1186 2328 illum
1202 2301 1348 2338 occupat
1362 2296 1485 2328 Poeta.

767 2498 830 2527 AD
862 2497 1040 2527 AULUM
1077 2497 1136 2526 PU
1149 2496 1370 2526 DENTEM.

509 2564 658 2605 Coels
680 2578 747 2605 me
768 2565 939 2605 calamo
960 2576 1180 2617 manuque
1202 2567 1353 2604 nostra

510 2632 755 2673 Emendare
776 2646 911 2684 meos,
934 2632 1131 2681 Pudens,
1145 2631 1330 2672 libellos.

381 2728 412 2758 0
433 2729 572 2769 Pudens,
586 2738 634 2760 me
649 2728 736 2768 cogis
749 2728 906 2768 corr1'gere
929 2738 1011 2759 meos
1025 2727 1119 2758 libros
1131 2728 1248 2758 calamo
1264 2731 1294 2758 et
1311 2738 1402 2758 manu
1414 2729 1555 2768 propria.
1603 2728 1631 2757 Ο
1647 2737 1738 2768 quam
1752 2727 1801 2758 ni-

942 2797 1062 2808 ΝφφΝ
1066 2796 1183 2808 ema-0

379 2841 434 2874 Aa
459 2843 635 2874 Pudentem
664 2842 844 2884 inscriptio
863 2846 915 2873 est
934 2842 966 2872 in
991 2841 1070 2873 Aul.
1100 2841 1197 2873 Junt.
1222 2842 1329 2873 Colin.
1349 2841 1482 2882 Gryph.
1500 2839 1658 2872 Pulman.
1676 2840 1792 2872 piant.

338 2885 476 2917 Junian.
493 2887 596 2926 Lang.
613 2889 676 2917 «Sec.
