1893 3225
557 232 961 263 ΕΡΙΟΒΑΜΜΑΤυΜ
999 231 1093 261 [ΑΒ.
1127 230 1231 260 xiv.
1507 217 1619 258 1039

779 421 1001 464 CXLIV.

750 524 1047 556 SPONGIA·

165 607 210 648 H
218 619 286 649 [ΕΟ
309 607 391 649 tibi
414 609 530 648 sorte
550 605 678 647 datur
697 602 923 656 tergendis
943 602 1135 656 spongia
1154 601 1318 642 mensis

221 676 369 726 Utilis,
384 687 597 729 expresso
617 687 717 715 cum
737 672 850 714 levis
870 672 1008 712 imbre
1030 674 1185 712 tumet.

205 786 286 817 Hoec
298 786 427 827 spongia
438 789 521 817 sorte
536 785 596 817 tibi
609 786 742 816 donatur
755 783 863 814 idonea
877 782 1085 814 maculandis
1098 782 1227 822 mensis,
1241 791 1310 812 cum
1325 780 1403 812 levis
1419 783 1523 820 turget
1539 789 1617 820 aqua

161 839 319 869 expressa.

774 878 971 890 mommo
976 878 1013 889 υ

205 929 224 958 2
254 925 370 959 Umbra
386 925 461 958 cod.
479 925 617 957 Beverl.

820 965 963 997 NOTAE

207 1049 222 1076 l
249 1045 342 1076 Sorte
356 1043 466 1084 datur]
502 1044 573 1074 Per
604 1046 731 1074 sortem
749 1042 868 1073 datum
965 1044 985 1072 2
1022 1042 1099 1072 Cum
1122 1041 1211 1083 levis]
1232 1040 1322 1072 Vide
1351 1040 1452 1081 Epig.
1481 1042 1535 1071 47.
1562 1038 1621 1069 lib.

159 1095 336 1127 fuissehoc
347 1104 464 1125 munus
482 1094 626 1126 videtur.
660 1093 749 1124 Vide
769 1093 868 1134 Epig.
924 1093 1025 1123 Χῐιῐ.ι
1044 1092 1094 1123 Ut
1121 1092 1206 1124 levis
1230 1097 1376 1133 accepta
1392 1092 1534 1133 spongia
1552 1095 1620 1121 tnr-

163 1149 236 1178 170.
263 1144 364 1176 infra.
396 1146 404 1162 ‘
419 1144 506 1176 Haec
529 1144 576 1176 illi
599 1144 671 1175 sine
690 1149 781 1175 sorte
810 1143 867 1174 da-
923 1147 980 1183 get
994 1142 1108 1184 aqua!

167 1195 247 1228 tur!

794 1327 990 1369 CXLV.

622 1429 833 1459 PAENULA
867 1428 1172 1459 GAUSAPINA.

163 1509 214 1550 Is
238 1509 343 1550 mihi
365 1508 530 1550 candor
550 1509 676 1557 inest,
698 1508 901 1548 villorum
924 1508 1064 1561 gratia
1085 1511 1205 1550 tanta
1232 1512 1314 1557 est,

220 1577 281 1619 Ut
302 1590 370 1618 me
390 1576 458 1617 vel
479 1575 624 1616 media
645 1588 816 1616 sumere
837 1587 982 1616 messe
999 1575 1125 1616 velis.

211 1699 317 1730 Habeo
333 1708 401 1729 eum
416 1698 560 1737 nitorem,
576 1700 606 1728 et
620 1699 740 1728 tantam
752 1695 1015 1737 pulchritudinem
1030 1697 1184 1736 villorum,
1199 1700 1231 1727 ut
1246 1695 1352 1737 cupias
1368 1705 1414 1727 me
1431 1696 1557 1727 induere
1573 1697 1621 1727 rel

164 1743 264 1775 media
275 1745 395 1773 oestate.

782 1791 1021 1803 eeaeeeeoaeaeeoo

208 1842 227 1870 2
256 1837 434 1871 Vestecod.
452 1837 590 1869 Beverl.

0 1881 6 1920 ἢ
826 1878 966 1912 NOTAE

209 1961 228 1989 2
256 1957 300 1988 Ut
312 1966 360 1988 me
375 1957 422 1987 vel
434 1955 550 1996 media]
576 1955 710 1996 Hyeme
727 1956 870 1987 Romani
926 1955 1079 1985 Baccara
1092 1953 1316 1995 gansapinas?
1334 1952 1383 1985 At
1405 1952 1476 1984 haec
1491 1953 1626 1994 paennla

164 2009 351 2042 utebantur
374 2007 565 2048 gausapinis
580 2017 587 2037 :
611 2007 712 2047 Epig.
729 2009 781 2037 59.
811 2006 872 2037 lib.
926 2006 1106 2046 gausapina
1124 2010 1193 2036 tam
1219 2004 1329 2036 nitida
1344 2011 1430 2045 erat,
1445 2009 1482 2036 ut
1497 2004 1548 2035 vel
1566 2014 1626 2035 aes-

2 2052 8 2104 ᾖ
167 2069 218 2090 vt.
239 2059 248 2076 ‘
266 2060 310 2090 Et
329 2058 438 2097 dolet,
464 2062 499 2089 et
530 2057 696 2098 queritur,
722 2057 786 2087 sibi
802 2066 869 2088 non
925 2060 996 2087 tate
1013 2055 1164 2097 potuerit
1180 2065 1250 2087 esse
1264 2055 1346 2088 usui.

165 2111 367 2151 contingere
390 2108 496 2149 frigus
511 2108 673 2149 >Propter
689 2111 868 2139 sexcentas

783 2258 1005 2300 CXLVI.

768 2359 1036 2388 CERVICAL.

168 2443 330 2485 TmGE
352 2444 491 2493 caput
504 2439 630 2481 nardi
649 2439 775 2489 folio,
799 2438 991 2480 cervical
1012 2437 1168 2479 olebit:

225 2508 428 2551 Perdidit
449 2512 715 2560 unguentum
736 2520 837 2548 cum
859 2520 1002 2557 coma,
1025 2507 1177 2561 pluma
1198 2510 1330 2548 tenet.

192 2598 319 2673 llmbue
335 2599 425 2669 caqut
443 2594 525 2633 folio
550 2595 653 2635 nardi,
672 2595 817 2636 pulvinus
828 2594 1011 2634 fragrabit:
1033 2604 1102 2626 cum
1121 2594 1225 2635 capilli
1240 2593 1411 2624 amiserunt
1426 2595 1627 2632 unguentum,

168 2652 188 2682 p
205 2652 272 2672 uma
284 2649 372 2671 serva
391 2662 397 2670 .

780 2711 1014 2723 eeeeeeeeeeee

216 2761 230 2788 l
259 2757 364 2797 Tange
388 2757 484 2788 malit
500 2757 555 2788 De
583 2755 694 2796 Rooy.
728 2755 817 2794 Unge
841 2755 969 2787 Thuan.
1019 2754 1123 2794 Pinge
1151 2752 1358 2785 Reverlandi
1387 2752 1451 2783 Ms.
1491 2751 1542 2782 Ex
1559 2750 1627 2782 Ms.

171 2801 341 2832 Gruterus
359 2800 440 2840 legit
460 2798 659 2837 Cosmifolio.
699 2798 869 2839 Cosmifilo
885 2798 960 2831 cod.
977 2798 1114 2829 Beverl.
