<?xml version="1.0" encoding="UTF-8"?>
<!DOCTYPE html PUBLIC "-//W3C//DTD XHTML 1.0 Transitional//EN"
    "http://www.w3.org/TR/xhtml1/DTD/xhtml1-transitional.dtd">
<html xmlns="http://www.w3.org/1999/xhtml" xml:lang="en" lang="en">
 <head>
  <title>
</title>
<meta http-equiv="Content-Type" content="text/html;charset=utf-8" />
  <meta name='ocr-system' content='tesseract 3.04.00' />
  <meta name='ocr-capabilities' content='ocr_page ocr_carea ocr_par ocr_line ocrx_word'/>
</head>
<body>
  <div class='ocr_page' id='page_1' title='image "./epigrammataexedi02martuoft_0516.png"; bbox 0 0 1893 3225; ppageno 0'>
   <div class='ocr_carea' id='block_1_1' title="bbox 264 241 1241 281">
    <p class='ocr_par' dir='ltr' id='par_1_1' title="bbox 264 241 1241 281">
     <span class='ocr_line' id='line_1_1' title="bbox 264 241 1241 281; baseline -0.007 0"><span class='ocrx_word' id='word_1_1' title='bbox 264 241 375 281; x_wconf 80' lang='lat'>1004</span> <span class='ocrx_word' id='word_1_2' title='bbox 736 248 782 276; x_wconf 81' lang='lat' dir='ltr'>M.</span> <span class='ocrx_word' id='word_1_3' title='bbox 818 247 929 276; x_wconf 62' lang='lat' dir='ltr'><strong>VAL.</strong></span> <span class='ocrx_word' id='word_1_4' title='bbox 966 244 1241 276; x_wconf 66' lang='lat' dir='ltr'>MARTiAms</span> 
     </span>
    </p>
   </div>
   <div class='ocr_carea' id='block_1_2' title="bbox 925 340 1064 374">
    <p class='ocr_par' dir='ltr' id='par_1_2' title="bbox 925 340 1064 374">
     <span class='ocr_line' id='line_1_2' title="bbox 925 340 1064 374; baseline -0.022 0"><span class='ocrx_word' id='word_1_5' title='bbox 925 340 1064 374; x_wconf 80' lang='lat' dir='ltr'>NOTAE</span> 
     </span>
    </p>
   </div>
   <div class='ocr_carea' id='block_1_3' title="bbox 262 401 1718 451">
    <p class='ocr_par' dir='ltr' id='par_1_3' title="bbox 262 401 1718 451">
     <span class='ocr_line' id='line_1_3' title="bbox 262 401 1718 451; baseline -0.008 -9"><span class='ocrx_word' id='word_1_6' title='bbox 262 410 447 448; x_wconf 74' lang='lat' dir='ltr'>studiosus,</span> <span class='ocrx_word' id='word_1_7' title='bbox 463 413 498 440; x_wconf 87' lang='lat' dir='ltr'>et</span> <span class='ocrx_word' id='word_1_8' title='bbox 513 408 609 451; x_wconf 85' lang='lat' dir='ltr'>quasi</span> <span class='ocrx_word' id='word_1_9' title='bbox 626 407 738 439; x_wconf 77' lang='lat' dir='ltr'>Antaei</span> <span class='ocrx_word' id='word_1_10' title='bbox 763 405 962 447; x_wconf 85' lang='lat' dir='ltr'>discipulus,</span> <span class='ocrx_word' id='word_1_11' title='bbox 1017 404 1103 436; x_wconf 85' lang='lat' dir='ltr'>culis</span> <span class='ocrx_word' id='word_1_12' title='bbox 1121 402 1278 434; x_wconf 80' lang='lat' dir='ltr'>Antaeum</span> <span class='ocrx_word' id='word_1_13' title='bbox 1297 401 1414 444; x_wconf 85' lang='lat' dir='ltr'>procul</span> <span class='ocrx_word' id='word_1_14' title='bbox 1428 411 1447 433; x_wconf 85' lang='lat' dir='ltr'>a</span> <span class='ocrx_word' id='word_1_15' title='bbox 1460 401 1583 432; x_wconf 82' lang='lat' dir='ltr'>tellure</span> <span class='ocrx_word' id='word_1_16' title='bbox 1600 404 1718 432; x_wconf 82' lang='lat' dir='ltr'>tenen-</span> 
     </span>
    </p>
   </div>
   <div class='ocr_carea' id='block_1_4' title="bbox 262 454 1723 551">
    <p class='ocr_par' dir='ltr' id='par_1_4' title="bbox 262 454 1723 551">
     <span class='ocr_line' id='line_1_4' title="bbox 262 454 1081 502; baseline -0.007 -10"><span class='ocrx_word' id='word_1_17' title='bbox 262 461 372 502; x_wconf 83' lang='lat' dir='ltr'>inquit</span> <span class='ocrx_word' id='word_1_18' title='bbox 393 460 560 492; x_wconf 83' lang='lat' dir='ltr'>Raderus.</span> <span class='ocrx_word' id='word_1_19' title='bbox 597 459 650 490; x_wconf 90' lang='lat' dir='ltr'>De</span> <span class='ocrx_word' id='word_1_20' title='bbox 676 458 800 490; x_wconf 84' lang='lat' dir='ltr'>Antaeo</span> <span class='ocrx_word' id='word_1_21' title='bbox 817 457 962 489; x_wconf 84' lang='lat' dir='ltr'>diximus</span> <span class='ocrx_word' id='word_1_22' title='bbox 1017 454 1081 486; x_wconf 67' lang='lat' dir='ltr'>tis!</span> 
     </span>
     <span class='ocr_line' id='line_1_5' title="bbox 263 502 1723 551; baseline -0.007 -8"><span class='ocrx_word' id='word_1_23' title='bbox 263 513 319 543; x_wconf 86' lang='lat' dir='ltr'>lib.</span> <span class='ocrx_word' id='word_1_24' title='bbox 337 520 389 543; x_wconf 77' lang='lat' dir='ltr'>lx.</span> <span class='ocrx_word' id='word_1_25' title='bbox 408 511 507 551; x_wconf 83' lang='lat' dir='ltr'>Epig.</span> <span class='ocrx_word' id='word_1_26' title='bbox 522 513 595 542; x_wconf 79' lang='grc'><strong>104.</strong></span> <span class='ocrx_word' id='word_1_27' title='bbox 1068 506 1152 537; x_wconf 84' lang='lat' dir='ltr'><em>Vuno</em></span> <span class='ocrx_word' id='word_1_28' title='bbox 1168 504 1282 546; x_wconf 82' lang='lat' dir='ltr'>labore]</span> <span class='ocrx_word' id='word_1_29' title='bbox 1308 505 1386 537; x_wconf 82' lang='lat' dir='ltr'>Quo</span> <span class='ocrx_word' id='word_1_30' title='bbox 1402 512 1523 543; x_wconf 84' lang='lat' dir='ltr'>nempe</span> <span class='ocrx_word' id='word_1_31' title='bbox 1549 502 1648 533; x_wconf 79' lang='lat' dir='ltr'>otiosi</span> <span class='ocrx_word' id='word_1_32' title='bbox 1664 503 1723 534; x_wconf 86' lang='lat' dir='ltr'>ho-</span> 
     </span>
    </p>
   </div>
   <div class='ocr_carea' id='block_1_5' title="bbox 260 553 1723 754">
    <p class='ocr_par' dir='ltr' id='par_1_5' title="bbox 260 553 1723 754">
     <span class='ocr_line' id='line_1_6' title="bbox 305 553 1723 602; baseline -0.007 -9"><span class='ocrx_word' id='word_1_33' title='bbox 305 566 326 594; x_wconf 86' lang='lat'>2</span> <span class='ocrx_word' id='word_1_34' title='bbox 352 561 495 592; x_wconf 80' lang='lat' dir='ltr'><em>Grandia</em></span> <span class='ocrx_word' id='word_1_35' title='bbox 507 560 576 602; x_wconf 77' lang='lat' dir='ltr'>qui]</span> <span class='ocrx_word' id='word_1_36' title='bbox 600 559 805 591; x_wconf 67' lang='lat' dir='ltr'>Palaestritae</span> <span class='ocrx_word' id='word_1_37' title='bbox 822 558 909 589; x_wconf 88' lang='lat' dir='ltr'>enim</span> <span class='ocrx_word' id='word_1_38' title='bbox 926 561 966 588; x_wconf 89' lang='lat' dir='ltr'>ut</span> <span class='ocrx_word' id='word_1_39' title='bbox 1019 557 1129 588; x_wconf 90' lang='lat' dir='ltr'>mines</span> <span class='ocrx_word' id='word_1_40' title='bbox 1161 561 1379 587; x_wconf 84' lang='lat' dir='ltr'>exercentur.</span> <span class='ocrx_word' id='word_1_41' title='bbox 1434 554 1513 585; x_wconf 84' lang='lat' dir='ltr'>Hoc</span> <span class='ocrx_word' id='word_1_42' title='bbox 1543 553 1723 584; x_wconf 84' lang='lat' dir='ltr'>distichum</span> 
     </span>
     <span class='ocr_line' id='line_1_7' title="bbox 261 604 1722 650; baseline -0.004 -7"><span class='ocrx_word' id='word_1_43' title='bbox 261 612 422 644; x_wconf 76' lang='lat' dir='ltr'>fortiores</span> <span class='ocrx_word' id='word_1_44' title='bbox 462 616 591 649; x_wconf 82' lang='lat' dir='ltr'>essent,</span> <span class='ocrx_word' id='word_1_45' title='bbox 624 610 746 642; x_wconf 87' lang='lat' dir='ltr'>collum</span> <span class='ocrx_word' id='word_1_46' title='bbox 774 610 964 650; x_wconf 72' lang='lat' dir='ltr'>producere</span> <span class='ocrx_word' id='word_1_47' title='bbox 1020 608 1120 640; x_wconf 83' lang='lat' dir='ltr'>aliter</span> <span class='ocrx_word' id='word_1_48' title='bbox 1137 608 1290 649; x_wconf 79' lang='lat' dir='ltr'>explicat</span> <span class='ocrx_word' id='word_1_49' title='bbox 1303 604 1480 638; x_wconf 85' lang='lat' dir='ltr'>Turnebus</span> <span class='ocrx_word' id='word_1_50' title='bbox 1498 604 1554 636; x_wconf 88' lang='lat' dir='ltr'>lib.</span> <span class='ocrx_word' id='word_1_51' title='bbox 1574 613 1629 636; x_wconf 86' lang='lat' dir='ltr'>1x.</span> <span class='ocrx_word' id='word_1_52' title='bbox 1646 613 1722 645; x_wconf 86' lang='lat' dir='ltr'>cap.</span> 
     </span>
     <span class='ocr_line' id='line_1_8' title="bbox 260 661 1072 701; baseline -0.001 -8"><span class='ocrx_word' id='word_1_53' title='bbox 260 663 430 694; x_wconf 82' lang='lat' dir='ltr'>solebant.</span> <span class='ocrx_word' id='word_1_54' title='bbox 452 663 576 695; x_wconf 85' lang='lat' dir='ltr'>Juven.</span> <span class='ocrx_word' id='word_1_55' title='bbox 587 661 659 693; x_wconf 86' lang='lat' dir='ltr'>Sat.</span> <span class='ocrx_word' id='word_1_56' title='bbox 670 670 727 693; x_wconf 88' lang='lat'>111.</span> <span class='ocrx_word' id='word_1_57' title='bbox 743 663 752 679; x_wconf 89' lang='lat'>‘</span> <span class='ocrx_word' id='word_1_58' title='bbox 765 662 811 692; x_wconf 88' lang='lat' dir='ltr'>Et</span> <span class='ocrx_word' id='word_1_59' title='bbox 826 662 965 701; x_wconf 85' lang='lat' dir='ltr'>longum</span> <span class='ocrx_word' id='word_1_60' title='bbox 1019 663 1072 692; x_wconf 83' lang='lat'>23.</span> 
     </span>
     <span class='ocr_line' id='line_1_9' title="bbox 260 711 965 754; baseline -0.003 -9"><span class='ocrx_word' id='word_1_61' title='bbox 260 714 401 746; x_wconf 82' lang='lat' dir='ltr'>invalidi</span> <span class='ocrx_word' id='word_1_62' title='bbox 417 714 542 746; x_wconf 88' lang='lat' dir='ltr'>collum</span> <span class='ocrx_word' id='word_1_63' title='bbox 553 713 746 746; x_wconf 87' lang='lat' dir='ltr'>cervicibus</span> <span class='ocrx_word' id='word_1_64' title='bbox 756 717 869 754; x_wconf 82' lang='lat' dir='ltr'><strong>aequat</strong></span> <span class='ocrx_word' id='word_1_65' title='bbox 879 711 965 743; x_wconf 88' lang='lat' dir='ltr'>Her-</span> 
     </span>
    </p>
   </div>
   <div class='ocr_carea' id='block_1_6' title="bbox 858 868 1140 1001">
    <p class='ocr_par' dir='ltr' id='par_1_6' title="bbox 858 868 1140 1001">
     <span class='ocr_line' id='line_1_10' title="bbox 911 868 1099 912; baseline -0.011 -1"><span class='ocrx_word' id='word_1_66' title='bbox 911 868 1099 912; x_wconf 90' lang='lat' dir='ltr'><strong>XLIX.</strong></span> 
     </span>
     <span class='ocr_line' id='line_1_11' title="bbox 858 969 1140 1001; baseline 0.004 -1"><span class='ocrx_word' id='word_1_67' title='bbox 858 971 993 1001; x_wconf 80' lang='lat' dir='ltr'>HALT</span> <span class='ocrx_word' id='word_1_68' title='bbox 1002 970 1062 1000; x_wconf 85' lang='lat' dir='ltr'>ER</span> <span class='ocrx_word' id='word_1_69' title='bbox 1071 969 1140 1001; x_wconf 82' lang='lat' dir='ltr'>Es.</span> 
     </span>
    </p>
   </div>
   <div class='ocr_carea' id='block_1_7' title="bbox 266 1050 1315 1162">
    <p class='ocr_par' dir='ltr' id='par_1_7' title="bbox 266 1050 1315 1162">
     <span class='ocr_line' id='line_1_12' title="bbox 266 1050 1315 1106; baseline -0.002 -13"><span class='ocrx_word' id='word_1_70' title='bbox 266 1052 403 1104; x_wconf 84' lang='lat' dir='ltr'>QUm</span> <span class='ocrx_word' id='word_1_71' title='bbox 425 1056 606 1106; x_wconf 84' lang='lat' dir='ltr'>pereunt</span> <span class='ocrx_word' id='word_1_72' title='bbox 626 1050 763 1091; x_wconf 82' lang='lat' dir='ltr'>stulto</span> <span class='ocrx_word' id='word_1_73' title='bbox 783 1050 923 1092; x_wconf 80' lang='lat' dir='ltr'>fortes</span> <span class='ocrx_word' id='word_1_74' title='bbox 942 1051 1106 1093; x_wconf 82' lang='lat' dir='ltr'>haltere</span> <span class='ocrx_word' id='word_1_75' title='bbox 1127 1051 1315 1092; x_wconf 70' lang='lat' dir='ltr'>lacerti?</span> 
     </span>
     <span class='ocr_line' id='line_1_13' title="bbox 322 1119 1146 1162; baseline -0.002 -1"><span class='ocrx_word' id='word_1_76' title='bbox 322 1120 515 1162; x_wconf 79' lang='lat' dir='ltr'>Exercet</span> <span class='ocrx_word' id='word_1_77' title='bbox 534 1119 692 1161; x_wconf 86' lang='lat' dir='ltr'>melius</span> <span class='ocrx_word' id='word_1_78' title='bbox 712 1119 845 1160; x_wconf 81' lang='lat' dir='ltr'>vinea</span> <span class='ocrx_word' id='word_1_79' title='bbox 865 1119 987 1161; x_wconf 80' lang='lat' dir='ltr'>fossa</span> <span class='ocrx_word' id='word_1_80' title='bbox 1006 1120 1146 1161; x_wconf 83' lang='lat' dir='ltr'>viros.</span> 
     </span>
    </p>
   </div>
   <div class='ocr_carea' id='block_1_8' title="bbox 307 1242 1725 1287">
    <p class='ocr_par' dir='ltr' id='par_1_8' title="bbox 307 1242 1725 1287">
     <span class='ocr_line' id='line_1_14' title="bbox 307 1242 1725 1287; baseline -0.004 -8"><span class='ocrx_word' id='word_1_81' title='bbox 307 1248 392 1284; x_wconf 74' lang='lat' dir='ltr'>Quid</span> <span class='ocrx_word' id='word_1_82' title='bbox 407 1248 532 1280; x_wconf 77' lang='lat' dir='ltr'><em>robusta</em></span> <span class='ocrx_word' id='word_1_83' title='bbox 557 1247 682 1279; x_wconf 79' lang='lat' dir='ltr'>brachia</span> <span class='ocrx_word' id='word_1_84' title='bbox 705 1247 924 1287; x_wconf 75' lang='lat' dir='ltr'>defatigantur</span> <span class='ocrx_word' id='word_1_85' title='bbox 949 1257 1028 1279; x_wconf 78' lang='lat' dir='ltr'><em>vano</em></span> <span class='ocrx_word' id='word_1_86' title='bbox 1053 1245 1197 1280; x_wconf 78' lang='lat' dir='ltr'>haltere?</span> <span class='ocrx_word' id='word_1_87' title='bbox 1226 1245 1293 1278; x_wconf 74' lang='lat' dir='ltr'>Viri</span> <span class='ocrx_word' id='word_1_88' title='bbox 1317 1245 1427 1277; x_wconf 80' lang='lat' dir='ltr'>melius</span> <span class='ocrx_word' id='word_1_89' title='bbox 1452 1246 1637 1276; x_wconf 76' lang='lat' dir='ltr'>exercentur</span> <span class='ocrx_word' id='word_1_90' title='bbox 1661 1242 1725 1274; x_wconf 80' lang='lat' dir='ltr'>vite</span> 
     </span>
    </p>
   </div>
   <div class='ocr_carea' id='block_1_9' title="bbox 262 1292 384 1333">
    <p class='ocr_par' dir='ltr' id='par_1_9' title="bbox 262 1292 384 1333">
     <span class='ocr_line' id='line_1_15' title="bbox 262 1292 384 1333; baseline 0 -11"><span class='ocrx_word' id='word_1_91' title='bbox 262 1292 384 1333; x_wconf 67' lang='lat' dir='ltr'>effossa.</span> 
     </span>
    </p>
   </div>
   <div class='ocr_carea' id='block_1_10' title="bbox 874 1343 1110 1355">
    <p class='ocr_par' dir='ltr' id='par_1_10' title="bbox 874 1343 1110 1355">
     <span class='ocr_line' id='line_1_16' title="bbox 874 1343 1110 1355; baseline -0.004 0"><span class='ocrx_word' id='word_1_92' title='bbox 874 1343 931 1355; x_wconf 61' lang='lat' dir='ltr'>Nl</span> <span class='ocrx_word' id='word_1_93' title='bbox 938 1343 1110 1355; x_wconf 60' lang='lat' dir='ltr'>mmo</span> 
     </span>
    </p>
   </div>
   <div class='ocr_carea' id='block_1_11' title="bbox 309 1398 956 1439">
    <p class='ocr_par' dir='ltr' id='par_1_11' title="bbox 309 1398 956 1439">
     <span class='ocr_line' id='line_1_17' title="bbox 309 1398 956 1439; baseline -0.005 -8"><span class='ocrx_word' id='word_1_94' title='bbox 309 1402 324 1431; x_wconf 91' lang='lat'>1</span> <span class='ocrx_word' id='word_1_95' title='bbox 353 1400 420 1435; x_wconf 83' lang='lat' dir='ltr'>Quo</span> <span class='ocrx_word' id='word_1_96' title='bbox 433 1399 507 1431; x_wconf 91' lang='lat' dir='ltr'>cod.</span> <span class='ocrx_word' id='word_1_97' title='bbox 523 1399 556 1430; x_wconf 91' lang='lat' dir='ltr'>in</span> <span class='ocrx_word' id='word_1_98' title='bbox 572 1408 681 1439; x_wconf 82' lang='lat' dir='ltr'>marg.</span> <span class='ocrx_word' id='word_1_99' title='bbox 695 1398 748 1430; x_wconf 84' lang='lat' dir='ltr'>ed.</span> <span class='ocrx_word' id='word_1_100' title='bbox 763 1399 842 1430; x_wconf 88' lang='lat' dir='ltr'>Par.</span> <span class='ocrx_word' id='word_1_101' title='bbox 860 1400 956 1428; x_wconf 85' lang='grc'><strong>1617.</strong></span> 
     </span>
    </p>
   </div>
   <div class='ocr_carea' id='block_1_12' title="bbox 923 1482 1069 1514">
    <p class='ocr_par' dir='ltr' id='par_1_12' title="bbox 923 1482 1069 1514">
     <span class='ocr_line' id='line_1_18' title="bbox 923 1482 1069 1514; baseline 0 0"><span class='ocrx_word' id='word_1_102' title='bbox 923 1482 1069 1514; x_wconf 79' lang='lat' dir='ltr'>NOTAE</span> 
     </span>
    </p>
   </div>
   <div class='ocr_carea' id='block_1_13' title="bbox 264 1542 1730 1795">
    <p class='ocr_par' dir='ltr' id='par_1_13' title="bbox 264 1542 1730 1795">
     <span class='ocr_line' id='line_1_19' title="bbox 308 1542 1730 1591; baseline -0.007 -9"><span class='ocrx_word' id='word_1_103' title='bbox 308 1550 472 1591; x_wconf 81' lang='lat' dir='ltr'>Halteres]</span> <span class='ocrx_word' id='word_1_104' title='bbox 496 1549 594 1582; x_wconf 89' lang='lat' dir='ltr'>Dicti</span> <span class='ocrx_word' id='word_1_105' title='bbox 610 1553 689 1580; x_wconf 89' lang='lat' dir='ltr'><strong>sunt</strong></span> <span class='ocrx_word' id='word_1_106' title='bbox 705 1548 748 1580; x_wconf 90' lang='lat' dir='ltr'>ab</span> <span class='ocrx_word' id='word_1_107' title='bbox 759 1547 906 1588; x_wconf 78' lang='grc' dir='ltr'>ἅλλομαι,</span> <span class='ocrx_word' id='word_1_108' title='bbox 919 1558 968 1579; x_wconf 84' lang='lat' dir='ltr'>sa·</span> <span class='ocrx_word' id='word_1_109' title='bbox 1022 1548 1066 1579; x_wconf 87' lang='lat' dir='ltr'>de</span> <span class='ocrx_word' id='word_1_110' title='bbox 1081 1547 1238 1579; x_wconf 84' lang='lat' dir='ltr'>Sanitate</span> <span class='ocrx_word' id='word_1_111' title='bbox 1253 1545 1404 1578; x_wconf 86' lang='lat' dir='ltr'>Tuenda.</span> <span class='ocrx_word' id='word_1_112' title='bbox 1448 1544 1572 1576; x_wconf 84' lang='lat' dir='ltr'>Juven.</span> <span class='ocrx_word' id='word_1_113' title='bbox 1587 1542 1660 1574; x_wconf 88' lang='lat' dir='ltr'><strong>Sat.</strong></span> <span class='ocrx_word' id='word_1_114' title='bbox 1676 1550 1730 1573; x_wconf 79' lang='lat' dir='ltr'>vl·</span> 
     </span>
     <span class='ocr_line' id='line_1_20' title="bbox 266 1593 1729 1640; baseline -0.005 -8"><span class='ocrx_word' id='word_1_115' title='bbox 266 1602 318 1634; x_wconf 80' lang='lat' dir='ltr'>lio.</span> <span class='ocrx_word' id='word_1_116' title='bbox 347 1603 456 1633; x_wconf 85' lang='lat' dir='ltr'><em>Erant</em></span> <span class='ocrx_word' id='word_1_117' title='bbox 474 1606 588 1632; x_wconf 88' lang='lat' dir='ltr'>autem</span> <span class='ocrx_word' id='word_1_118' title='bbox 605 1610 724 1632; x_wconf 80' lang='lat' dir='ltr'>massae</span> <span class='ocrx_word' id='word_1_119' title='bbox 740 1600 901 1640; x_wconf 85' lang='lat' dir='ltr'>lapideae,</span> <span class='ocrx_word' id='word_1_120' title='bbox 913 1599 968 1631; x_wconf 90' lang='lat' dir='ltr'>vel</span> <span class='ocrx_word' id='word_1_121' title='bbox 1022 1600 1031 1616; x_wconf 93' lang='lat'>‘</span> <span class='ocrx_word' id='word_1_122' title='bbox 1043 1600 1088 1631; x_wconf 90' lang='lat' dir='ltr'>Et</span> <span class='ocrx_word' id='word_1_123' title='bbox 1104 1600 1232 1630; x_wconf 85' lang='lat' dir='ltr'>lassata</span> <span class='ocrx_word' id='word_1_124' title='bbox 1248 1608 1348 1630; x_wconf 88' lang='lat' dir='ltr'><strong>manu</strong></span> <span class='ocrx_word' id='word_1_125' title='bbox 1377 1596 1575 1628; x_wconf 82' lang='lat' dir='ltr'>ceciderunt</span> <span class='ocrx_word' id='word_1_126' title='bbox 1590 1593 1729 1625; x_wconf 83' lang='lat' dir='ltr'>brachia</span> 
     </span>
     <span class='ocr_line' id='line_1_21' title="bbox 264 1644 1729 1693; baseline -0.006 -9"><span class='ocrx_word' id='word_1_127' title='bbox 264 1654 460 1693; x_wconf 73' lang='lat' dir='ltr'>metallicae,</span> <span class='ocrx_word' id='word_1_128' title='bbox 477 1662 557 1684; x_wconf 88' lang='lat' dir='ltr'>ansa</span> <span class='ocrx_word' id='word_1_129' title='bbox 573 1652 626 1682; x_wconf 89' lang='lat' dir='ltr'>vel</span> <span class='ocrx_word' id='word_1_130' title='bbox 643 1651 820 1682; x_wconf 86' lang='lat' dir='ltr'>manubrio</span> <span class='ocrx_word' id='word_1_131' title='bbox 837 1650 970 1691; x_wconf 80' lang='lat' dir='ltr'>addito,</span> <span class='ocrx_word' id='word_1_132' title='bbox 1022 1660 1134 1683; x_wconf 86' lang='lat' dir='ltr'>massa</span> <span class='ocrx_word' id='word_1_133' title='bbox 1147 1649 1170 1683; x_wconf 71' lang='grc' dir='ltr'>ς’</span> <span class='ocrx_word' id='word_1_134' title='bbox 1195 1650 1285 1693; x_wconf 86' lang='lat' dir='ltr'><strong>quod</strong></span> <span class='ocrx_word' id='word_1_135' title='bbox 1297 1649 1340 1681; x_wconf 89' lang='lat' dir='ltr'>de</span> <span class='ocrx_word' id='word_1_136' title='bbox 1351 1646 1541 1681; x_wconf 80' lang='lat' dir='ltr'>halteribus</span> <span class='ocrx_word' id='word_1_137' title='bbox 1557 1644 1729 1686; x_wconf 86' lang='lat' dir='ltr'>accipien-</span> 
     </span>
     <span class='ocr_line' id='line_1_22' title="bbox 265 1702 1114 1745; baseline -0.001 -12"><span class='ocrx_word' id='word_1_138' title='bbox 265 1714 331 1745; x_wconf 80' lang='lat' dir='ltr'>quo</span> <span class='ocrx_word' id='word_1_139' title='bbox 344 1703 521 1735; x_wconf 88' lang='lat' dir='ltr'>commode</span> <span class='ocrx_word' id='word_1_140' title='bbox 532 1702 639 1734; x_wconf 83' lang='lat' dir='ltr'>levari</span> <span class='ocrx_word' id='word_1_141' title='bbox 653 1707 791 1743; x_wconf 86' lang='lat' dir='ltr'>possent</span> <span class='ocrx_word' id='word_1_142' title='bbox 803 1702 846 1733; x_wconf 77' lang='lat' dir='ltr'>ab</span> <span class='ocrx_word' id='word_1_143' title='bbox 860 1702 969 1734; x_wconf 86' lang='lat' dir='ltr'>athle-</span> <span class='ocrx_word' id='word_1_144' title='bbox 1023 1702 1114 1734; x_wconf 88' lang='lat' dir='ltr'><strong>dum.</strong></span> 
     </span>
     <span class='ocr_line' id='line_1_23' title="bbox 265 1752 967 1795; baseline 0.001 -10"><span class='ocrx_word' id='word_1_145' title='bbox 265 1756 319 1785; x_wconf 76' lang='lat' dir='ltr'>tis·</span> <span class='ocrx_word' id='word_1_146' title='bbox 345 1755 400 1785; x_wconf 90' lang='lat' dir='ltr'>De</span> <span class='ocrx_word' id='word_1_147' title='bbox 415 1753 603 1786; x_wconf 80' lang='lat' dir='ltr'>halteribus</span> <span class='ocrx_word' id='word_1_148' title='bbox 616 1753 689 1795; x_wconf 85' lang='lat' dir='ltr'>agit</span> <span class='ocrx_word' id='word_1_149' title='bbox 703 1752 856 1785; x_wconf 82' lang='lat' dir='ltr'>Galenus</span> <span class='ocrx_word' id='word_1_150' title='bbox 871 1753 929 1786; x_wconf 90' lang='lat' dir='ltr'>lib.</span> <span class='ocrx_word' id='word_1_151' title='bbox 942 1763 967 1786; x_wconf 85' lang='lat'>1.</span> 
     </span>
    </p>
   </div>
   <div class='ocr_carea' id='block_1_14' title="bbox 271 1911 1392 2203">
    <p class='ocr_par' dir='ltr' id='par_1_14' title="bbox 271 1911 1392 2203">
     <span class='ocr_line' id='line_1_24' title="bbox 973 1911 1024 1951; baseline 0 0"><span class='ocrx_word' id='word_1_152' title='bbox 973 1911 1024 1951; x_wconf 93' lang='lat' dir='ltr'>L.</span> 
     </span>
     <span class='ocr_line' id='line_1_25' title="bbox 808 2000 1194 2031; baseline 0 -1"><span class='ocrx_word' id='word_1_153' title='bbox 808 2000 1194 2031; x_wconf 77' lang='lat' dir='ltr'><strong>GALERICULUM.</strong></span> 
     </span>
     <span class='ocr_line' id='line_1_26' title="bbox 271 2078 1392 2132; baseline -0.002 -11"><span class='ocrx_word' id='word_1_154' title='bbox 271 2080 348 2122; x_wconf 86' lang='lat' dir='ltr'>NE</span> <span class='ocrx_word' id='word_1_155' title='bbox 370 2081 485 2121; x_wconf 86' lang='lat' dir='ltr'>lutet</span> <span class='ocrx_word' id='word_1_156' title='bbox 506 2078 779 2120; x_wconf 88' lang='lat' dir='ltr'>immundum</span> <span class='ocrx_word' id='word_1_157' title='bbox 799 2079 968 2120; x_wconf 87' lang='lat' dir='ltr'>nitidos</span> <span class='ocrx_word' id='word_1_158' title='bbox 991 2091 1167 2120; x_wconf 84' lang='lat' dir='ltr'>ceroma</span> <span class='ocrx_word' id='word_1_159' title='bbox 1187 2078 1392 2132; x_wconf 83' lang='lat' dir='ltr'>capillos,</span> 
     </span>
     <span class='ocr_line' id='line_1_27' title="bbox 323 2146 1381 2203; baseline -0.003 -14"><span class='ocrx_word' id='word_1_160' title='bbox 323 2148 427 2190; x_wconf 82' lang='lat' dir='ltr'>Hac</span> <span class='ocrx_word' id='word_1_161' title='bbox 447 2148 613 2203; x_wconf 83' lang='lat' dir='ltr'>poteris</span> <span class='ocrx_word' id='word_1_162' title='bbox 634 2146 841 2189; x_wconf 81' lang='lat' dir='ltr'>madidas</span> <span class='ocrx_word' id='word_1_163' title='bbox 863 2146 1054 2188; x_wconf 88' lang='lat' dir='ltr'>condere</span> <span class='ocrx_word' id='word_1_164' title='bbox 1074 2147 1191 2201; x_wconf 89' lang='lat' dir='ltr'>pelle</span> <span class='ocrx_word' id='word_1_165' title='bbox 1215 2158 1381 2187; x_wconf 85' lang='lat' dir='ltr'>comas.</span> 
     </span>
    </p>
   </div>
   <div class='ocr_carea' id='block_1_15' title="bbox 313 2270 1727 2316">
    <p class='ocr_par' dir='ltr' id='par_1_15' title="bbox 313 2270 1727 2316">
     <span class='ocr_line' id='line_1_28' title="bbox 313 2270 1727 2316; baseline -0.002 -10"><span class='ocrx_word' id='word_1_166' title='bbox 313 2275 364 2307; x_wconf 85' lang='lat' dir='ltr'>Ne</span> <span class='ocrx_word' id='word_1_167' title='bbox 379 2277 469 2316; x_wconf 79' lang='lat' dir='ltr'>turpe</span> <span class='ocrx_word' id='word_1_168' title='bbox 483 2284 602 2306; x_wconf 84' lang='lat' dir='ltr'>ceroma</span> <span class='ocrx_word' id='word_1_169' title='bbox 613 2273 801 2306; x_wconf 80' lang='lat' dir='ltr'>contaminet</span> <span class='ocrx_word' id='word_1_170' title='bbox 816 2283 918 2306; x_wconf 82' lang='lat' dir='ltr'><em>comas</em></span> <span class='ocrx_word' id='word_1_171' title='bbox 932 2273 1065 2314; x_wconf 80' lang='lat' dir='ltr'>nitidas,</span> <span class='ocrx_word' id='word_1_172' title='bbox 1076 2271 1197 2314; x_wconf 81' lang='lat' dir='ltr'>poteris</span> <span class='ocrx_word' id='word_1_173' title='bbox 1208 2272 1265 2303; x_wconf 85' lang='lat' dir='ltr'>hac</span> <span class='ocrx_word' id='word_1_174' title='bbox 1277 2272 1356 2312; x_wconf 83' lang='lat' dir='ltr'>pelle</span> <span class='ocrx_word' id='word_1_175' title='bbox 1372 2274 1476 2311; x_wconf 79' lang='lat' dir='ltr'>tegere</span> <span class='ocrx_word' id='word_1_176' title='bbox 1491 2270 1594 2303; x_wconf 79' lang='lat' dir='ltr'>crines</span> <span class='ocrx_word' id='word_1_177' title='bbox 1610 2274 1727 2304; x_wconf 79' lang='lat' dir='ltr'>unctos.</span> 
     </span>
    </p>
   </div>
   <div class='ocr_carea' id='block_1_16' title="bbox 925 2360 1075 2394">
    <p class='ocr_par' dir='ltr' id='par_1_16' title="bbox 925 2360 1075 2394">
     <span class='ocr_line' id='line_1_29' title="bbox 925 2360 1075 2394; baseline -0.013 0"><span class='ocrx_word' id='word_1_178' title='bbox 925 2360 1075 2394; x_wconf 83' lang='lat' dir='ltr'>NOTAE</span> 
     </span>
    </p>
   </div>
   <div class='ocr_carea' id='block_1_17' title="bbox 311 2422 1731 2467">
    <p class='ocr_par' dir='ltr' id='par_1_17' title="bbox 311 2422 1731 2467">
     <span class='ocr_line' id='line_1_30' title="bbox 311 2422 1731 2467; baseline -0.002 -9"><span class='ocrx_word' id='word_1_179' title='bbox 311 2430 325 2458; x_wconf 90' lang='lat' dir='ltr'>l</span> <span class='ocrx_word' id='word_1_180' title='bbox 355 2425 500 2466; x_wconf 85' lang='lat' dir='ltr'>Ceroma]</span> <span class='ocrx_word' id='word_1_181' title='bbox 526 2425 583 2458; x_wconf 89' lang='lat' dir='ltr'>De</span> <span class='ocrx_word' id='word_1_182' title='bbox 601 2436 666 2467; x_wconf 91' lang='lat' dir='ltr'>quo</span> <span class='ocrx_word' id='word_1_183' title='bbox 683 2426 760 2458; x_wconf 89' lang='lat' dir='ltr'>vide</span> <span class='ocrx_word' id='word_1_184' title='bbox 787 2426 846 2458; x_wconf 87' lang='lat' dir='ltr'>lib.</span> <span class='ocrx_word' id='word_1_185' title='bbox 864 2436 915 2458; x_wconf 88' lang='lat' dir='ltr'>1v.</span> <span class='ocrx_word' id='word_1_186' title='bbox 932 2427 974 2458; x_wconf 85' lang='lat' dir='ltr'>E·</span> <span class='ocrx_word' id='word_1_187' title='bbox 1029 2428 1214 2466; x_wconf 85' lang='lat' dir='ltr'>ceromate,</span> <span class='ocrx_word' id='word_1_188' title='bbox 1225 2424 1554 2467; x_wconf 82' lang='lat' dir='ltr'>quoinungebantur</span> <span class='ocrx_word' id='word_1_189' title='bbox 1565 2422 1731 2466; x_wconf 81' lang='lat' dir='ltr'>palaestri-</span> 
     </span>
    </p>
   </div>
   <div class='ocr_carea' id='block_1_18' title="bbox 268 2476 1729 2621">
    <p class='ocr_par' dir='ltr' id='par_1_18' title="bbox 268 2476 1729 2621">
     <span class='ocr_line' id='line_1_31' title="bbox 268 2476 1087 2517; baseline 0.001 -10"><span class='ocrx_word' id='word_1_190' title='bbox 268 2478 337 2517; x_wconf 82' lang='lat' dir='ltr'>pig.</span> <span class='ocrx_word' id='word_1_191' title='bbox 353 2480 384 2509; x_wconf 79' lang='grc'>4.</span> <span class='ocrx_word' id='word_1_192' title='bbox 408 2476 644 2508; x_wconf 83' lang='lat' dir='ltr'>Galericulum</span> <span class='ocrx_word' id='word_1_193' title='bbox 660 2477 870 2508; x_wconf 86' lang='lat' dir='ltr'>inserviebat</span> <span class='ocrx_word' id='word_1_194' title='bbox 885 2481 921 2508; x_wconf 90' lang='lat' dir='ltr'>et</span> <span class='ocrx_word' id='word_1_195' title='bbox 931 2477 973 2508; x_wconf 90' lang='lat' dir='ltr'>ad</span> <span class='ocrx_word' id='word_1_196' title='bbox 1028 2480 1087 2507; x_wconf 83' lang='lat' dir='ltr'>tae.</span> 
     </span>
     <span class='ocr_line' id='line_1_32' title="bbox 268 2525 1729 2570; baseline -0.001 -12"><span class='ocrx_word' id='word_1_197' title='bbox 268 2527 449 2568; x_wconf 82' lang='lat' dir='ltr'>tegendam</span> <span class='ocrx_word' id='word_1_198' title='bbox 464 2526 650 2567; x_wconf 83' lang='lat' dir='ltr'>calvitiem,</span> <span class='ocrx_word' id='word_1_199' title='bbox 666 2531 703 2558; x_wconf 89' lang='lat' dir='ltr'>ut</span> <span class='ocrx_word' id='word_1_200' title='bbox 717 2537 821 2568; x_wconf 79' lang='lat' dir='ltr'>supra</span> <span class='ocrx_word' id='word_1_201' title='bbox 836 2528 893 2559; x_wconf 90' lang='lat' dir='ltr'>lib.</span> <span class='ocrx_word' id='word_1_202' title='bbox 906 2537 972 2559; x_wconf 73' lang='grc' dir='ltr'>ΧΠ.</span> <span class='ocrx_word' id='word_1_203' title='bbox 1070 2530 1091 2558; x_wconf 82' lang='lat'>2</span> <span class='ocrx_word' id='word_1_204' title='bbox 1116 2527 1187 2558; x_wconf 82' lang='lat' dir='ltr'>Hac</span> <span class='ocrx_word' id='word_1_205' title='bbox 1201 2527 1296 2568; x_wconf 80' lang='lat' dir='ltr'>pelle]</span> <span class='ocrx_word' id='word_1_206' title='bbox 1319 2527 1372 2558; x_wconf 76' lang='lat' dir='ltr'>Ex</span> <span class='ocrx_word' id='word_1_207' title='bbox 1389 2537 1456 2570; x_wconf 89' lang='lat' dir='ltr'>qua</span> <span class='ocrx_word' id='word_1_208' title='bbox 1471 2527 1606 2560; x_wconf 82' lang='lat' dir='ltr'>scilicet</span> <span class='ocrx_word' id='word_1_209' title='bbox 1618 2525 1729 2558; x_wconf 84' lang='lat' dir='ltr'>factus</span> 
     </span>
     <span class='ocr_line' id='line_1_33' title="bbox 270 2576 1406 2621; baseline 0 -10"><span class='ocrx_word' id='word_1_210' title='bbox 270 2579 370 2620; x_wconf 84' lang='lat' dir='ltr'>Epig.</span> <span class='ocrx_word' id='word_1_211' title='bbox 396 2582 451 2611; x_wconf 83' lang='grc'>45.</span> <span class='ocrx_word' id='word_1_212' title='bbox 475 2582 511 2610; x_wconf 86' lang='lat' dir='ltr'>et</span> <span class='ocrx_word' id='word_1_213' title='bbox 535 2576 771 2609; x_wconf 84' lang='lat' dir='ltr'>defendendos</span> <span class='ocrx_word' id='word_1_214' title='bbox 796 2578 937 2619; x_wconf 85' lang='lat' dir='ltr'>capillos</span> <span class='ocrx_word' id='word_1_215' title='bbox 955 2589 974 2610; x_wconf 88' lang='lat' dir='ltr'>a</span> <span class='ocrx_word' id='word_1_216' title='bbox 1028 2582 1102 2610; x_wconf 88' lang='lat' dir='ltr'>erat</span> <span class='ocrx_word' id='word_1_217' title='bbox 1120 2588 1243 2620; x_wconf 85' lang='lat' dir='ltr'>parvus</span> <span class='ocrx_word' id='word_1_218' title='bbox 1259 2579 1406 2621; x_wconf 75' lang='lat' dir='ltr'>galerus·</span> 
     </span>
    </p>
   </div>
  </div>
 </body>
</html>
