1893 3225
283 255 368 298 708
762 269 813 300 M.
848 269 957 300 vAL.
992 269 1269 303 MAR'riAms

285 364 369 404 Sed
392 370 502 417 puto
526 377 594 404 me
618 376 783 413 vorum,
806 364 1080 416 Callistrato,
1103 367 1250 408 dicere
1274 380 1451 408 nomen:
1725 372 1753 411 5

342 431 448 472 Non
470 443 569 483 eg0‚
590 431 664 472 sod
690 437 837 474 vester
858 437 1017 487 peccat
1035 433 1354 488 Athenagoras.

939 501 1086 533 NOTAE

324 567 344 594 6
373 563 525 605 Nonego]
542 564 762 607 Pecc0‚quia
776 571 896 608 aperte
913 576 989 598 eum
1044 567 1294 609 Athenagoras,
1325 568 1382 610 qui
1411 572 1647 610 argumentum
1671 579 1751 610 sup-

281 615 430 654 nomino,
459 624 560 655 quem
591 615 760 656 alphicum
793 622 827 647 et
856 616 990 648 olficum
1043 618 1225 659 peditavit.

280 668 376 700 novis
389 668 581 701 nominibus
592 668 662 700 dixi
678 679 686 700 :
704 668 764 700 sed
780 668 852 710 ipse
868 674 992 709 peccat

910 788 1119 834 XCVII.

851 882 913 911 DE
948 881 1167 912 HERODE.

278 947 522 990 Cmmcus
545 949 753 991 Herodes
774 950 952 991 trullam
971 950 1246 992 subduxerat
1265 963 1404 1004 aegro:

336 1016 589 1071 Deprensus
609 1018 739 1069 dixit,
763 1018 919 1070 Stulte,
940 1019 1046 1073 quid
1068 1032 1173 1072 ergo
1191 1019 1310 1061 bibis
1326 1020 1345 1059 ’ἱ

280 1129 420 1160 Herodes
434 1129 564 1161 clinicus
588 1130 781 1171 surripuerat
799 1130 924 1161 trullam
950 1134 1089 1171 oegroto:
1120 1130 1326 1171 deprehensus
1353 1129 1452 1171 dixit,
1473 1139 1492 1161 o
1514 1131 1650 1172 demens,
1673 1131 1748 1171 quid

275 1172 377 1211 igitur
386 1176 478 1213 potas
489 1170 506 1204 (²

891 1227 1128 1238 “NO‘OON‘O

318 1270 448 1301 Omnes
463 1270 544 1302 libri
562 1271 804 1312 typographici
830 1276 865 1302 et
881 1270 1010 1311 excusi,
1030 1271 1063 1301 in
1081 1271 1143 1302 hoc
1167 1280 1301 1312 quoque
1317 1271 1578 1312 epigrammate,
1595 1270 1738 1303 similem

273 1313 533 1354 inscriptionem
550 1321 586 1346 et
600 1315 781 1346 lectionem
799 1315 978 1346 exhibent.

938 1389 1080 1421 NOTAE

316 1456 331 1483 l
362 1453 517 1493 Clinicm]
543 1455 594 1486 De
613 1455 744 1487 medico
763 1456 886 1486 clinico
914 1456 982 1496 egi-
1038 1459 1109 1485 tum
1127 1460 1270 1486 excusat
1292 1454 1465 1495 Herodes,
1491 1454 1586 1496 quasi
1605 1454 1741 1486 trullam

273 1505 469 1544 mus,1ib.1.
484 1505 585 1546 Epig.
603 1509 656 1537 31.
1037 1506 1252 1545 removisset,
1285 1515 1327 1537 ne
1359 1516 1450 1548 aeger
1478 1505 1626 1548 biberet,
1650 1505 1740 1548 quod

316 1556 469 1596 Trullum]
497 1556 562 1587 Vas
581 1566 706 1597 nempe
724 1556 765 1588 ad
785 1557 979 1589 bibendum.
1036 1557 1083 1587 iiii
1102 1557 1228 1588 lethale
1243 1562 1347 1588 esset.

314 1610 332 1637 '2
361 1607 539 1647 Deprensus
548 1607 649 1648 dixit]
664 1609 719 1639 Sic
737 1609 894 1640 nimirum
910 1608 979 1639 fur-

892 1744 1124 1786 XCVIII.

860 1836 888 1865 A
898 1837 926 1865 D
959 1836 976 1864 J
988 1835 1015 1865 U
1027 1836 1069 1865 ω
1080 1836 1107 1866 U
1117 1836 1168 1864 M.

272 1903 549 1945 Rr-MprrrJR
575 1904 745 1945 invidia
769 1904 963 1958 quidam,
988 1904 1217 1945 carissime
1239 1904 1351 1955 Juli,

328 1971 460 2021 Quod
482 1985 550 2012 me
574 1972 722 2013 Roma
745 1973 865 2026 legit,
886 1973 1100 2026 rumpitur
1122 1973 1301 2014 invidia.

269 2039 510 2093 Rumpitur
532 2041 713 2091 invidia,
736 2041 854 2094 quod
874 2041 1004 2082 turba
1026 2054 1201 2094 semper
1222 2041 1265 2081 in
1289 2041 1405 2082 omni

328 2107 628 2149 Monstramur
648 2108 798 2161 digito,
821 2109 1040 2163 rumpitur
1060 2109 1245 2150 invidia.

269 2174 511 2229 Rumpitur
531 2176 716 2226 invidia,
737 2176 892 2218 tribuit
913 2177 1035 2231 quod
1059 2176 1212 2218 Caesar
1233 2180 1416 2231 uterque

324 2243 352 2284 J
359 2257 409 2284 us
430 2243 538 2285 mihi
560 2251 777 2295 natorum,
798 2245 1012 2299 rumpitur
1032 2245 1216 2287 invidia.

1705 2181 1735 2221 Οἱ

309 2355 340 2386 Ο
367 2354 568 2386 dilectissime
592 2356 675 2395 Jnli,
698 2357 823 2396 quidam
845 2358 1001 2388 laceratur
1023 2357 1157 2396 invidia,
1178 2358 1258 2397 quod
1284 2357 1384 2388 Roma
1407 2358 1486 2396 legit
1506 2367 1587 2389 meos
1612 2357 1729 2399 libros,

263 2399 419 2428 laceratur
434 2398 566 2429 invidia.
612 2399 786 2431 Lctcerutur
802 2401 937 2438 invidia,
959 2401 1038 2440 quod
1054 2401 1087 2431 in
1101 2402 1184 2430 omni
1198 2400 1290 2431 turba
1305 2404 1514 2432 monstramur
1524 2401 1636 2442 digito,
1652 2403 1731 2433 lace-

263 2445 355 2472 ratur
370 2441 502 2472 invidia.
547 2442 723 2474 Lar-eratum·
738 2443 872 2483 invidia,
894 2445 974 2484 quod
997 2447 1125 2484 uterque
1157 2444 1265 2474 Coesar
1289 2443 1366 2474 mihi
1386 2445 1532 2476 concessit
1546 2445 1602 2484 jus
1629 2445 1733 2477 trium

879 2517 1112 2528 ‘ooeueoaeen

306 2562 354 2592 Ut
370 2560 404 2592 in
422 2560 552 2592 duobus
568 2560 749 2602 prioribus,
766 2563 799 2593 in
819 2562 883 2593 hoc
900 2571 1034 2604 quoque
1051 2562 1143 2593 nulla
1162 2566 1216 2594 est
1231 2563 1392 2595 varietas.

928 2639 1070 2671 NOTAE

306 2702 359 2734 Aa
398 2702 537 2743 Julium]
576 2702 786 2743 Martialem,
822 2703 865 2734 de
900 2714 966 2745 quo
1064 2708 1082 2735 5
1111 2705 1217 2735 Coesar
1232 2705 1373 2746 uterque]
1395 2705 1492 2737 Titus
1508 2708 1544 2736 et
1561 2704 1730 2737 Domitia·

264 2753 365 2794 Epig.
387 2756 435 2784 [ὓ.
450 2753 509 2784 lib.
535 2764 558 2785 1.
582 2759 618 2784 et
635 2754 736 2794 Epig.
753 2757 805 2786 17.
822 2755 880 2786 lib.
900 2763 966 2786 vn.
1022 2765 1096 2786 nus.
1142 2756 1230 2787 Vide
1248 2756 1348 2797 Epig.
1365 2759 1418 2788 94.
1436 2756 1494 2788 lib.
1512 2765 1569 2788 111.

308 2808 321 2835 1
351 2805 520 2846 Rumpitur
534 2804 670 2846 invidia]
694 2805 780 2838 Vide
799 2807 964 2848 Epig.61.
1065 2810 1083 2838 7
1111 2807 1200 2843 Quod
1226 2818 1279 2838 rus
1309 2808 1401 2849 mihi]
1425 2809 1480 2840 De
1508 2817 1572 2850 quo
1597 2807 1726 2840 dicium

262 2856 320 2889 lib.
339 2865 389 2888 v1.
1024 2858 1122 2898 Epig.
1138 2861 1189 2890 61.
1206 2858 1264 2890 lib.
1287 2867 1366 2890 viu.
