1893 3225
309 219 395 262 834
803 232 851 261 M.
885 233 996 262 vm„
1033 234 1310 265 MARTiAms

316 322 448 365 Nunc
469 324 632 366 furtiva
652 324 760 366 lucri
781 325 874 367 fieri
896 327 1164 383 bombycina
1186 335 1397 382 possunt:

373 391 595 433 Profertur
617 392 769 433 Cosmi
791 407 902 434 nunc
922 395 1030 435 mihi
1049 396 1194 436 siccus
1217 411 1348 451 onyx.

315 456 547 511 Amphora
567 472 685 500 nunc
708 461 871 514 petitur
891 462 1001 514 nigri
1024 463 1198 504 cariosa
1220 464 1409 515 Falerni,

372 525 538 579 Expiet
558 531 608 568 ut
628 541 804 569 somnos
824 529 996 581 garrula
1018 543 1126 583 saga
1144 535 1256 573 tuos.

317 593 448 634 Nunc
470 598 521 633 ut
541 607 682 635 emam
704 595 964 648 grandemve
986 596 1155 650 lupum,
1179 601 1416 642 mullumve
1435 601 1655 653 bilibrem,

374 659 542 701 Indixit
563 673 734 702 coenam
757 662 884 703 dives
906 663 1051 704 amica
1073 666 1169 706 tibi.
1713 669 1770 709 10

315 725 381 768 Sit
401 728 558 780 pudor,
581 733 622 769 et
641 729 818 769 tandem
839 730 929 770 veri
950 736 1198 783 respectus,
1219 740 1262 777 et
1283 737 1415 789 aequi.

374 794 453 835 Nil
473 796 569 845 tibi,
591 796 754 850 Phylli,
775 810 884 850 nego
903 811 913 839 :
944 798 1006 837 nil
1028 800 1149 851 mihi,
1171 803 1334 857 Phylli,
1361 817 1484 857 nega.

1741 333 1769 373 <ss

313 911 428 951 digito,
453 914 500 944 vel
527 914 608 953 lupis
631 913 670 944 ab
694 925 780 946 uure.
824 915 918 946 Nunc
935 916 1114 958 bombycina
1133 916 1260 954 furtiva
1274 918 1399 956 possunt
1416 915 1498 945 lucro
1514 915 1630 962 cedere.
1678 913 1770 961 Nune

313 954 411 985 siccus
427 965 511 996 onyx
529 956 633 987 Cosmi
647 958 820 988 ostenditur
834 959 919 990 mihi.
968 960 1064 990 Nunc
1076 960 1214 998 poscitur
1229 959 1377 998 amphora
1394 959 1514 988 mucida
1529 966 1615 996 mgrz
1632 955 1773 994 Fulernz,

315 1000 351 1027 ut
375 1007 452 1037 saga
478 1000 590 1038 loquax
609 1004 752 1039 procuret
776 1004 845 1031 tuos
871 1011 1002 1032 somnos.
1050 1003 1139 1033 Nunc
1167 1005 1201 1032 ut
1225 1011 1322 1031 emam
1337 1004 1391 1031 aut
1412 1002 1563 1039 grandem
1578 1000 1691 1039 lupum,
1714 1002 1770 1028 aul

315 1040 441 1071 mullum
479 1041 628 1081 bilibrem,
653 1043 737 1073 dices
760 1044 860 1074 amica
895 1044 1041 1074 invitarit
1074 1055 1105 1075 se
1136 1046 1175 1075 ud
1200 1049 1290 1074 tuam
1318 1053 1442 1074 coenam.
1492 1043 1629 1074 Tandem
1666 1040 1775 1072 habeus

314 1083 541 1124 verecundiam,
557 1087 586 1115 et
602 1085 754 1117 rationem
771 1086 849 1126 veri,
865 1089 895 1118 et
912 1088 1014 1127 oequi:
1038 1098 1056 1118 o
1072 1087 1193 1128 Phylli,
1207 1087 1286 1118 nihil
1300 1087 1358 1117 tibi
1372 1095 1479 1117 recuso
1495 1085 1514 1103 *
1531 1085 1562 1116 ¹⁶.

974 1172 1115 1204 NOTAE

356 1236 375 1263 5
403 1232 643 1276 Nuncsurcica]
676 1236 802 1267 Sericae
820 1242 931 1268 vestes
948 1236 1016 1268 fur·
1073 1241 1125 1270 88.
1142 1238 1200 1270 lib.
1218 1248 1240 1270 1.
1258 1242 1293 1269 et
1310 1237 1409 1278 Epig.
1423 1239 1475 1267 81.
1491 1235 1549 1267 lib.
1567 1244 1622 1267 111.
1639 1284 1645 1290 .

316 1282 410 1321 tivae,
427 1283 474 1313 ait
491 1284 625 1323 ancilla,
651 1290 719 1316 tam
743 1286 801 1316 vili
818 1287 930 1327 pretio
951 1287 1017 1318 emi
1115 1291 1133 1319 7
1160 1288 1302 1328 Cariosa]
1325 1288 1447 1318 Vinum
1462 1290 1559 1316 vetus
1576 1289 1721 1325 petitur.

315 1337 470 1373 possunt,
486 1338 524 1363 ut
540 1334 706 1366 lucrifieri
720 1335 908 1368 videantur.
1115 1341 1134 1368 8
1159 1338 1292 1378 Expiet]
1327 1337 1415 1368 Vide
1433 1336 1534 1377 Epig.
1553 1338 1605 1366 54.
1624 1333 1682 1366 lib.
1705 1343 1771 1365 vn.

357 1386 377 1413 6
398 1381 509 1413 Siccus
528 1384 627 1424 onyx]
657 1385 824 1426 Pyxidem
850 1386 1017 1427 intellige,
1073 1390 1082 1405 ⁴
1094 1388 1170 1420 Jam
1188 1389 1279 1430 prior
1295 1388 1336 1418 ad
1353 1387 1475 1418 faecem
1492 1385 1550 1416 sed
1571 1390 1606 1416 et
1619 1384 1691 1415 haec
1703 1384 1773 1415 vin-

315 1443 415 1475 quam
433 1435 543 1466 Cosmi
562 1436 741 1476 unguentis
757 1437 891 1477 impleri
905 1442 1019 1478 postu·
1073 1440 1183 1471 demia
1194 1439 1300 1479 venit,
1312 1440 1441 1470 Exorat
1457 1442 1586 1476 noctes,
1600 1435 1678 1467 dum
1693 1435 1774 1465 inihi

315 1485 365 1517 lat
381 1485 524 1526 Phyllis.
549 1487 603 1518 De
622 1487 742 1518 Cosmo
759 1488 903 1529 egimus,
918 1489 1018 1530 Epig.
1073 1498 1155 1530 saga
1171 1488 1268 1521 tuas.'

1016 1622 1093 1663 LI.

892 1712 965 1741 DE
1009 1712 1202 1741 TITIO.

429 1774 607 1815 TANTA
629 1780 694 1816 est
714 1789 814 1829 quae
830 1777 952 1818 Titio
973 1779 1175 1818 columna
1196 1777 1371 1830 pendet,

430 1841 655 1892 Quantam
678 1843 962 1897 Lampsaciae
986 1846 1138 1885 colunt
1164 1844 1339 1897 puellae.

432 1909 524 1949 Hic
544 1909 668 1950 nullo
688 1911 945 1960 comitante,
964 1924 1045 1951 nec
1068 1911 1268 1960 molesto,

433 1975 638 2017 Thfflmis
663 1978 924 2028 grandibus,
948 1983 989 2019 et
1010 1979 1101 2019 suis
1121 1978 1317 2019 lavatur:

431 2041 632 2096 Anguste
653 2044 802 2086 Titius
819 2051 968 2087 tamen
988 2046 1176 2087 lavatur.
1746 2056 1773 2083 Ο

978 2160 1120 2192 NOTAE

363 2222 379 2250 1
407 2220 555 2251 Columna
569 2221 696 2262 pendet]
719 2222 879 2263 Priapus,
897 2222 1018 2256 αἰδοῖον.
1116 2228 1134 2255 5
1158 2224 1302 2264 Anguste
1329 2224 1441 2263 Titius,
1467 2222 1536 2264 εμπ]
1557 2222 1637 2262 Ipse
1653 2222 1772 2261 ingens

360 2271 380 2300 2
404 2270 605 2310 Lampsaciae,
619 2272 688 2312 ξω]
711 2273 811 2314 Epig.
825 2276 875 2305 17.
891 2274 950 2306 lib.
968 2283 1017 2306 Χι.
1073 2279 1110 2305 et
1121 2273 1322 2315 ἀνδροσάθηςε
1341 2283 1382 2304 an
1407 2274 1485 2315 quia
1502 2273 1562 2304 sub
1579 2273 1672 2313 aquis
1688 2282 1773 2303 mas-

318 2322 354 2350 et
369 2318 426 2351 lib.
441 2328 495 2351 111.
510 2321 609 2362 Epig.
625 2325 677 2353 68.
1074 2325 1163 2356 turb.

995 2449 1100 2490 LII.

749 2535 816 2565 AD
846 2535 1033 2567 JULIUM
1069 2537 1349 2569 CEREALEM.

322 2599 554 2641 COENABIS
575 2599 706 2649 belle,
729 2601 824 2643 Juli
847 2603 1056 2655 Cerealis,
1080 2606 1200 2659 apud
1220 2620 1313 2648 me:

377 2665 583 2707 Conditio
606 2671 676 2707 est
697 2669 848 2710 melior
865 2670 904 2710 si
927 2670 1005 2712 tibi
1028 2673 1162 2723 nulla,
1187 2675 1299 2714 veni.

364 2769 395 2802 Ο
417 2770 487 2801 Juzi
505 2771 653 2812 Cerealis,
669 2772 741 2804 bene
762 2773 894 2805 coenabis
914 2776 996 2815 apud
1013 2786 1080 2808 me:
1102 2777 1129 2808 si
1145 2778 1258 2809 nullum
1274 2778 1367 2811 habes
1386 2780 1588 2812 conditionem
1605 2782 1773 2821 meliorem,
