1893 3225
256 200 343 243 994
739 210 784 238 M.
820 209 929 238 vAL.
965 208 1239 239 MARriAms

913 364 1063 406 XXI.

803 453 1176 485 GRAPHIARIUM.

260 524 384 566 HAEc
406 523 490 565 tibi
510 527 635 564 erunt
657 527 832 564 armata
852 535 931 564 suo
952 521 1205 575 graphiaria
1220 519 1330 562 ferro
1350 534 1359 560 :

315 591 364 632 Si
384 604 523 646 puero
545 590 699 641 dones,
721 602 806 631 non
825 590 922 631 leve
943 602 1100 630 munus
1121 588 1214 630 erit.

303 702 350 733 Tu
365 701 488 733 habebis
501 701 684 742 graphiaria
701 700 821 731 munita
835 709 889 731 suo
897 699 986 737 ferro
999 710 1009 729 :
1032 699 1059 730 si
1075 699 1127 730 des
1139 708 1248 738 puero,
1270 709 1330 729 71011
1347 699 1406 730 erit
1416 709 1547 740 parvum
1559 701 1681 732 (Ionum.

916 792 1057 824 NOTAE

304 857 547 897 Graphiarium]
582 857 693 888 Theca
721 861 775 888 est
801 855 959 897 graphio·
1056 859 1072 887 1
1098 857 1232 887 Armata
1254 866 1308 888 suo
1330 856 1436 898 ferro]
1459 857 1536 889 Hoc
1563 862 1630 898 est,
1658 868 1716 890 suo

259 918 352 938 rum:
391 908 566 948 graphium
605 913 718 938 autem
756 907 862 947 stylus
906 912 961 938 est
1013 906 1102 947 stylo
1119 906 1242 939 ferreo.

257 959 468 1000 scriptorius,
483 968 542 990 seu
557 958 714 990 librarius
730 959 853 998 stylus.

897 1092 1072 1134 XXII.

766 1181 1194 1213 DENTISCALPJUM.

255 1251 548 1293 LENTISCUM
570 1251 756 1294 melius:
789 1251 869 1293 sed
891 1251 930 1293 si
954 1251 1035 1292 tibi
1056 1250 1239 1293 frondea
1260 1252 1415 1307 cuspis

314 1320 531 1370 Defuerit,
554 1320 706 1361 dentes
726 1333 870 1374 penna
885 1319 1031 1361 levare
1050 1323 1209 1373 potest.

296 1429 476 1503 Leuitiscum
490 1429 599 1461 melius
614 1433 809 1470 expurgat:
834 1432 881 1469 at,
906 1429 935 1459 si
949 1437 1053 1459 careas
1059 1428 1197 1465 frondea
1211 1428 1348 1470 cuspide,
1367 1437 1469 1469 penna
1482 1432 1581 1469 potest
1597 1439 1713 1470 expur-

253 1482 329 1512 gare
370 1476 466 1503 emes.

865 1523 1039 1535 “evoco-ee
1045 1522 1100 1534 θοή

295 1562 316 1590 2
339 1558 481 1590 Desierit
496 1558 572 1590 cod.
588 1557 796 1590 Beverland.

912 1599 1053 1632 NOTAE

295 1664 562 1706 Dentiscalpium]
578 1666 657 1696 Vile
671 1664 808 1706 quidem
823 1674 956 1703 munus,
1014 1663 1113 1695 arbor
1134 1668 1188 1696 est
1208 1673 1250 1695 ex
1270 1673 1336 1706 qua
1350 1663 1454 1695 fiebat
1468 1663 1647 1696 lentiscum
1664 1664 1714 1696 in-

253 1725 320 1756 quo
341 1725 465 1757 nempe
489 1715 851 1757 circumpurgabantur
873 1715 956 1746 den·
1012 1719 1304 1756 strumentum,ut
1319 1715 1366 1747 ait
1376 1714 1563 1747 Domitius.

253 1770 319 1797 tes.
364 1766 452 1797 Vide
469 1766 528 1798 lib.
543 1775 594 1798 Π.
612 1766 713 1806 Epig.
729 1769 783 1798 74.
810 1766 819 1782 ⁴
839 1765 957 1796 Fodit·
1056 1767 1072 1795 1
1098 1764 1243 1796 Frondea
1257 1764 1373 1806 cuspis]
1398 1765 1550 1796 Lentisci
1564 1765 1710 1797 scilicet.

253 1825 318 1856 que
345 1816 450 1847 tonsis
476 1826 535 1847 ora
558 1817 636 1847 laxa
661 1814 839 1847 lentiscis.'
885 1815 954 1846 Pli-
1053 1817 1073 1845 2
1096 1815 1223 1856 Pennu]
1244 1815 1315 1846 Alii
1337 1816 1444 1856 pz'mzu.
1466 1814 1555 1846 Vide
1570 1815 1628 1846 lib.
1655 1825 1713 1847 111.

252 1865 327 1896 nius
355 1865 412 1897 lib.
438 1875 520 1897 XIV.
573 1867 582 1882 ‘
601 1866 776 1907 Optimam
794 1866 954 1897 tenuissi-
1010 1866 1111 1906 Epig.
1148 1868 1202 1897 82.
1267 1867 1276 1884 ‘
1296 1865 1525 1908 Suggeritque
1563 1867 1713 1898 ructanti

251 1926 411 1958 mamque
458 1917 569 1958 picem
614 1915 763 1948 fundunt
805 1916 955 1956 lentisci,
1011 1917 1141 1949 Pinnas
1181 1917 1356 1959 rubentes,
1386 1918 1615 1960 cuspidesque
1642 1919 1714 1949 len-

253 1976 352 2008 quam
367 1973 404 1999 et
423 1968 588 2000 masticen
605 1967 750 2000 vocant.'
774 1967 954 2000 Lentiscus
1011 1968 1115 2001 tisci.’

879 2102 1083 2144 XXIII.

780 2192 1182 2225 AURISCALPNJM.

250 2259 301 2299 Si
324 2259 403 2300 tibi
423 2273 601 2301 morosa,
620 2261 841 2314 prurigine
862 2263 1076 2304 verminat
1098 2263 1230 2313 auris,

307 2326 447 2368 Arma
467 2326 622 2368 damus
644 2329 780 2370 tantis
802 2333 912 2383 apta
931 2329 1204 2371 libidinibus.

252 2477 280 2506 ta
293 2431 329 2462 Si
344 2432 430 2506 agris
444 2435 498 2463 tua
513 2435 645 2463 vexatur
657 2434 781 2465 molesto
793 2434 933 2475 pruritu,
951 2434 1143 2475 porrigimus
1163 2445 1250 2466 arma
1274 2435 1486 2467 convenientia
1513 2436 1610 2467 tantis
1625 2436 1705 2467 titil-

283 2476 360 2506 tiom'
382 2485 430 2507 us.

856 2529 1093 2542 ‘emmanu

293 2574 309 2602 l
335 2570 506 2610 Porrigine
527 2571 593 2602 Ms.
610 2572 829 2605 Beverlandi.

902 2615 1043 2647 NOTAE

293 2676 309 2704 1
350 2672 527 2714 Verminat]
558 2673 637 2705 Hoc
675 2678 740 2715 est,
772 2679 952 2716 torquetur
1006 2674 1118 2706 medio
1144 2685 1243 2717 quam
1268 2675 1473 2717 auriscalpio
1497 2686 1581 2718 opus
1611 2680 1704 2708 esset

249 2724 439 2755 vermibus:
457 2733 522 2765 quo
536 2734 636 2755 sensu
653 2734 717 2755 non
730 2725 949 2768 sumitnrhic,
1005 2725 1047 2757 ad
1063 2726 1246 2759 curandum
1258 2727 1344 2759 hune
1360 2727 1523 2760 morbum.

249 2774 308 2805 sed
337 2783 413 2815 pro,
441 2775 623 2806 titillatur:
649 2775 715 2807 alio
742 2776 869 2818 quippe
895 2787 946 2808 re-
