1893 3225
550 230 956 262 EPIGRAMMATUM
996 230 1090 259 1113.
1124 231 1174 260 X.

128 337 177 377 Si
198 335 278 377 tibi
300 346 419 375 mens
439 332 611 383 eadem,
635 332 673 374 si
690 332 831 372 nostri
851 335 1007 372 mutua
1028 343 1130 372 cura
1151 334 1232 381 est,

185 403 238 444 In
261 415 542 457 quocumque
562 401 664 442 loco
687 400 833 441 Roma
854 400 1029 441 duobus
1049 400 1141 441 erit.

1533 399 1589 440 310

129 510 244 550 hospiti
260 514 370 542 tecum.
416 509 454 541 Si
472 519 589 540 mecum
602 508 768 548 consentis,
791 510 822 538 et
845 510 952 539 mutuo
974 505 1084 545 diligis
1105 514 1164 544 me,
1189 503 1301 544 ubique
1326 504 1426 534 Roma
1447 502 1509 533 erit
1526 512 1593 532 ηηι1

130 553 238 585 bobus.

789 635 939 677 XXI.

703 726 770 756 AD
804 725 1024 755 SEXTUM.

133 797 385 837 Scmssfflm
406 799 463 846 te,
486 808 585 849 quae
605 795 683 837 vix
704 795 922 847 intelligat
941 794 1039 847 ipse
1063 792 1316 843 Modestus,

192 864 249 906 Et
269 864 343 905 vix
369 863 605 913 Claranus,
628 862 734 918 quid
754 875 879 915 roge,
902 862 1056 910 Sexte,
1073 861 1238 915 juvat?

135 931 243 973 Non
262 932 428 972 lectore
451 933 540 972 tuis
563 944 675 985 opus
698 936 782 981 est,
800 929 877 971 sed
901 928 1126 983 Apolline,
1147 928 1270 969 libris
1289 941 1299 968 ε

191 1000 221 1041 J
226 1000 355 1041 udice
377 1004 417 1041 te
438 1000 578 1054 major
594 999 739 1040 Cinna
761 999 945 1040 Marone
961 997 1059 1038 fuit.

136 1066 212 1109 Sic
234 1072 310 1109 tua
331 1068 587 1109 laudentur:
621 1080 727 1108 sane
747 1081 848 1108 mea
867 1066 1079 1116 carmina,
1103 1066 1255 1115 Sexte,
1571 1075 1599 1103 ο

193 1135 508 1177 Grammaticis
530 1137 752 1190 placeant,
776 1141 822 1176 et
844 1136 939 1177 sine
957 1132 1287 1176 Grammaticis.

181 1245 212 1277 O
230 1245 337 1284 Sexte,
355 1245 429 1286 quid
454 1245 514 1276 tibi
535 1245 635 1286 placet
660 1254 849 1284 componere,
870 1255 939 1285 quoe
961 1243 1017 1275 vix
1039 1243 1263 1283 interpretetur
1284 1241 1350 1281 ipse
1373 1241 1550 1279 Modestus,
1572 1243 1601 1269 et

137 1288 193 1318 vix
213 1288 391 1319 Claranus?
416 1289 474 1319 Tui
488 1288 561 1318 libri
576 1299 637 1319 non
661 1288 806 1326 indigent
822 1289 948 1327 lectore,
970 1288 1024 1318 sed
1039 1286 1206 1326 Apolline:
1230 1289 1260 1316 te
1276 1284 1406 1323 arbitro,
1425 1284 1527 1314 Cinna
1550 1293 1600 1312 su·

137 1332 259 1370 per-avit
281 1332 462 1370 Virgilium.
508 1331 563 1362 Sic
579 1335 633 1362 tua
650 1333 834 1363 laudentur.-
856 1342 924 1362 πιθα
945 1330 1068 1372 quidem
1091 1329 1242 1369 carmina,
1260 1338 1279 1359 ο
1302 1328 1519 1368 Sexte,grata
1541 1325 1603 1356 siut

139 1374 370 1415 grammaticis,
386 1379 416 1406 et
428 1375 494 1406 sine
508 1374 739 1414 grammaticis.

754 1445 996 1457 mammae

184 1504 204 1532 2
231 1502 368 1533 Calanus
383 1502 459 1534 cod.
476 1503 724 1534 Pulmann.-6
748 1502 848 1532 ‘Non
867 1511 1002 1541 possum
1016 1501 1223 1541 improbare,
1240 1499 1328 1541 qnod
1347 1499 1378 1530 in
1395 1499 1479 1530 Mss.
1504 1497 1601 1529 bonae

143 1549 236 1575 notae
268 1545 395 1584 inveni,
417 1549 453 1576 ut
475 1546 552 1577 sine.
577 1546 606 1576 I.
625 1556 655 1576 e.
688 1545 745 1576 Ita
761 1545 899 1586 placere
923 1545 988 1575 illis
1002 1546 1115 1584 velim,
1133 1549 1170 1575 ut
1186 1549 1222 1575 et
1238 1545 1310 1575 sine
1327 1542 1393 1574 illis
1413 1542 1549 1583 placere
1568 1545 1604 1571 et

144 1587 291 1628 intelligi
310 1588 471 1629 possint.’
494 1588 631 1619 Gronov.

798 1629 944 1661 NOTAE

188 1697 203 1725 1
229 1694 406 1735 Modestus]
441 1694 693 1725 Grammaticus
711 1703 848 1733 nempe,

143 1745 240 1786 cujus
263 1746 414 1776 meminit
441 1745 625 1776 Suetonius
650 1745 693 1774 de
710 1745 848 1775 illustri-

143 1797 205 1828 bus
238 1796 479 1827 Grammaticis
504 1806 581 1836 cap.
612 1798 665 1826 20.
711 1796 848 1827 Claraui

145 1856 227 1878 vero
250 1846 457 1878 mentionem
482 1845 565 1877 facit
585 1846 718 1877 Seneca
738 1846 848 1886 Epist.

144 1901 198 1929 66.

189 1951 208 1980 3
232 1947 393 1988 Apolline]
417 1948 520 1988 Cujus
542 1952 595 1979 est
609 1948 779 1988 explicare
796 1956 849 1977 res

146 1998 318 2030 obscuras.
337 1998 438 2029 Unde
450 1999 544 2038 Virg.
558 1998 676 2038 Eclog.
692 2007 748 2028 ιιι.
760 1998 768 2013 ‘
783 1997 851 2027 Die

147 2049 267 2090 quibus
290 2048 323 2079 in
340 2049 453 2088 terris,
474 2048 595 2092 eteris
613 2048 692 2078 mihi
709 2057 850 2087 magnus

149 2100 288 2141 Apollo,
323 2100 406 2130 Tres
446 2104 564 2140 pateat
603 2099 678 2130 coeli
702 2098 849 2139 spatium

148 2160 215 2182 non
232 2150 376 2191 amplius
390 2149 509 2182 ulnas.'

945 1695 964 1723 4
992 1693 1110 1734 Cinna]
1134 1694 1246 1724 Poeta
1277 1693 1433 1733 egregins
1456 1691 1606 1733 quidem,

904 1743 966 1774 sed
981 1745 1074 1784 cujus
1092 1744 1236 1775 obscura
1258 1753 1339 1774 sane
1356 1746 1455 1773 erant
1471 1741 1607 1783 poema-

905 1800 952 1826 ta.
998 1796 1091 1836 Virg.
1116 1796 1236 1835 Eclog.
1263 1804 1314 1826 lx.
1358 1794 1468 1825 ‘Nam
1494 1802 1606 1834 neque

905 1846 1014 1877 adhuc
1033 1848 1121 1877 Varo
1138 1846 1267 1886 videor,
1282 1854 1345 1876 nec
1362 1844 1476 1875 dicere
1498 1843 1608 1873 Cinna

906 1896 1042 1936 Digna)

915 1962 917 1964 ·
948 1951 965 1977 5
991 1947 1108 1977 Sictua
1123 1946 1302 1987 laudentur]
1326 1945 1494 1978 Nimirum
1508 1954 1609 1986 prop·

906 2002 960 2028 ter
973 1997 1228 2028 obscuritatem.

947 2051 967 2079 6
990 2048 1035 2078 Et
1063 2048 1129 2078 sine
1157 2047 1398 2087 Grammaticis]
1443 2047 1520 2078 Hoc
1543 2053 1609 2084 est,

907 2099 1033 2129 Lector
1050 2108 1114 2128 non
1137 2098 1286 2138 indigeat
1303 2097 1550 2138 interpretibus
1567 2098 1608 2127 ad

905 2148 1128 2189 intelligenda
1140 2158 1215 2179 mea
1232 2149 1501 2189 Epigrammata.

792 2269 967 2311 XXII.

698 2361 748 2391 IN
787 2360 1065 2391 PHffiAENIM.

270 2425 379 2467 CUR
400 2427 616 2481 spleniato
634 2441 758 2482 saepe
780 2428 997 2482 prodeam
1017 2431 1181 2476 mento,

267 2493 439 2535 Albave
460 2496 608 2548 pictus
629 2509 736 2536 sana
755 2496 877 2536 labra
898 2508 1095 2543 cerussa,

270 2560 474 2610 Philaeni,
496 2563 659 2614 quaeris
678 2563 695 2603 Ἰ
728 2563 903 2604 basiare
926 2567 970 2603 te
992 2562 1109 2602 nelo.

203 2669 233 2700 O
252 2669 396 2705 Philaeni,
408 2679 512 2708 rogas,
525 2680 578 2700 cur
593 2679 672 2710 soepe
686 2680 794 2702 exeam
809 2670 958 2711 spleniato
975 2673 1089 2710 mento,
1104 2673 1158 2700 aut
1183 2670 1279 2700 labris
1294 2670 1378 2700 sanis
1390 2670 1484 2710 pictis
1499 2673 1610 2700 tamen

159 2712 230 2743 alba
241 2721 363 2743 cerussa
377 2710 391 2743 ζ)
416 2713 496 2742 Nolo
513 2716 542 2743 te
558 2714 700 2746 osculari.

770 2766 1003 2777 eaeeoeeeneeee

204 2808 245 2839 In
279 2809 454 2839 Plziloenem
479 2807 587 2839 Paris.
619 2811 715 2843 1617.
757 2809 795 2839 In
825 2809 989 2839 Philonem
1018 2809 1127 2840 Colin.
1166 2809 1262 2840 Junt.
1301 2808 1378 2839 ΑΜ.
1413 2814 1447 2838 et
1490 2808 1612 2838 philem

164 2861 212 2882 vs.
233 2854 265 2882 3.
