1893 3225
223 290 311 331 584
700 300 750 331 m.
784 300 894 329 vAL.
929 297 1202 328 MAR'rlAms

222 396 251 438 J
257 409 343 445 am,
367 394 536 444 Caesar,
557 394 629 436 vel
649 398 777 436 nocte
798 395 922 436 veni:
954 398 1070 436 stent
1092 397 1211 433 astra
1232 391 1402 440 licebit,

283 463 384 505 Non
406 463 547 505 deerit
567 463 732 517 populo
755 466 797 504 te
822 463 1018 503 veniente
1041 461 1151 502 dies.

223 585 356 606 manum.
403 574 435 605 Ο
455 574 573 614 Coesar,
580 573 650 612 jam
659 573 728 605 veni
739 574 786 604 vel
801 573 900 604 inedia
916 576 1003 604 nocte
1019 583 1029 604 .·
1054 574 1118 603 esto
1130 574 1216 602 astra
1229 572 1421 609 remaneant,
1443 569 1498 599 lux
1513 577 1571 599 non
1582 569 1680 600 deerit

222 619 333 659 populo
346 621 376 649 te
391 619 564 649 accedente.

835 668 1075 679 mvmvmaeoae

224 718 343 752 codice
366 718 576 749 Florentino.
621 717 793 749 Ausonium
818 717 918 747 Roma
941 716 1045 747 videre
1061 718 1164 746 ducem
1189 716 1222 745 in
1244 714 1455 745 Thuan.—ll
1482 713 1569 744 Edd.
1594 719 1680 747 vett.

223 765 286 794 sint
298 766 384 794 astra
399 761 514 792 licebit.
558 761 600 792 In
613 760 732 792 codice
749 759 931 791 Pulmanni
946 770 953 790 :
978 763 1059 789 stent
1076 763 1162 790 astra
1179 757 1293 789 licebit.
1338 759 1346 774 ‘
1361 757 1439 788 Hoc
1453 756 1487 786 in
1504 766 1568 788 uno
1584 758 1679 790 Junii

224 806 342 838 codice
358 809 551 844 repertum:
575 814 650 835 cuin
674 803 708 834 in
734 802 872 841 ceteris,
898 807 933 832 et
959 802 1088 832 editum
1111 802 1303 841 legeretur:
1336 799 1401 830 sint
1425 803 1521 830 astra.
1566 801 1681 832 Satin’

225 848 370 880 Latine?
393 847 502 888 iuquit
517 847 657 878 Colerus
672 857 681 885 ;
707 851 743 877 at
758 846 846 886 lego,
867 848 973 879 stent,-
997 845 1094 875 aliter
1110 854 1175 874 non
1192 843 1290 874 video
1315 843 1482 885 quomodo
1499 848 1591 874 stare
1608 853 1682 883 pos.

224 893 268 923 sit
285 890 469 922 Martialis.
516 890 607 921 Dein
626 889 814 920 Gruterus:
840 888 895 919 Ita
912 887 999 918 bene
1015 887 1223 927 Anglicanus
1240 885 1357 923 Junii3
1382 894 1444 916 nec
1460 885 1614 916 dubitavi
1632 887 1682 917 in—

223 934 317 966 ferre
333 932 523 972 contextui,
538 932 688 973 quamvis
705 936 836 963 starent
850 941 870 961 a
886 933 974 967 vulg.
991 930 1142 961 Palatini
1156 930 1224 967 alii,
1239 929 1485 969 haberentque,
1496 929 1559 959 sint
1574 933 1659 960 astra
1670 941 1680 960 .-

226 977 383 1019 quoniam
409 977 552 1007 alterum
576 974 659 1006 illud
675 984 710 1005 se
738 974 852 1005 statim
875 973 1065 1013 approbare
1088 982 1203 1013 posses
1226 971 1396 1010 omnibus,
1419 971 1514 1002 velut
1540 973 1588 1002 sol
1610 973 1682 1003 an

223 1020 325 1052 modo
341 1021 431 1050 lotus
458 1028 556 1060 aqua,
579 1018 650 1058 ipso
672 1022 805 1048 exortu.
852 1017 943 1046 Eaut
968 1025 1058 1046 nunc
1083 1015 1196 1055 magni
1223 1015 1388 1053 homiues,
1402 1018 1438 1045 et
1463 1019 1684 1046 contemnant

223 1063 396 1101 minutias,
412 1071 539 1103 easque
553 1061 670 1092 dicant
687 1058 1020 1101 paedagogicas‘esse.
1068 1058 1125 1088 Me
1141 1067 1222 1088 vero
1240 1067 1305 1088 non
1321 1056 1526 1098 paedagogus
1545 1057 1682 1098 aliquis,

225 1107 285 1137 sed
303 1105 445 1137 Romani
461 1105 663 1143 docuerunt,
684 1103 732 1133 sie
746 1113 781 1133 se
798 1103 916 1132 solitos
931 1101 1035 1141 loqui,
1055 1101 1064 1117 ‘
1078 1101 1126 1131 sol
1144 1101 1219 1139 est,'
1239 1104 1247 1117 ‘
1261 1101 1339 1130 luna
1356 1102 1430 1138 est‚'
1453 1100 1461 1116 ‘
1474 1104 1564 1130 astra
1579 1101 1682 1139 sunt,’

223 1148 352 1180 ‘imber
365 1146 450 1179 estz’
473 1147 564 1188 quod
581 1157 685 1187 genus
700 1146 754 1176 hic
772 1150 841 1176 tam
857 1145 979 1175 mirum
998 1145 1106 1174 visum
1123 1149 1190 1174 est.
1229 1143 1375 1175 Ovidius
1393 1143 1483 1173 Fast.
1501 1152 1540 1173 11.
1562 1143 1571 1159 ‘
1587 1144 1683 1175 Luna

228 1191 306 1228 fuit,
323 1191 670 1232 spectantjuvenem,
683 1188 881 1229 gladiosque
898 1186 1111 1218 recondunt.³
1132 1186 1316 1218 Suetonius
1330 1185 1421 1217 Juiio
1435 1195 1510 1225 cap.
1528 1188 1582 1216 57.
1616 1187 1625 1203 ⁶
1642 1186 1684 1217 In

226 1236 371 1275 agmine,
394 1243 633 1274 nonnunquam
660 1242 760 1273 equo,
781 1231 906 1271 saepius
931 1230 1088 1270 pedibus,
1117 1230 1283 1266 anteibat,
1306 1229 1420 1269 capite
1447 1228 1598 1268 detecto,
1621 1238 1682 1260 sen

224 1279 287 1317 sol,
310 1287 370 1309 seu
391 1277 500 1308 imber
515 1275 632 1308 esset.'
678 1275 804 1306 Noster
830 1274 890 1304 lib.
917 1282 997 1304 xlv.
1016 1274 1114 1314 Epig.
1132 1276 1185 1305 28.
1227 1273 1235 1289 ‘
1252 1272 1303 1303 Sit
1326 1272 1408 1302 licet
1431 1276 1467 1302 et
1495 1276 1629 1309 ventus,
1648 1278 1682 1303 te

224 1325 284 1352 tua
305 1321 383 1352 vela
410 1320 551 1361 tegent.’
595 1319 684 1359 Ergo
715 1322 863 1357 maneat,
886 1326 949 1347 nec
973 1322 1171 1347 moveatur:
1208 1315 1216 1331 ‘
1233 1315 1295 1346 sint
1324 1318 1423 1353 astra,
1448 1314 1573 1346 licebit:
1595 1314 1682 1346 Gro-

224 1363 354 1395 novius.

879 1402 1018 1434 NOTAE

270 1478 308 1506 11
333 1474 424 1505 Stent
454 1473 550 1514 [sint]
581 1471 683 1512 astra]
728 1471 810 1511 Alii,
836 1474 929 1510 slent,
983 1481 1030 1510 eS,
1048 1480 1066 1501 ο
1083 1470 1292 1510 Domitiano,
1317 1470 1390 1501 dies
1415 1474 1489 1509 est3
1528 1474 1565 1501 tu
1593 1470 1681 1501 enim

227 1536 302 1567 quae
322 1525 443 1556 nolunt
459 1523 527 1553 diei
550 1523 661 1553 locum
688 1520 825 1558 cedere,
841 1526 877 1551 ut
894 1525 928 1551 et
981 1522 1032 1553 sol
1049 1531 1084 1552 es
1099 1522 1346 1552 Romanorum:
1379 1521 1460 1552 licet
1482 1525 1574 1552 astra
1589 1526 1683 1551 stent

223 1578 297 1617 ipsa
312 1573 562 1615 ingredientem
577 1573 612 1604 in
627 1571 745 1603 urbem
761 1571 930 1603 Domitia-
981 1572 1105 1612 adhuc,
1133 1572 1243 1602 media
1267 1577 1382 1603 tamen
1413 1576 1515 1603 nocte
1542 1572 1683 1612 perinde

223 1637 303 1659 num
320 1626 468 1657 videant.
981 1632 1020 1654 ac
1036 1622 1092 1653 die
1108 1622 1288 1654 videberis.

270 1680 310 1709 12
335 1676 408 1707 Non
434 1674 549 1715 deerit]
595 1673 811 1714 Ubicumque
839 1672 928 1704 enini

867 1818 1042 1860 XXII.

780 1909 830 1939 IN
864 1910 1140 1940 GALLicUM.

229 1990 436 2031 INvl‘rAS
458 1988 516 2030 ad
537 2001 690 2042 aprum
708 2001 719 2039 ;
750 1987 879 2041 ponis
898 1988 1019 2037 mihi,
1043 1988 1236 2038 Gallice,
1255 1974 1453 2043 porcum.

286 2057 493 2112 Hybrida
511 2070 622 2106 sum,
646 2055 684 2096 si
705 2054 799 2104 das,
823 2054 1014 2104 Gallice,
1036 2056 1173 2096 verba
1193 2056 1310 2096 mihi.

248 2212 255 2218 “
276 2169 374 2200 Vocas
387 2168 427 2216 ad
441 2176 563 2208 aprum,
579 2176 598 2198 ο
625 2166 759 2206 Gallice,
770 2167 898 2206 apponis
909 2167 985 2197 mihi
995 2177 1132 2207 porcum.
1179 2167 1210 2199 Ο
1242 2168 1377 2208 Gallice,
1402 2177 1468 2198 sum
1492 2167 1637 2208 hybrida,
1651 2167 1682 2198 si

226 2220 428 2244 circumvenis
442 2219 501 2242 me.

270 2318 341 2350 Alii
353 2319 469 2359 legunt
484 2328 492 2349 :
518 2316 666 2358 Hybrida
681 2316 751 2357 sim,
765 2316 793 2347 si
808 2317 874 2356 das,
890 2317 943 2356 ‘'3'0·
990 2315 1077 2347 Vide
1093 2316 1178 2347 Var.
1190 2315 1311 2348 Notas.

885 2396 1025 2428 NOTAE

269 2467 290 2496 2
314 2462 477 2505 Hybrida]
529 2461 774 2503 Quodcumque
804 2461 928 2492 animal
984 2464 1036 2492 39.
1080 2462 1205 2492 Sensus
1222 2466 1296 2492 est:
1322 2462 1371 2492 Re
1390 2471 1471 2493 vera
1485 2472 1547 2502 ego
1572 2472 1682 2495 essem

227 2519 281 2546 est
293 2524 335 2546 ex
347 2514 419 2546 fero
435 2517 657 2545 etmansueto
671 2518 804 2543 natum:
821 2516 928 2543 trans·
983 2511 1138 2551 hybrida,
1167 2512 1231 2542 nisi
1260 2512 1486 2552 intelligerem
1509 2514 1585 2544 loco
1608 2515 1681 2555 apri

228 2564 338 2597 fertur
366 2565 470 2596 etiam
487 2563 529 2594 ad
549 2573 606 2593 eos
633 2563 782 2593 homines
800 2563 856 2603 qui
885 2572 927 2593 ex
983 2564 1061 2594 mihi
1079 2564 1271 2604 appositum
1295 2563 1397 2595 fnisse
1420 2575 1576 2605 porcum:
1612 2572 1683 2598 ete-

228 2618 363 2648 diversa
378 2615 571 2647 conditione
588 2613 755 2654 procreati
778 2618 868 2653 sunt,
891 2618 928 2644 ut
983 2614 1050 2644 nim
1092 2613 1236 2654 hybrida
1272 2615 1479 2655 participans
1526 2620 1683 2648 naturam

229 2667 339 2708 siquis
354 2676 396 2697 ex
412 2671 520 2696 matre
535 2664 645 2695 libera
660 2669 694 2694 et
707 2668 804 2704 patre
817 2672 928 2703 servo,
982 2665 1156 2705 utriusque
1183 2665 1334 2695 animalis
1356 2666 1482 2697 diversi
1509 2667 1564 2697 vix
1579 2677 1682 2698 unum

229 2719 283 2748 vel
297 2727 338 2747 ex
357 2721 452 2758 patre
470 2717 620 2747 Romano
647 2720 683 2746 et
704 2719 813 2746 matre
830 2724 926 2755 pere·
982 2715 1022 2746 ab
1039 2716 1146 2746 altero
1163 2716 1360 2756 distinguat.

230 2768 328 2809 grina
344 2773 439 2799 uatus
455 2767 510 2798 sit.
553 2765 642 2796 Vide
668 2764 725 2796 lib.
754 2774 802 2797 vi.
826 2765 926 2805 Epig.
