1960 3230
269 252 352 291 504
748 261 794 290 Μ.
833 261 940 290 νΑι,.
976 261 1256 291 MAR'PIAMS

271 358 438 398 Pedere
458 362 498 399 te
518 359 719 399 mallem:
753 370 941 410 namque
963 357 1047 398 hoc
1069 370 1146 397 nec
1168 357 1322 397 inutile
1343 356 1453 397 dicit

329 426 635 480 Symmachus,
658 432 701 467 et
721 427 855 466 risum
874 439 943 467 res
966 430 1114 466 movet
1136 426 1222 466 ista
1245 425 1389 465 simul.
1677 423 1732 464 10

272 493 385 544 Quis
401 494 541 535 ridere
562 498 713 547 potest
730 494 838 534 fatui
859 498 1163 546 poppysmata
1182 493 1308 533 cunni
1325 492 1343 531 ‘P

330 561 441 602 Cum
462 567 594 603 sonat
612 561 700 611 hic,
718 562 789 602 cui
811 575 896 602 non
918 561 1111 601 mentula
1136 573 1345 614 mensque
1367 558 1521 600 cadit?

274 629 361 670 Dic
382 629 550 682 aliquid
568 630 738 679 saltem,
762 629 1047 681 clamosoque
1071 629 1274 680 obstrepe
1299 640 1472 668 cunno:

331 695 388 737 Et
409 697 448 737 si
468 696 580 737 adeo
599 700 718 737 muta
739 710 803 745 es,
826 695 946 736 disce
970 695 1037 736 vel
1056 695 1157 735 inde
1174 695 1311 747 loqui.

939 817 1078 848 NOTAE

320 889 356 917 ll
383 886 605 928 poppysmata]
628 887 703 919 Vox
716 887 841 919 fictitia
861 898 978 919 asono
1034 888 1237 919 attrectatio
1276 887 1413 926 blanda,
1441 891 1479 917 ut
1515 896 1591 927 quae
1623 885 1662 916 fit
1693 885 1735 916 ad

275 946 342 977 qno
359 937 455 977 equis
471 937 616 968 necdum
630 937 979 969 domitisblandimur.
1035 938 1256 969 cicurandum
1284 948 1417 979 equum.
1464 936 1550 968 Vide
1582 937 1641 967 lib.
1680 946 1735 967 111.

275 987 466 1019 Politianus
484 988 630 1021 Misceil.
648 1000 724 1030 cap.
741 992 794 1021 32.
812 989 979 1021 demulsio
1036 989 1138 1029 Epig.
1154 992 1208 1020 72.

934 1153 1081 1196 XIX.

699 1244 761 1273 DE
796 1244 963 1274 FRAGM
976 1244 1101 1274 ENTo
1134 1244 1313 1274 ARGUS.

280 1321 350 1362 FR
360 1332 460 1362 ΛΟΜ
470 1333 600 1363 ΕΝΤυ
610 1334 659 1371 M,
679 1323 796 1376 quod
821 1323 905 1364 vile
918 1328 1054 1376 putas
1076 1327 1118 1363 et
1138 1323 1289 1364 inutile
1311 1323 1489 1376 lignum,

337 1389 452 1430 Haec
473 1390 555 1431 fuit
575 1391 711 1443 ignoti
733 1393 877 1444 prima
899 1392 1051 1433 carina
1072 1392 1219 1432 maris.

280 1456 428 1507 Quam
448 1471 527 1499 nec
547 1458 738 1512 Cyaneae
759 1459 984 1513 quondam
1000 1463 1179 1513 potuere
1201 1458 1339 1499 ruinae

336 1525 572 1579 Frangere,
594 1541 673 1568 nec
693 1527 895 1581 Scythici
911 1527 1081 1568 tristior
1102 1528 1170 1567 ira
1191 1526 1301 1567 freti.

282 1593 460 1635 Saecula
479 1596 699 1637 vicerunt:
733 1596 808 1636 sed
825 1596 1031 1650 quamvis
1053 1595 1239 1635 cesserit
1258 1594 1399 1643 annis,
1717 1594 1745 1633 5

338 1661 544 1704 Sanctior
564 1668 633 1705 est
654 1664 781 1705 salva
801 1677 942 1717 parva
963 1663 1132 1704 tabella
1152 1668 1262 1703 rate.

324 1778 547 1817 Fragmentum
562 1781 640 1820 quod
654 1778 755 1811 credis
776 1784 964 1811 contemtum
987 1784 1080 1820 atque
1106 1780 1220 1810 inutile
1240 1779 1372 1819 lignum,
1398 1779 1464 1810 hoec
1476 1778 1545 1817 fuit
1569 1777 1671 1818 prima
1693 1788 1744 1808 ca-

280 1822 350 1852 rina
365 1822 461 1852 maris
475 1823 628 1860 incogniti
641 1834 652 1860 ;
674 1834 741 1863 quoe
756 1824 829 1854 olim
845 1833 898 1853 nec
919 1824 1022 1862 potuit
1032 1823 1148 1861 frangi
1164 1823 1265 1852 ruinis
1290 1822 1438 1862 Cyaneis,
1463 1832 1516 1852 nec
1540 1821 1669 1852 saeviore
1694 1821 1744 1851 ira

282 1865 423 1905 Scythici
431 1864 526 1902 freti.
547 1866 640 1897 Victa
651 1870 697 1897 est
711 1867 833 1897 soeculz's
847 1876 858 1903 ‚·
876 1869 909 1896 at
926 1866 997 1897 licet
1013 1866 1139 1897 cesserit
1152 1866 1254 1906 αηηὶς,
1267 1866 1382 1904 exigua
1398 1865 1511 1896 tabella
1526 1864 1690 1903 augustior
1701 1867 1747 1894 est

283 1918 360 1938 nave
376 1909 511 1946 integra.

895 1961 953 1972 ΝΟ
957 1961 1134 1972 eme&

328 2017 347 2045 2
372 2014 521 2053 Hocsuit
537 2016 745 2046 Beverlandi
760 2016 892 2047 Ms.—4
917 2014 1005 2046 Edd.
1023 2019 1107 2046 vett.
1121 2014 1263 2054 habent,
1277 2014 1448 2053 undafretz‘
1459 2025 1469 2045 .·
1492 2012 1674 2044 Pnimanni
1690 2022 1746 2043 co-

284 2058 364 2094 dex,
379 2058 428 2089 ira
437 2058 544 2097 fretz',·
567 2064 602 2089 et
619 2059 666 2090 sic
683 2059 799 2090 Plant.
813 2059 953 2091 Junian.
970 2058 1096 2097 Delph.
1114 2057 1217 2089 Οτι-111.
1235 2059 1342 2090 Scriv.
1359 2057 1507 2089 Farnab.
1524 2055 1698 2088 Schrevel.
1715 2060 1750 2088 et

283 2105 494 2132 recentt.-—5
519 2102 641 2133 Soecuza
655 2102 808 2141 vicerunt,
820 2105 849 2132 ct
862 2101 1000 2142 quamvis
1011 2101 1221 2132 Beverlandi
1237 2102 1300 2132 Ms.

945 2188 1086 2220 NOTAE

329 2256 345 2283 1
372 2251 616 2292 Fragmentum]
638 2253 745 2284 Navis
773 2253 908 2284 scilicet
926 2252 988 2284 Ar·
1044 2257 1122 2283 sunt
1136 2252 1267 2292 insulae,
1285 2252 1337 2282 vel
1364 2260 1444 2282 saxa
1460 2250 1651 2292 adjacentia
1666 2250 1749 2282 Bos-

287 2313 360 2344 gus,
384 2302 474 2344 quod
502 2303 617 2333 Romae
635 2308 715 2335 tunc
734 2304 886 2335 extabat.
936 2304 989 2334 De
1045 2304 1151 2344 phoro
1173 2303 1332 2340 Thracio,
1356 2302 1470 2340 hodie,
1489 2302 1590 2332 Canal
1615 2303 1652 2331 de
1669 2302 1748 2332 Cou-

285 2354 344 2384 illa
355 2362 441 2384 nave
454 2357 490 2384 et
503 2352 713 2393 Argonautis
725 2354 801 2385 vide
814 2353 988 2385 Valerium
1044 2354 1244 2394 stanffnople,
1260 2364 1334 2394 quae
1360 2363 1427 2384 non
1452 2351 1524 2383 sine
1553 2361 1676 2392 magno
1693 2361 1749 2393 pe-

290 2408 464 2438 Flaccum.
1046 2406 1154 2436 riculo
1168 2405 1428 2435 transmiserunt
1445 2403 1664 2443 Argonautae.

329 2461 350 2489 2
368 2455 537 2496 Hoecfuz't]
554 2455 645 2487 Ante
658 2455 881 2496 Argonautas
898 2465 992 2487 mare
1089 2459 1109 2487 4
1133 2456 1190 2486 Ira
1208 2454 1308 2494 sretz']
1349 2454 1425 2485 Hoc
1465 2459 1532 2490 est,
1562 2458 1751 2493 tempestas

288 2507 432 2539 navibus
449 2512 618 2538 tentatum
643 2517 709 2538 non
724 2506 850 2547 fuit‚ut
866 2513 994 2539 canunt
1047 2506 1153 2538 Ponti
1195 2505 1329 2536 Euxini.
1398 2503 1466 2534 Ani
1505 2503 1634 2542 legunt,
1670 2505 1752 2534 unda

291 2559 422 2591 Potitae.
1040 2557 1138 2595 freti.

334 2614 352 2641 :3
379 2611 512 2650 Cyaneoe
525 2609 641 2649 ruinoe]
659 2608 806 2650 Cyaneae
821 2619 880 2640 seu
897 2609 993 2650 Sym·
1091 2611 1111 2639 6
1134 2605 1296 2645 Sanctior]
1321 2605 1472 2645 Propter
1495 2603 1751 2635 venerationem

292 2661 453 2703 plegades
471 2660 657 2692 secundnm
675 2660 899 2692 Ptolemaeum
916 2660 993 2692 duae
1050 2669 1126 2701 quae
1144 2658 1291 2689 debetur
1305 2653 1515 2697 antiquitati.
