1893 3225
572 236 979 268 ErioaixMMA'rUM
1017 237 1108 266 [ΑΒ.
1144 237 1233 266 xii.
1540 226 1624 268 893

287 342 292 347 ·
342 332 443 373 Ibat
464 333 601 386 tripes
624 333 843 384 grabatus,
866 333 910 370 et
930 331 1059 384 bipes
1080 344 1245 381 mensa,

343 400 400 440 Et
422 413 523 441 cum
543 401 734 448 lucerna,
760 411 1009 451 corneoque
1034 404 1198 439 cratere

342 466 530 508 Matella
547 472 667 508 curto
690 471 823 519 rupta
842 466 975 506 latere
995 466 1197 506 meiebat.

346 534 516 575 Focum
537 535 718 574 ferentis
740 534 921 574 suberat
942 533 1164 586 amphorae
1180 535 1355 575 cervix:

344 603 505 643 Fuisse
527 615 686 655 gerreS,
711 605 785 642 aut
805 601 982 641 inutiles
1005 614 1170 642 maenas

343 670 465 711 Odor
486 669 737 724 impudicus
759 669 876 709 urcei
898 668 1129 719 fatebatur,

344 737 536 788 Qualem
557 738 736 778 marinae
758 737 879 778 misit
901 750 1007 778 aura
1028 737 1226 790 piscinae.

345 806 442 847 Nec
466 806 636 859 quadra
656 805 802 847 deerat
823 806 945 846 casei
965 805 1238 847 Tholosatis.

344 872 591 923 Quadrima
610 873 719 925 nigri
740 886 820 914 nec
843 886 1004 914 corona
1025 873 1159 927 pulei,

341 939 581 994 Calvaeque
601 945 736 981 resies
758 941 964 993 allioque,
986 941 1210 994 cepisque,

342 1007 438 1048 Nec
460 1009 594 1062 plena
613 1009 726 1062 turpi
746 1009 898 1049 matris
920 1009 1005 1049 olla
1028 1009 1188 1057 resina,

342 1076 689 1116 Summoenianae
711 1089 797 1129 qua
819 1076 1010 1129 pilantur
1033 1090 1206 1117 uxores.

344 1144 463 1195 Quid
486 1145 648 1198 quaeris
670 1145 806 1195 aedes,
825 1145 1088 1198 villicosque
1111 1146 1296 1195 derides,

343 1211 563 1252 Habitare
585 1212 737 1263 gratis,
758 1225 784 1252 o
808 1211 1022 1262 Vacerra,
1043 1226 1143 1253 cum
1166 1215 1346 1267 possis?

341 1279 458 1320 Haec
481 1280 748 1321 sarcinarum
770 1293 934 1334 pompa
953 1282 1157 1322 convenit
1177 1283 1319 1335 ponti.

1569 605 1625 646 15

1569 942 1624 983 20

1567 1285 1624 1326 25

166 1376 303 1418 cedebat,
327 1380 358 1408 et
387 1387 493 1408 mensa
515 1376 612 1417 bipes,
636 1381 664 1408 et
688 1388 755 1408 cum
785 1379 921 1417 lucerna,
947 1381 977 1408 et
1000 1387 1107 1408 corneo
1133 1380 1254 1409 cratere
1269 1379 1393 1410 malello
1408 1379 1517 1417 fracta
1541 1381 1623 1412 brevi

167 1422 264 1452 latere
280 1421 421 1451 meiebat.
469 1421 587 1451 Cervix
609 1421 767 1460 portantis
782 1419 891 1459 focum
916 1420 1055 1459 subjecta
1080 1424 1149 1451 erat
1171 1421 1337 1460 amphorae.
1384 1423 1526 1454 Foetidus
1550 1426 1624 1455 odor

167 1464 264 1502 urcei,
287 1463 386 1502 qualis
401 1463 513 1494 emissa
530 1466 575 1493 est
597 1464 635 1493 ab
651 1474 727 1494 aura
742 1464 870 1503 pissime
886 1463 1032 1500 marinoe,
1048 1463 1274 1503 testificabatur
1298 1465 1331 1495 in
1345 1474 1385 1496 eo
1392 1465 1494 1502 fuisse
1506 1477 1624 1505 gerres,

168 1511 222 1538 aut
239 1516 351 1536 maenus
367 1506 500 1537 inutiles.
547 1506 615 1536 Nec
637 1508 756 1546 quadra
771 1507 851 1537 casei
878 1506 1028 1536 Tolosatis
1055 1505 1225 1547 deficiebat,
1249 1516 1304 1537 nec
1325 1518 1434 1538 corona
1462 1510 1624 1549 quadrimo

169 1549 253 1588 nigri
265 1549 359 1588 pulei,
373 1552 402 1579 et
419 1549 512 1579 culroe
527 1552 623 1579 restes
638 1552 667 1579 et
680 1550 766 1588 allio,
782 1553 812 1579 et
827 1551 922 1589 cepis,
935 1558 989 1579 nec
1003 1549 1064 1579 olla
1076 1549 1187 1578 matris
1199 1554 1264 1579 tuae
1280 1551 1371 1589 plena
1379 1551 1494 1588 foetida
1509 1553 1625 1590 resina,

168 1602 227 1632 qua
243 1592 482 1622 Summoe‘nianoe
499 1601 609 1622 uxores
629 1592 827 1630 glabrantur.
874 1592 903 1621 Ο
928 1591 1075 1629 Vacerra,
1090 1592 1165 1631 quid
1181 1592 1296 1630 qnaeris
1317 1594 1451 1633 (Ionium,
1473 1599 1503 1626 et
1519 1596 1624 1626 illudis

167 1635 300 1674 villicos,
314 1644 381 1664 cum
403 1635 503 1674 possis
525 1634 636 1665 habere
658 1635 851 1666 domicilium
864 1632 993 1674 gratis?
1020 1635 1097 1665 Hoec
1117 1644 1230 1674 pompa
1256 1636 1448 1667 sarcinarum
1478 1641 1551 1678 apta
1576 1642 1622 1669 est

171 1678 271 1718 ponti.

782 1730 919 1741 ‘moer
924 1729 1019 1740 nrm

169 1775 189 1803 9
214 1772 263 1803 Ad
279 1783 332 1803 rus
343 1773 410 1803 Ms.
428 1773 653 1804 BeverL—l4
676 1774 758 1804 Foco
769 1772 883 1803 virenti
895 1771 949 1802 ed.
968 1772 1073 1803 Barb.
1110 1773 1188 1804 Vid.
1206 1775 1288 1805 Not.
1311 1775 1478 1806 Van—15
1506 1776 1624 1807 Tulisse

170 1817 242 1846 vult
279 1815 321 1846 de
352 1816 458 1856 Rooy.
505 1816 607 1846 Grues
633 1816 709 1846 cod.
751 1815 970 1846 BeverL—IG
1007 1815 1131 1846 Hir-cii.-
1165 1817 1232 1848 vid.
1269 1823 1417 1848 nostram
1453 1818 1508 1849 ed.
1541 1819 1624 1850 Ovi-

169 1858 479 1932 ‘lisicia’vgi-13797’—l⁷
508 1858 599 1889 Vixit
615 1858 661 1889 id.
693 1858 777 1889 Visit
802 1857 1053 1898 legend-jubet
1067 1858 1398 1893 Beverlandus.——·2l
1425 1861 1530 1892 Maris
1546 1863 1622 1893 cod.

831 1942 971 1974 NOTAE

213 1999 250 2026 ll
279 1996 386 2036 Tripes
413 1996 577 2036 grabatus]
600 1997 685 2027 Vilis
711 1997 867 2027 nimirum

167 2048 290 2085 lectus,
308 2048 363 2078 cui
380 2053 417 2078 ut
434 2052 468 2078 et
494 2057 618 2078 mensae
640 2047 758 2078 deerat
782 2056 866 2077 unus

169 2107 251 2138 pes:
269 2108 394 2129 mensae
417 2098 506 2129 enim
522 2098 740 2139 utplurimum
758 2097 866 2129 tribus

168 2148 311 2189 pedibus
329 2148 570 2180 fulciebantur.

212 2202 251 2230 13
277 2198 429 2239 Meielmt]
454 2199 529 2230 Hoc
545 2204 612 2240 est,
627 2209 669 2231 ex
687 2210 750 2241 qua
767 2203 869 2240 rupta

170 2248 331 2281 effluebat
344 2251 452 2282 urina.

214 2303 252 2331 14
281 2301 392 2331 Focum
411 2301 564 2342 ferentis]
591 2302 643 2333 An
677 2301 869 2342 impositam

170 2350 327 2382 Vacerrae
355 2361 398 2382 an
426 2353 515 2383 servi
545 2353 651 2393 capiti
674 2352 868 2392 amphorani

170 2400 224 2430 cui
237 2399 333 2431 focus
347 2402 482 2433 iuerat?
502 2402 631 2433 Videat
647 2403 768 2433 lector.
805 2402 868 2432 Le-

171 2450 301 2489 gendus
323 2450 499 2483 Juvenalis
515 2452 587 2484 Sat.
615 2462 669 2483 ιιι.
684 2455 759 2483 251.
805 2453 868 2483 Le-

171 2504 256 2539 gunt
268 2500 335 2538 alii,
353 2501 431 2531 Foco
444 2503 556 2533 virenti
570 2502 694 2534 suberat
714 2503 869 2542 amphoroe

170 2550 286 2580 cervix.
311 2550 420 2582 Quam
432 2551 613 2583 lectionem
624 2563 688 2584 non
707 2554 871 2594 intelligo.

218 2603 252 2630 15
280 2600 410 2642 Gerres]
433 2601 550 2632 Genus
578 2612 700 2643 nempe
726 2605 870 2635 locusta-

171 2661 256 2689 rum,
276 2652 373 2692 Epig.
387 2655 439 2684 77.
456 2653 514 2684 lib.
531 2663 588 2684 111.
634 2655 769 2695 Moenas]
796 2655 870 2686 Pis-

171 2700 299 2731 ciculos
317 2701 358 2731 de
373 2702 492 2742 quibus
511 2702 568 2732 lib.
586 2711 639 2733 xr·
652 2704 749 2743 Epig.
766 2707 820 2735 31.

215 2754 254 2782 13
287 2753 378 2784 Casei
416 2753 582 2793 Tolosatis]
624 2754 707 2785 Mali
735 2755 870 2786 scilicet

171 2802 313 2841 saporis.
368 2803 493 2834 Tolosa
525 2804 604 2834 urbs
633 2804 755 2835 Gaui-‹r›
787 2805 869 2836 satis

172 2859 262 2883 nota.

966 1998 1006 2026 19
1030 1997 1217 2038 Quadrima]
1243 1998 1320 2030 Hoc
1337 2003 1404 2038 est,
1420 2000 1590 2040 pulegium
1606 2012 1624 2031 a

924 2050 1069 2086 quatuor
1096 2048 1191 2078 annis
1217 2054 1402 2087 servatum,
1429 2059 1536 2090 eoque
1565 2050 1621 2082 de-

923 2096 1172 2138 terius,nempe
1185 2099 1318 2130 cibariis
1328 2099 1533 2131 rusticorum
1545 2111 1623 2132 con-

922 2145 1055 2177 diendis
1070 2147 1290 2180 inserviebat.

965 2200 1007 2228 20
1033 2199 1137 2229 Calvae
1152 2199 1263 2238 restes]
1286 2200 1410 2231 Sensus
1432 2204 1505 2231 est:
1531 2200 1623 2232 Allia

924 2251 959 2277 et
972 2257 1067 2288 cepae
1085 2258 1125 2278 ex
1143 2248 1278 2280 funibus
1295 2259 1355 2280 seu
1369 2250 1517 2282 restibus
1542 2262 1625 2291 pen-

923 2298 1057 2338 dentes,
1072 2310 1154 2341 quas
1168 2301 1281 2332 calvas
1299 2306 1409 2341 vocat,
1423 2302 1511 2342 quod
1527 2312 1622 2343 cepae

925 2350 992 2380 sint
1010 2351 1154 2390 glabrae.

965 2403 1006 2431 22
1030 2400 1284 2442 Summoenianoe]
1321 2402 1396 2433 Hoc
1424 2406 1489 2442 est,
1514 2413 1622 2435 mere-

923 2451 1039 2482 trices.
1086 2451 1174 2482 Vide
1188 2453 1246 2483 iib.
1262 2461 1319 2483 111.
1336 2453 1436 2492 Epig.
1453 2456 1506 2485 81.

965 2504 1006 2532 23
1032 2502 1116 2537 Quid
1145 2502 1272 2543 quaeris]
1310 2502 1385 2534 Hoc
1421 2510 1486 2543 est,
1512 2504 1623 2545 inquit

923 2553 1122 2591 Farnabius,
1151 2554 1242 2586 Quid
1266 2554 1389 2595 quaeris
1416 2555 1526 2585 villam
1544 2555 1624 2595 ruri,

922 2604 1016 2644 quasi
1044 2604 1224 2635 lautiorum
1254 2615 1347 2636 more
1373 2614 1432 2645 per
1465 2610 1621 2636 aestatem

924 2655 1147 2686 rusticaturus
1163 2655 1207 2685 sis
1222 2655 1228 2684 1

972 2705 1155 2746 Villicosque
1178 2705 1315 2745 derides]
1346 2705 1430 2735 Cum
1460 2704 1620 2736 solvendo

926 2765 990 2786 non
1005 2755 1060 2786 sis.

968 2809 1007 2836 *25
1047 2805 1160 2844 Ponti]
1200 2805 1266 2836 Ubi
1303 2815 1424 2845 nempe
1468 2805 1621 2837 habitant

927 2855 1086 2886 mendici.
