<?xml version="1.0" encoding="UTF-8"?>
<!DOCTYPE html PUBLIC "-//W3C//DTD XHTML 1.0 Transitional//EN"
    "http://www.w3.org/TR/xhtml1/DTD/xhtml1-transitional.dtd">
<html xmlns="http://www.w3.org/1999/xhtml" xml:lang="en" lang="en">
 <head>
  <title>
</title>
<meta http-equiv="Content-Type" content="text/html;charset=utf-8" />
  <meta name='ocr-system' content='tesseract 3.04.00' />
  <meta name='ocr-capabilities' content='ocr_page ocr_carea ocr_par ocr_line ocrx_word'/>
</head>
<body>
  <div class='ocr_page' id='page_1' title='image "./epigrammataexedi02martuoft_0298.png"; bbox 0 0 1893 3225; ppageno 0'>
   <div class='ocr_carea' id='block_1_1' title="bbox 276 232 362 276">
    <p class='ocr_par' dir='ltr' id='par_1_1' title="bbox 276 232 362 276">
     <span class='ocr_line' id='line_1_1' title="bbox 276 232 362 276; baseline -0.035 0"><span class='ocrx_word' id='word_1_1' title='bbox 276 232 362 276; x_wconf 63' lang='lat'>786</span> 
     </span>
    </p>
   </div>
   <div class='ocr_carea' id='block_1_2' title="bbox 754 241 1258 271">
    <p class='ocr_par' dir='ltr' id='par_1_2' title="bbox 754 241 1258 271">
     <span class='ocr_line' id='line_1_2' title="bbox 754 241 1258 271; baseline 0.002 -1"><span class='ocrx_word' id='word_1_2' title='bbox 754 243 803 270; x_wconf 80' lang='lat' dir='ltr'>M.</span> <span class='ocrx_word' id='word_1_3' title='bbox 839 241 948 271; x_wconf 75' lang='lat' dir='ltr'>VAL.</span> <span class='ocrx_word' id='word_1_4' title='bbox 984 241 1258 271; x_wconf 71' lang='lat' dir='ltr'><strong>MARTIALlS</strong></span> 
     </span>
    </p>
   </div>
   <div class='ocr_carea' id='block_1_3' title="bbox 845 431 1165 473">
    <p class='ocr_par' dir='ltr' id='par_1_3' title="bbox 845 431 1165 473">
     <span class='ocr_line' id='line_1_3' title="bbox 845 431 1165 473; baseline -0.006 0"><span class='ocrx_word' id='word_1_5' title='bbox 845 431 1165 473; x_wconf 83' lang='lat' dir='ltr'>LXXXVII.</span> 
     </span>
    </p>
   </div>
   <div class='ocr_carea' id='block_1_4' title="bbox 702 531 1308 563">
    <p class='ocr_par' dir='ltr' id='par_1_4' title="bbox 702 531 1308 563">
     <span class='ocr_line' id='line_1_4' title="bbox 702 531 1308 563; baseline -0.002 -1"><span class='ocrx_word' id='word_1_6' title='bbox 702 533 764 563; x_wconf 91' lang='lat' dir='ltr'>DE</span> <span class='ocrx_word' id='word_1_7' title='bbox 796 533 987 563; x_wconf 84' lang='lat' dir='ltr'>NATALI</span> <span class='ocrx_word' id='word_1_8' title='bbox 1025 531 1308 563; x_wconf 79' lang='lat' dir='ltr'>RESTITU&#39;rl.</span> 
     </span>
    </p>
   </div>
   <div class='ocr_carea' id='block_1_5' title="bbox 392 611 1743 1212">
    <p class='ocr_par' dir='ltr' id='par_1_5' title="bbox 395 611 1198 666">
     <span class='ocr_line' id='line_1_5' title="bbox 395 611 1198 666; baseline 0 -14"><span class='ocrx_word' id='word_1_9' title='bbox 395 613 657 654; x_wconf 68' lang='lat' dir='ltr'>OCTOBRES</span> <span class='ocrx_word' id='word_1_10' title='bbox 680 626 760 666; x_wconf 77' lang='lat' dir='ltr'>age</span> <span class='ocrx_word' id='word_1_11' title='bbox 783 613 941 654; x_wconf 87' lang='lat' dir='ltr'>sentiat</span> <span class='ocrx_word' id='word_1_12' title='bbox 964 611 1198 653; x_wconf 79' lang='lat' dir='ltr'>Kalendas</span> 
     </span>
    </p>

    <p class='ocr_par' dir='ltr' id='par_1_6' title="bbox 392 680 1118 735">
     <span class='ocr_line' id='line_1_6' title="bbox 392 680 1118 735; baseline -0.004 -13"><span class='ocrx_word' id='word_1_13' title='bbox 392 681 593 723; x_wconf 79' lang='lat' dir='ltr'>Facundi</span> <span class='ocrx_word' id='word_1_14' title='bbox 615 681 692 735; x_wconf 83' lang='lat' dir='ltr'>pia</span> <span class='ocrx_word' id='word_1_15' title='bbox 714 680 867 721; x_wconf 77' lang='lat' dir='ltr'>Roma</span> <span class='ocrx_word' id='word_1_16' title='bbox 887 680 1118 721; x_wconf 85' lang='lat' dir='ltr'>Restituti.</span> 
     </span>
    </p>

    <p class='ocr_par' dir='ltr' id='par_1_7' title="bbox 395 749 1196 804">
     <span class='ocr_line' id='line_1_7' title="bbox 395 749 1196 804; baseline -0.002 -13"><span class='ocrx_word' id='word_1_17' title='bbox 395 750 579 804; x_wconf 81' lang='lat' dir='ltr'>Linguis</span> <span class='ocrx_word' id='word_1_18' title='bbox 602 750 807 790; x_wconf 86' lang='lat' dir='ltr'>omnibus</span> <span class='ocrx_word' id='word_1_19' title='bbox 830 753 872 790; x_wconf 77' lang='lat' dir='ltr'>ei</span> <span class='ocrx_word' id='word_1_20' title='bbox 892 749 1038 790; x_wconf 77' lang='lat' dir='ltr'>favete</span> <span class='ocrx_word' id='word_1_21' title='bbox 1060 749 1196 789; x_wconf 85' lang='lat' dir='ltr'>votis.</span> 
     </span>
    </p>

    <p class='ocr_par' dir='ltr' id='par_1_8' title="bbox 395 818 1123 865">
     <span class='ocr_line' id='line_1_8' title="bbox 395 818 1123 865; baseline -0.005 -4"><span class='ocrx_word' id='word_1_22' title='bbox 395 819 601 861; x_wconf 76' lang='lat' dir='ltr'>Natalem</span> <span class='ocrx_word' id='word_1_23' title='bbox 619 819 823 865; x_wconf 83' lang='lat' dir='ltr'>colimus,</span> <span class='ocrx_word' id='word_1_24' title='bbox 846 820 987 858; x_wconf 81' lang='lat' dir='ltr'>tacete</span> <span class='ocrx_word' id='word_1_25' title='bbox 1008 818 1123 858; x_wconf 83' lang='lat' dir='ltr'>lites.</span> 
     </span>
    </p>

    <p class='ocr_par' dir='ltr' id='par_1_9' title="bbox 393 885 1743 1008">
     <span class='ocr_line' id='line_1_9' title="bbox 393 885 1743 935; baseline -0.001 -8"><span class='ocrx_word' id='word_1_26' title='bbox 393 887 527 929; x_wconf 80' lang='lat' dir='ltr'>Absit</span> <span class='ocrx_word' id='word_1_27' title='bbox 549 899 700 928; x_wconf 88' lang='lat' dir='ltr'>cereus</span> <span class='ocrx_word' id='word_1_28' title='bbox 722 885 832 926; x_wconf 86' lang='lat' dir='ltr'>aridi</span> <span class='ocrx_word' id='word_1_29' title='bbox 853 885 1043 935; x_wconf 88' lang='lat' dir='ltr'>clientis,</span> <span class='ocrx_word' id='word_1_30' title='bbox 1715 887 1743 926; x_wconf 84' lang='lat'>5</span> 
     </span>
     <span class='ocr_line' id='line_1_10' title="bbox 396 954 1281 1008; baseline 0 -12"><span class='ocrx_word' id='word_1_31' title='bbox 396 956 452 997; x_wconf 89' lang='lat' dir='ltr'>Et</span> <span class='ocrx_word' id='word_1_32' title='bbox 475 956 576 995; x_wconf 84' lang='lat' dir='ltr'>vani</span> <span class='ocrx_word' id='word_1_33' title='bbox 598 954 812 1007; x_wconf 81' lang='lat' dir='ltr'>triplices,</span> <span class='ocrx_word' id='word_1_34' title='bbox 834 955 1080 1007; x_wconf 85' lang='lat' dir='ltr'>brevesque</span> <span class='ocrx_word' id='word_1_35' title='bbox 1103 967 1281 1008; x_wconf 86' lang='lat' dir='ltr'>mappae</span> 
     </span>
    </p>

    <p class='ocr_par' dir='ltr' id='par_1_10' title="bbox 394 1021 1244 1076">
     <span class='ocr_line' id='line_1_11' title="bbox 394 1021 1244 1076; baseline -0.001 -13"><span class='ocrx_word' id='word_1_36' title='bbox 394 1022 644 1076; x_wconf 79' lang='lat' dir='ltr'><strong>Expectent</strong></span> <span class='ocrx_word' id='word_1_37' title='bbox 665 1021 942 1075; x_wconf 82' lang='lat' dir='ltr'>gelidijocos</span> <span class='ocrx_word' id='word_1_38' title='bbox 968 1022 1244 1063; x_wconf 76' lang='lat' dir='ltr'>Decembris.</span> 
     </span>
    </p>

    <p class='ocr_par' dir='ltr' id='par_1_11' title="bbox 399 1089 1115 1131">
     <span class='ocr_line' id='line_1_12' title="bbox 399 1089 1115 1131; baseline -0.001 0"><span class='ocrx_word' id='word_1_39' title='bbox 399 1090 578 1131; x_wconf 82' lang='lat' dir='ltr'>Certent</span> <span class='ocrx_word' id='word_1_40' title='bbox 596 1089 850 1130; x_wconf 86' lang='lat' dir='ltr'>muneribus</span> <span class='ocrx_word' id='word_1_41' title='bbox 877 1090 1115 1130; x_wconf 84' lang='lat' dir='ltr'>beatiores.</span> 
     </span>
    </p>

    <p class='ocr_par' dir='ltr' id='par_1_12' title="bbox 396 1157 1101 1212">
     <span class='ocr_line' id='line_1_13' title="bbox 396 1157 1101 1212; baseline -0.001 -13"><span class='ocrx_word' id='word_1_42' title='bbox 396 1159 612 1212; x_wconf 80' lang='lat' dir='ltr'>Agrippae</span> <span class='ocrx_word' id='word_1_43' title='bbox 635 1157 833 1198; x_wconf 87' lang='lat' dir='ltr'>tumidus</span> <span class='ocrx_word' id='word_1_44' title='bbox 856 1158 1101 1209; x_wconf 80' lang='lat' dir='ltr'>negotiator</span> 
     </span>
    </p>
   </div>
   <div class='ocr_carea' id='block_1_6' title="bbox 399 1224 1196 1278">
    <p class='ocr_par' dir='ltr' id='par_1_13' title="bbox 399 1224 1196 1278">
     <span class='ocr_line' id='line_1_14' title="bbox 399 1224 1196 1278; baseline -0.005 -11"><span class='ocrx_word' id='word_1_45' title='bbox 399 1225 559 1267; x_wconf 79' lang='lat' dir='ltr'>Cadini</span> <span class='ocrx_word' id='word_1_46' title='bbox 579 1225 828 1278; x_wconf 85' lang='lat' dir='ltr'>municipes</span> <span class='ocrx_word' id='word_1_47' title='bbox 851 1224 960 1264; x_wconf 85' lang='lat' dir='ltr'>ferat</span> <span class='ocrx_word' id='word_1_48' title='bbox 980 1224 1196 1265; x_wconf 84' lang='lat' dir='ltr'>lacernas.</span> 
     </span>
    </p>
   </div>
   <div class='ocr_carea' id='block_1_7' title="bbox 1691 1223 1745 1263">
    <p class='ocr_par' dir='ltr' id='par_1_14' title="bbox 1691 1223 1745 1263">
     <span class='ocr_line' id='line_1_15' title="bbox 1691 1223 1745 1263; baseline 0.019 -1"><span class='ocrx_word' id='word_1_49' title='bbox 1691 1223 1745 1263; x_wconf 82' lang='lat'>10</span> 
     </span>
    </p>
   </div>
   <div class='ocr_carea' id='block_1_8' title="bbox 399 1292 1204 1404">
    <p class='ocr_par' dir='ltr' id='par_1_15' title="bbox 399 1292 1204 1404">
     <span class='ocr_line' id='line_1_16' title="bbox 401 1292 1204 1348; baseline -0.006 -12"><span class='ocrx_word' id='word_1_50' title='bbox 401 1295 650 1348; x_wconf 83' lang='lat' dir='ltr'>Pugnorum</span> <span class='ocrx_word' id='word_1_51' title='bbox 673 1306 791 1342; x_wconf 86' lang='lat' dir='ltr'>reus,</span> <span class='ocrx_word' id='word_1_52' title='bbox 815 1292 1038 1344; x_wconf 77' lang='lat' dir='ltr'>ebriaeque</span> <span class='ocrx_word' id='word_1_53' title='bbox 1061 1292 1204 1332; x_wconf 78' lang='lat' dir='ltr'>noctis</span> 
     </span>
     <span class='ocr_line' id='line_1_17' title="bbox 399 1360 1073 1404; baseline -0.003 -2"><span class='ocrx_word' id='word_1_54' title='bbox 399 1361 656 1404; x_wconf 74' lang='lat' dir='ltr'>coenatoria</span> <span class='ocrx_word' id='word_1_55' title='bbox 677 1362 818 1402; x_wconf 87' lang='lat' dir='ltr'>mittat</span> <span class='ocrx_word' id='word_1_56' title='bbox 839 1360 1073 1401; x_wconf 82' lang='lat' dir='ltr'>advocato.</span> 
     </span>
    </p>
   </div>
   <div class='ocr_carea' id='block_1_9' title="bbox 328 1493 1471 1536">
    <p class='ocr_par' dir='ltr' id='par_1_16' title="bbox 328 1493 1471 1536">
     <span class='ocr_line' id='line_1_18' title="bbox 328 1493 1471 1536; baseline -0.003 -8"><span class='ocrx_word' id='word_1_57' title='bbox 328 1497 398 1536; x_wconf 79' lang='lat' dir='ltr'>Age</span> <span class='ocrx_word' id='word_1_58' title='bbox 411 1497 465 1536; x_wconf 82' lang='lat' dir='ltr'>pia</span> <span class='ocrx_word' id='word_1_59' title='bbox 490 1496 589 1527; x_wconf 77' lang='lat' dir='ltr'>Roma</span> <span class='ocrx_word' id='word_1_60' title='bbox 611 1495 727 1526; x_wconf 74' lang='lat' dir='ltr'>sentiat</span> <span class='ocrx_word' id='word_1_61' title='bbox 745 1495 907 1525; x_wconf 79' lang='lat' dir='ltr'>Kalendas</span> <span class='ocrx_word' id='word_1_62' title='bbox 933 1493 1084 1525; x_wconf 82' lang='lat' dir='ltr'>Octobres</span> <span class='ocrx_word' id='word_1_63' title='bbox 1107 1495 1278 1534; x_wconf 80' lang='lat' dir='ltr'>eloquentis</span> <span class='ocrx_word' id='word_1_64' title='bbox 1304 1493 1471 1525; x_wconf 75' lang='lat' dir='ltr'>Restituti.</span> 
     </span>
    </p>
   </div>
   <div class='ocr_carea' id='block_1_10' title="bbox 1517 1490 1745 1523">
    <p class='ocr_par' dir='ltr' id='par_1_17' title="bbox 1517 1490 1745 1523">
     <span class='ocr_line' id='line_1_19' title="bbox 1517 1490 1745 1523; baseline -0.009 0"><span class='ocrx_word' id='word_1_65' title='bbox 1517 1492 1596 1523; x_wconf 80' lang='lat' dir='ltr'>Cum</span> <span class='ocrx_word' id='word_1_66' title='bbox 1622 1490 1745 1522; x_wconf 78' lang='lat' dir='ltr'>silentio</span> 
     </span>
    </p>
   </div>
   <div class='ocr_carea' id='block_1_11' title="bbox 287 1534 1747 1621">
    <p class='ocr_par' dir='ltr' id='par_1_18' title="bbox 287 1534 1747 1621">
     <span class='ocr_line' id='line_1_20' title="bbox 287 1534 1745 1575; baseline -0.005 -4"><span class='ocrx_word' id='word_1_67' title='bbox 287 1542 424 1571; x_wconf 80' lang='lat' dir='ltr'>adestote</span> <span class='ocrx_word' id='word_1_68' title='bbox 449 1539 588 1569; x_wconf 82' lang='lat' dir='ltr'>omnibus</span> <span class='ocrx_word' id='word_1_69' title='bbox 602 1539 710 1569; x_wconf 67' lang='lat' dir='ltr'>sacris.</span> <span class='ocrx_word' id='word_1_70' title='bbox 757 1538 956 1569; x_wconf 80' lang='lat' dir='ltr'>Celebramus</span> <span class='ocrx_word' id='word_1_71' title='bbox 971 1538 1126 1568; x_wconf 74' lang='lat' dir='ltr'>natalem.-</span> <span class='ocrx_word' id='word_1_72' title='bbox 1150 1538 1238 1568; x_wconf 75' lang='lat' dir='ltr'>silete</span> <span class='ocrx_word' id='word_1_73' title='bbox 1258 1538 1340 1568; x_wconf 83' lang='lat' dir='ltr'>lites.</span> <span class='ocrx_word' id='word_1_74' title='bbox 1387 1538 1500 1567; x_wconf 80' lang='lat' dir='ltr'>Cereus</span> <span class='ocrx_word' id='word_1_75' title='bbox 1522 1535 1668 1575; x_wconf 83' lang='lat' dir='ltr'>pauperis</span> <span class='ocrx_word' id='word_1_76' title='bbox 1689 1534 1745 1565; x_wconf 83' lang='lat' dir='ltr'>cli-</span> 
     </span>
     <span class='ocr_line' id='line_1_21' title="bbox 290 1577 1747 1621; baseline -0.005 -7"><span class='ocrx_word' id='word_1_77' title='bbox 290 1584 370 1614; x_wconf 83' lang='lat' dir='ltr'>entis</span> <span class='ocrx_word' id='word_1_78' title='bbox 385 1582 480 1620; x_wconf 79' lang='lat' dir='ltr'>absit,</span> <span class='ocrx_word' id='word_1_79' title='bbox 503 1586 533 1612; x_wconf 85' lang='lat' dir='ltr'>et</span> <span class='ocrx_word' id='word_1_80' title='bbox 559 1582 631 1612; x_wconf 78' lang='lat' dir='ltr'>cani</span> <span class='ocrx_word' id='word_1_81' title='bbox 648 1581 799 1621; x_wconf 80' lang='lat' dir='ltr'>triplices,</span> <span class='ocrx_word' id='word_1_82' title='bbox 822 1585 853 1612; x_wconf 88' lang='lat' dir='ltr'>et</span> <span class='ocrx_word' id='word_1_83' title='bbox 871 1581 976 1612; x_wconf 77' lang='lat' dir='ltr'>breves</span> <span class='ocrx_word' id='word_1_84' title='bbox 998 1590 1117 1620; x_wconf 79' lang='lat' dir='ltr'>muppoe</span> <span class='ocrx_word' id='word_1_85' title='bbox 1133 1583 1296 1620; x_wconf 67' lang='lat' dir='ltr'>expectent</span> <span class='ocrx_word' id='word_1_86' title='bbox 1317 1580 1402 1610; x_wconf 77' lang='lat' dir='ltr'>ludos</span> <span class='ocrx_word' id='word_1_87' title='bbox 1409 1579 1530 1618; x_wconf 78' lang='lat' dir='ltr'>frigidi</span> <span class='ocrx_word' id='word_1_88' title='bbox 1553 1577 1747 1609; x_wconf 77' lang='lat' dir='ltr'>Decembris,</span> 
     </span>
    </p>
   </div>
   <div class='ocr_carea' id='block_1_12' title="bbox 289 1625 705 1657">
    <p class='ocr_par' dir='ltr' id='par_1_19' title="bbox 289 1625 705 1657">
     <span class='ocr_line' id='line_1_22' title="bbox 289 1625 705 1657; baseline -0.007 0"><span class='ocrx_word' id='word_1_89' title='bbox 289 1627 437 1657; x_wconf 83' lang='lat' dir='ltr'>Ditiores</span> <span class='ocrx_word' id='word_1_90' title='bbox 461 1628 578 1656; x_wconf 79' lang='lat' dir='ltr'>certent</span> <span class='ocrx_word' id='word_1_91' title='bbox 605 1625 705 1655; x_wconf 81' lang='lat' dir='ltr'>donis.</span> 
     </span>
    </p>
   </div>
   <div class='ocr_carea' id='block_1_13' title="bbox 762 1620 1749 1664">
    <p class='ocr_par' dir='ltr' id='par_1_20' title="bbox 762 1620 1749 1664">
     <span class='ocr_line' id='line_1_23' title="bbox 762 1620 1749 1664; baseline -0.004 -10"><span class='ocrx_word' id='word_1_92' title='bbox 762 1623 919 1664; x_wconf 79' lang='lat' dir='ltr'>Superbus</span> <span class='ocrx_word' id='word_1_93' title='bbox 942 1628 1095 1655; x_wconf 82' lang='lat' dir='ltr'>mercator</span> <span class='ocrx_word' id='word_1_94' title='bbox 1120 1623 1272 1663; x_wconf 78' lang='lat' dir='ltr'>Agrippae</span> <span class='ocrx_word' id='word_1_95' title='bbox 1292 1623 1381 1661; x_wconf 80' lang='lat' dir='ltr'>serat</span> <span class='ocrx_word' id='word_1_96' title='bbox 1413 1623 1550 1653; x_wconf 81' lang='lat' dir='ltr'>lacernas</span> <span class='ocrx_word' id='word_1_97' title='bbox 1579 1620 1749 1660; x_wconf 81' lang='lat' dir='ltr'>municipes</span> 
     </span>
    </p>
   </div>
   <div class='ocr_carea' id='block_1_14' title="bbox 292 1663 1755 1709">
    <p class='ocr_par' dir='ltr' id='par_1_21' title="bbox 292 1663 1755 1709">
     <span class='ocr_line' id='line_1_24' title="bbox 292 1663 1755 1709; baseline -0.005 -8"><span class='ocrx_word' id='word_1_98' title='bbox 292 1668 427 1701; x_wconf 78' lang='lat' dir='ltr'>Cadmi.-</span> <span class='ocrx_word' id='word_1_99' title='bbox 452 1678 521 1700; x_wconf 78' lang='lat' dir='ltr'>reus</span> <span class='ocrx_word' id='word_1_100' title='bbox 541 1677 730 1709; x_wconf 77' lang='lat' dir='ltr'>pugnorum,</span> <span class='ocrx_word' id='word_1_101' title='bbox 755 1671 785 1699; x_wconf 81' lang='lat' dir='ltr'>et</span> <span class='ocrx_word' id='word_1_102' title='bbox 811 1667 906 1698; x_wconf 84' lang='lat' dir='ltr'>cbrioe</span> <span class='ocrx_word' id='word_1_103' title='bbox 921 1667 1021 1699; x_wconf 81' lang='lat' dir='ltr'>noctis</span> <span class='ocrx_word' id='word_1_104' title='bbox 1043 1668 1152 1698; x_wconf 82' lang='lat' dir='ltr'>mittat</span> <span class='ocrx_word' id='word_1_105' title='bbox 1181 1667 1349 1698; x_wconf 78' lang='lat' dir='ltr'>coenatoria</span> <span class='ocrx_word' id='word_1_106' title='bbox 1365 1665 1529 1697; x_wconf 78' lang='lat' dir='ltr'>causidico.</span> <span class='ocrx_word' id='word_1_107' title='bbox 1576 1664 1638 1696; x_wconf 85' lang='lat' dir='ltr'>Sed</span> <span class='ocrx_word' id='word_1_108' title='bbox 1652 1663 1755 1704; x_wconf 80' lang='lat' dir='ltr'>puella</span> 
     </span>
    </p>
   </div>
   <div class='ocr_carea' id='block_1_15' title="bbox 940 1770 1086 1802">
    <p class='ocr_par' dir='ltr' id='par_1_22' title="bbox 940 1770 1086 1802">
     <span class='ocr_line' id='line_1_25' title="bbox 940 1770 1086 1802; baseline 0 0"><span class='ocrx_word' id='word_1_109' title='bbox 940 1770 1086 1802; x_wconf 73' lang='lat' dir='ltr'><strong>NOTAE</strong></span> 
     </span>
    </p>
   </div>
   <div class='ocr_carea' id='block_1_16' title="bbox 290 1846 1002 2854">
    <p class='ocr_par' dir='ltr' id='par_1_23' title="bbox 290 1846 993 1991">
     <span class='ocr_line' id='line_1_26' title="bbox 332 1846 992 1889; baseline -0.006 -8"><span class='ocrx_word' id='word_1_110' title='bbox 332 1853 351 1882; x_wconf 83' lang='lat'><strong>2</strong></span> <span class='ocrx_word' id='word_1_111' title='bbox 376 1848 546 1889; x_wconf 83' lang='lat' dir='ltr'>Restituti]</span> <span class='ocrx_word' id='word_1_112' title='bbox 571 1847 758 1886; x_wconf 86' lang='lat' dir='ltr'>Causidici,</span> <span class='ocrx_word' id='word_1_113' title='bbox 775 1847 817 1878; x_wconf 91' lang='lat' dir='ltr'>de</span> <span class='ocrx_word' id='word_1_114' title='bbox 834 1856 900 1888; x_wconf 93' lang='lat' dir='ltr'>quo</span> <span class='ocrx_word' id='word_1_115' title='bbox 924 1846 992 1877; x_wconf 90' lang='lat' dir='ltr'>Pli-</span> 
     </span>
     <span class='ocr_line' id='line_1_27' title="bbox 290 1896 993 1941; baseline -0.009 -9"><span class='ocrx_word' id='word_1_116' title='bbox 290 1901 365 1932; x_wconf 84' lang='lat' dir='ltr'>nius</span> <span class='ocrx_word' id='word_1_117' title='bbox 385 1900 502 1941; x_wconf 85' lang='lat' dir='ltr'>junior</span> <span class='ocrx_word' id='word_1_118' title='bbox 525 1898 584 1930; x_wconf 90' lang='lat' dir='ltr'>lib.</span> <span class='ocrx_word' id='word_1_119' title='bbox 600 1908 650 1930; x_wconf 81' lang='lat' dir='ltr'>Vl.</span> <span class='ocrx_word' id='word_1_120' title='bbox 678 1899 788 1939; x_wconf 86' lang='lat' dir='ltr'>Epist.</span> <span class='ocrx_word' id='word_1_121' title='bbox 810 1900 860 1929; x_wconf 86' lang='grc'>17.</span> <span class='ocrx_word' id='word_1_122' title='bbox 885 1901 921 1928; x_wconf 92' lang='lat' dir='ltr'>et</span> <span class='ocrx_word' id='word_1_123' title='bbox 936 1896 993 1927; x_wconf 93' lang='lat' dir='ltr'>lib.</span> 
     </span>
     <span class='ocr_line' id='line_1_28' title="bbox 292 1951 532 1991; baseline -0.013 -8"><span class='ocrx_word' id='word_1_124' title='bbox 292 1961 355 1983; x_wconf 82' lang='lat' dir='ltr'>vn.</span> <span class='ocrx_word' id='word_1_125' title='bbox 373 1951 486 1991; x_wconf 82' lang='lat' dir='ltr'>Epist.</span> <span class='ocrx_word' id='word_1_126' title='bbox 503 1952 532 1980; x_wconf 95' lang='lat' dir='ltr'>l.</span> 
     </span>
    </p>

    <p class='ocr_par' dir='ltr' id='par_1_24' title="bbox 293 1999 1000 2286">
     <span class='ocr_line' id='line_1_29' title="bbox 335 1999 995 2042; baseline -0.006 -10"><span class='ocrx_word' id='word_1_127' title='bbox 335 2005 354 2033; x_wconf 78' lang='lat'><strong>3</strong></span> <span class='ocrx_word' id='word_1_128' title='bbox 379 2000 527 2042; x_wconf 80' lang='lat' dir='ltr'>Linguis]</span> <span class='ocrx_word' id='word_1_129' title='bbox 550 2000 679 2031; x_wconf 88' lang='lat' dir='ltr'>Favere</span> <span class='ocrx_word' id='word_1_130' title='bbox 694 1999 814 2039; x_wconf 84' lang='lat' dir='ltr'>linguis</span> <span class='ocrx_word' id='word_1_131' title='bbox 832 2002 886 2030; x_wconf 88' lang='lat' dir='ltr'>est</span> <span class='ocrx_word' id='word_1_132' title='bbox 903 2002 995 2029; x_wconf 89' lang='lat' dir='ltr'>tace·</span> 
     </span>
     <span class='ocr_line' id='line_1_30' title="bbox 296 2049 1000 2091; baseline -0.004 -7"><span class='ocrx_word' id='word_1_133' title='bbox 296 2063 347 2091; x_wconf 87' lang='lat' dir='ltr'>re,</span> <span class='ocrx_word' id='word_1_134' title='bbox 374 2052 461 2083; x_wconf 87' lang='lat' dir='ltr'>votis</span> <span class='ocrx_word' id='word_1_135' title='bbox 499 2061 581 2082; x_wconf 86' lang='lat' dir='ltr'>vero</span> <span class='ocrx_word' id='word_1_136' title='bbox 607 2050 722 2082; x_wconf 85' lang='lat' dir='ltr'>favere</span> <span class='ocrx_word' id='word_1_137' title='bbox 752 2055 807 2081; x_wconf 87' lang='lat' dir='ltr'>est</span> <span class='ocrx_word' id='word_1_138' title='bbox 833 2049 1000 2081; x_wconf 83' lang='lat' dir='ltr'>accedere</span> 
     </span>
     <span class='ocr_line' id='line_1_31' title="bbox 294 2100 998 2135; baseline -0.006 -1"><span class='ocrx_word' id='word_1_139' title='bbox 294 2103 338 2135; x_wconf 89' lang='lat' dir='ltr'>ad</span> <span class='ocrx_word' id='word_1_140' title='bbox 365 2107 446 2134; x_wconf 85' lang='lat' dir='ltr'>vota</span> <span class='ocrx_word' id='word_1_141' title='bbox 473 2101 703 2133; x_wconf 80' lang='lat' dir='ltr'>sacerdotum.</span> <span class='ocrx_word' id='word_1_142' title='bbox 759 2100 877 2131; x_wconf 87' lang='lat' dir='ltr'>Ferias</span> <span class='ocrx_word' id='word_1_143' title='bbox 908 2100 998 2131; x_wconf 82' lang='lat' dir='ltr'>cele-</span> 
     </span>
     <span class='ocr_line' id='line_1_32' title="bbox 293 2150 998 2185; baseline -0.007 0"><span class='ocrx_word' id='word_1_144' title='bbox 293 2154 432 2185; x_wconf 85' lang='lat' dir='ltr'>brantes</span> <span class='ocrx_word' id='word_1_145' title='bbox 448 2163 467 2184; x_wconf 86' lang='lat' dir='ltr'>a</span> <span class='ocrx_word' id='word_1_146' title='bbox 493 2153 607 2184; x_wconf 87' lang='lat' dir='ltr'>litibus</span> <span class='ocrx_word' id='word_1_147' title='bbox 625 2151 843 2183; x_wconf 78' lang='lat' dir='ltr'>abstinebant</span> <span class='ocrx_word' id='word_1_148' title='bbox 860 2160 895 2181; x_wconf 89' lang='lat' dir='ltr'>se</span> <span class='ocrx_word' id='word_1_149' title='bbox 912 2150 998 2181; x_wconf 84' lang='lat' dir='ltr'>anti-</span> 
     </span>
     <span class='ocr_line' id='line_1_33' title="bbox 294 2198 999 2246; baseline -0.007 -11"><span class='ocrx_word' id='word_1_150' title='bbox 294 2205 364 2246; x_wconf 87' lang='lat' dir='ltr'>qui,</span> <span class='ocrx_word' id='word_1_151' title='bbox 379 2209 416 2236; x_wconf 89' lang='lat' dir='ltr'>ct</span> <span class='ocrx_word' id='word_1_152' title='bbox 431 2203 536 2234; x_wconf 86' lang='lat' dir='ltr'>sacris</span> <span class='ocrx_word' id='word_1_153' title='bbox 549 2202 695 2244; x_wconf 84' lang='lat' dir='ltr'>publicis</span> <span class='ocrx_word' id='word_1_154' title='bbox 712 2201 893 2233; x_wconf 79' lang='lat' dir='ltr'>vacabant.</span> <span class='ocrx_word' id='word_1_155' title='bbox 919 2198 999 2232; x_wconf 80' lang='lat' dir='ltr'>Ovi-</span> 
     </span>
     <span class='ocr_line' id='line_1_34' title="bbox 298 2255 621 2286; baseline 0 0"><span class='ocrx_word' id='word_1_156' title='bbox 298 2255 372 2286; x_wconf 86' lang='lat' dir='ltr'>dius</span> <span class='ocrx_word' id='word_1_157' title='bbox 388 2264 413 2286; x_wconf 93' lang='lat'>1.</span> <span class='ocrx_word' id='word_1_158' title='bbox 430 2255 621 2286; x_wconf 87' lang='lat' dir='ltr'>Fastorum.</span> 
     </span>
    </p>

    <p class='ocr_par' dir='ltr' id='par_1_25' title="bbox 294 2303 1002 2854">
     <span class='ocr_line' id='line_1_35' title="bbox 338 2303 1000 2344; baseline -0.006 -8"><span class='ocrx_word' id='word_1_159' title='bbox 338 2309 356 2336; x_wconf 89' lang='lat'><strong>5</strong></span> <span class='ocrx_word' id='word_1_160' title='bbox 380 2305 472 2336; x_wconf 80' lang='lat' dir='ltr'>Absit</span> <span class='ocrx_word' id='word_1_161' title='bbox 489 2304 607 2344; x_wconf 83' lang='lat' dir='ltr'>cereus]</span> <span class='ocrx_word' id='word_1_162' title='bbox 631 2304 777 2335; x_wconf 83' lang='lat' dir='ltr'>Munera</span> <span class='ocrx_word' id='word_1_163' title='bbox 799 2303 937 2333; x_wconf 86' lang='lat' dir='ltr'>mittere</span> <span class='ocrx_word' id='word_1_164' title='bbox 950 2311 1000 2332; x_wconf 91' lang='lat' dir='ltr'>so-</span> 
     </span>
     <span class='ocr_line' id='line_1_36' title="bbox 294 2352 999 2394; baseline -0.007 -7"><span class='ocrx_word' id='word_1_165' title='bbox 294 2357 415 2387; x_wconf 87' lang='lat' dir='ltr'>lebant</span> <span class='ocrx_word' id='word_1_166' title='bbox 440 2355 483 2387; x_wconf 86' lang='lat' dir='ltr'>ad</span> <span class='ocrx_word' id='word_1_167' title='bbox 507 2365 596 2394; x_wconf 87' lang='lat' dir='ltr'>eum,</span> <span class='ocrx_word' id='word_1_168' title='bbox 621 2355 717 2394; x_wconf 86' lang='lat' dir='ltr'>cujus</span> <span class='ocrx_word' id='word_1_169' title='bbox 738 2354 884 2384; x_wconf 82' lang='lat' dir='ltr'>natalem</span> <span class='ocrx_word' id='word_1_170' title='bbox 910 2352 999 2382; x_wconf 88' lang='lat' dir='ltr'>cele-</span> 
     </span>
     <span class='ocr_line' id='line_1_37' title="bbox 294 2403 999 2446; baseline -0.006 -9"><span class='ocrx_word' id='word_1_171' title='bbox 294 2406 444 2437; x_wconf 86' lang='lat' dir='ltr'>brabant</span> <span class='ocrx_word' id='word_1_172' title='bbox 470 2405 614 2446; x_wconf 84' lang='lat' dir='ltr'>antiqui,</span> <span class='ocrx_word' id='word_1_173' title='bbox 640 2405 698 2436; x_wconf 88' lang='lat' dir='ltr'>lib.</span> <span class='ocrx_word' id='word_1_174' title='bbox 718 2413 799 2436; x_wconf 82' lang='lat' dir='ltr'>vm.</span> <span class='ocrx_word' id='word_1_175' title='bbox 822 2403 922 2443; x_wconf 86' lang='lat' dir='ltr'>Epig.</span> <span class='ocrx_word' id='word_1_176' title='bbox 945 2404 999 2433; x_wconf 87' lang='grc'>64.</span> 
     </span>
     <span class='ocr_line' id='line_1_38' title="bbox 296 2451 1001 2488; baseline -0.01 0"><span class='ocrx_word' id='word_1_177' title='bbox 296 2457 420 2488; x_wconf 80' lang='lat' dir='ltr'>Sensus</span> <span class='ocrx_word' id='word_1_178' title='bbox 435 2460 509 2487; x_wconf 85' lang='lat' dir='ltr'>est:</span> <span class='ocrx_word' id='word_1_179' title='bbox 536 2455 592 2487; x_wconf 91' lang='lat' dir='ltr'>Ad</span> <span class='ocrx_word' id='word_1_180' title='bbox 610 2455 819 2486; x_wconf 83' lang='lat' dir='ltr'>Restitutuin</span> <span class='ocrx_word' id='word_1_181' title='bbox 842 2462 908 2483; x_wconf 89' lang='lat' dir='ltr'>non</span> <span class='ocrx_word' id='word_1_182' title='bbox 923 2451 1001 2482; x_wconf 89' lang='lat' dir='ltr'>mit-</span> 
     </span>
     <span class='ocr_line' id='line_1_39' title="bbox 297 2505 1000 2544; baseline -0.009 -6"><span class='ocrx_word' id='word_1_183' title='bbox 297 2512 415 2538; x_wconf 83' lang='lat' dir='ltr'>tantur</span> <span class='ocrx_word' id='word_1_184' title='bbox 445 2506 525 2537; x_wconf 84' lang='lat' dir='ltr'>vilia</span> <span class='ocrx_word' id='word_1_185' title='bbox 552 2515 704 2544; x_wconf 80' lang='lat' dir='ltr'>munera,</span> <span class='ocrx_word' id='word_1_186' title='bbox 742 2505 834 2535; x_wconf 88' lang='lat' dir='ltr'>cerei</span> <span class='ocrx_word' id='word_1_187' title='bbox 864 2511 1000 2543; x_wconf 81' lang='lat' dir='ltr'>nempe,</span> 
     </span>
     <span class='ocr_line' id='line_1_40' title="bbox 297 2553 1002 2600; baseline -0.01 -10"><span class='ocrx_word' id='word_1_188' title='bbox 297 2558 495 2600; x_wconf 83' lang='lat' dir='ltr'>pugillares,</span> <span class='ocrx_word' id='word_1_189' title='bbox 512 2561 549 2588; x_wconf 92' lang='lat' dir='ltr'>et</span> <span class='ocrx_word' id='word_1_190' title='bbox 567 2566 717 2597; x_wconf 69' lang='lat' dir='ltr'>mappae,</span> <span class='ocrx_word' id='word_1_191' title='bbox 733 2565 809 2596; x_wconf 87' lang='lat' dir='ltr'>quae</span> <span class='ocrx_word' id='word_1_192' title='bbox 823 2553 1002 2586; x_wconf 80' lang='lat' dir='ltr'>mitteban-</span> 
     </span>
     <span class='ocr_line' id='line_1_41' title="bbox 297 2604 1000 2647; baseline -0.011 -6"><span class='ocrx_word' id='word_1_193' title='bbox 297 2614 354 2641; x_wconf 87' lang='lat' dir='ltr'>tur</span> <span class='ocrx_word' id='word_1_194' title='bbox 368 2608 636 2640; x_wconf 84' lang='lat' dir='ltr'>Saturnaliorum</span> <span class='ocrx_word' id='word_1_195' title='bbox 655 2611 819 2647; x_wconf 88' lang='lat' dir='ltr'>tempore.</span> <span class='ocrx_word' id='word_1_196' title='bbox 864 2604 1000 2634; x_wconf 84' lang='lat' dir='ltr'>Macro·</span> 
     </span>
     <span class='ocr_line' id='line_1_42' title="bbox 297 2654 1001 2698; baseline -0.01 -6"><span class='ocrx_word' id='word_1_197' title='bbox 297 2661 373 2692; x_wconf 90' lang='lat' dir='ltr'>bius</span> <span class='ocrx_word' id='word_1_198' title='bbox 391 2661 524 2691; x_wconf 83' lang='lat' dir='ltr'>Saturn.</span> <span class='ocrx_word' id='word_1_199' title='bbox 540 2658 597 2690; x_wconf 91' lang='lat' dir='ltr'>lib.</span> <span class='ocrx_word' id='word_1_200' title='bbox 608 2667 633 2688; x_wconf 93' lang='lat'>1.</span> <span class='ocrx_word' id='word_1_201' title='bbox 647 2667 723 2698; x_wconf 86' lang='lat' dir='ltr'>cap.</span> <span class='ocrx_word' id='word_1_202' title='bbox 736 2660 768 2688; x_wconf 87' lang='grc'>7.</span> <span class='ocrx_word' id='word_1_203' title='bbox 792 2657 801 2673; x_wconf 85' lang='lat'>‘</span> <span class='ocrx_word' id='word_1_204' title='bbox 816 2654 907 2686; x_wconf 87' lang='lat' dir='ltr'>Illud</span> <span class='ocrx_word' id='word_1_205' title='bbox 922 2664 1001 2696; x_wconf 91' lang='lat' dir='ltr'>quo-</span> 
     </span>
     <span class='ocr_line' id='line_1_43' title="bbox 299 2704 1001 2753; baseline -0.01 -11"><span class='ocrx_word' id='word_1_206' title='bbox 299 2710 389 2753; x_wconf 87' lang='lat' dir='ltr'>que‚&#39;</span> <span class='ocrx_word' id='word_1_207' title='bbox 405 2710 527 2752; x_wconf 84' lang='lat' dir='ltr'>inquit,</span> <span class='ocrx_word' id='word_1_208' title='bbox 539 2709 548 2726; x_wconf 91' lang='lat'>‘</span> <span class='ocrx_word' id='word_1_209' title='bbox 563 2709 596 2740; x_wconf 89' lang='lat' dir='ltr'>in</span> <span class='ocrx_word' id='word_1_210' title='bbox 612 2708 722 2740; x_wconf 86' lang='lat' dir='ltr'>literis</span> <span class='ocrx_word' id='word_1_211' title='bbox 748 2706 898 2746; x_wconf 87' lang='lat' dir='ltr'>invenio,</span> <span class='ocrx_word' id='word_1_212' title='bbox 909 2704 1001 2747; x_wconf 88' lang='lat' dir='ltr'>quod</span> 
     </span>
     <span class='ocr_line' id='line_1_44' title="bbox 299 2757 1001 2794; baseline -0.009 -1"><span class='ocrx_word' id='word_1_213' title='bbox 299 2772 377 2794; x_wconf 88' lang='lat' dir='ltr'>cum</span> <span class='ocrx_word' id='word_1_214' title='bbox 400 2760 499 2793; x_wconf 88' lang='lat' dir='ltr'>multi</span> <span class='ocrx_word' id='word_1_215' title='bbox 525 2759 701 2791; x_wconf 88' lang='lat' dir='ltr'>occasione</span> <span class='ocrx_word' id='word_1_216' title='bbox 727 2757 1001 2789; x_wconf 83' lang='lat' dir='ltr'>Saturnaliorum</span> 
     </span>
     <span class='ocr_line' id='line_1_45' title="bbox 300 2807 1000 2854; baseline -0.01 -9"><span class='ocrx_word' id='word_1_217' title='bbox 300 2823 363 2854; x_wconf 83' lang='lat' dir='ltr'>per</span> <span class='ocrx_word' id='word_1_218' title='bbox 381 2812 556 2844; x_wconf 82' lang='lat' dir='ltr'>avaritiam</span> <span class='ocrx_word' id='word_1_219' title='bbox 573 2821 592 2841; x_wconf 91' lang='lat' dir='ltr'>a</span> <span class='ocrx_word' id='word_1_220' title='bbox 615 2810 796 2842; x_wconf 86' lang='lat' dir='ltr'>clientibus</span> <span class='ocrx_word' id='word_1_221' title='bbox 822 2807 1000 2840; x_wconf 85' lang='lat' dir='ltr'>ambitiose</span> 
     </span>
    </p>
   </div>
   <div class='ocr_carea' id='block_1_17' title="bbox 1049 1841 1762 2796">
    <p class='ocr_par' dir='ltr' id='par_1_26' title="bbox 1049 1841 1756 2141">
     <span class='ocr_line' id='line_1_46' title="bbox 1049 1841 1755 1887; baseline -0.008 -9"><span class='ocrx_word' id='word_1_222' title='bbox 1049 1856 1189 1878; x_wconf 85' lang='lat' dir='ltr'>munera</span> <span class='ocrx_word' id='word_1_223' title='bbox 1212 1847 1405 1887; x_wconf 82' lang='lat' dir='ltr'>exigerent,</span> <span class='ocrx_word' id='word_1_224' title='bbox 1427 1844 1531 1885; x_wconf 88' lang='lat' dir='ltr'>idque</span> <span class='ocrx_word' id='word_1_225' title='bbox 1547 1852 1631 1874; x_wconf 91' lang='lat' dir='ltr'>onus</span> <span class='ocrx_word' id='word_1_226' title='bbox 1646 1841 1755 1873; x_wconf 89' lang='lat' dir='ltr'>tenui-</span> 
     </span>
     <span class='ocr_line' id='line_1_47' title="bbox 1050 1893 1755 1938; baseline -0.007 -10"><span class='ocrx_word' id='word_1_227' title='bbox 1050 1907 1125 1928; x_wconf 88' lang='lat' dir='ltr'>ores</span> <span class='ocrx_word' id='word_1_228' title='bbox 1162 1901 1336 1938; x_wconf 84' lang='lat' dir='ltr'>gravaret,</span> <span class='ocrx_word' id='word_1_229' title='bbox 1375 1894 1550 1927; x_wconf 89' lang='lat' dir='ltr'>Publicius</span> <span class='ocrx_word' id='word_1_230' title='bbox 1600 1893 1755 1925; x_wconf 86' lang='lat' dir='ltr'>tribunus</span> 
     </span>
     <span class='ocr_line' id='line_1_48' title="bbox 1051 1943 1755 1988; baseline -0.006 -10"><span class='ocrx_word' id='word_1_231' title='bbox 1051 1947 1159 1988; x_wconf 85' lang='lat' dir='ltr'>plebis</span> <span class='ocrx_word' id='word_1_232' title='bbox 1177 1947 1268 1986; x_wconf 86' lang='lat' dir='ltr'>tulit,</span> <span class='ocrx_word' id='word_1_233' title='bbox 1292 1952 1330 1977; x_wconf 84' lang='lat' dir='ltr'>ut</span> <span class='ocrx_word' id='word_1_234' title='bbox 1353 1955 1420 1977; x_wconf 88' lang='lat' dir='ltr'>non</span> <span class='ocrx_word' id='word_1_235' title='bbox 1436 1945 1501 1975; x_wconf 86' lang='lat' dir='ltr'>nisi</span> <span class='ocrx_word' id='word_1_236' title='bbox 1517 1944 1608 1976; x_wconf 86' lang='lat' dir='ltr'>cerei</span> <span class='ocrx_word' id='word_1_237' title='bbox 1625 1943 1755 1975; x_wconf 88' lang='lat' dir='ltr'>ditiori-</span> 
     </span>
     <span class='ocr_line' id='line_1_49' title="bbox 1052 1995 1756 2035; baseline -0.004 -7"><span class='ocrx_word' id='word_1_238' title='bbox 1052 1998 1112 2029; x_wconf 90' lang='lat' dir='ltr'>bus</span> <span class='ocrx_word' id='word_1_239' title='bbox 1136 1996 1411 2035; x_wconf 82' lang='lat' dir='ltr'>missitarentur,&#39;</span> <span class='ocrx_word' id='word_1_240' title='bbox 1441 1998 1505 2027; x_wconf 78' lang='lat' dir='ltr'>&amp;c-</span> <span class='ocrx_word' id='word_1_241' title='bbox 1553 1995 1645 2026; x_wconf 87' lang='lat' dir='ltr'>Alias</span> <span class='ocrx_word' id='word_1_242' title='bbox 1667 2004 1756 2035; x_wconf 87' lang='lat' dir='ltr'>prae-</span> 
     </span>
     <span class='ocr_line' id='line_1_50' title="bbox 1052 2045 1756 2087; baseline -0.004 -8"><span class='ocrx_word' id='word_1_243' title='bbox 1052 2053 1148 2080; x_wconf 86' lang='lat' dir='ltr'>terea</span> <span class='ocrx_word' id='word_1_244' title='bbox 1165 2058 1286 2080; x_wconf 85' lang='lat' dir='ltr'>causas</span> <span class='ocrx_word' id='word_1_245' title='bbox 1303 2046 1403 2079; x_wconf 77' lang='lat' dir='ltr'>affert</span> <span class='ocrx_word' id='word_1_246' title='bbox 1420 2059 1428 2079; x_wconf 72' lang='grc' dir='ltr'><strong><em>ι</em></strong></span> <span class='ocrx_word' id='word_1_247' title='bbox 1452 2048 1460 2063; x_wconf 86' lang='lat'>‘</span> <span class='ocrx_word' id='word_1_248' title='bbox 1476 2046 1631 2087; x_wconf 81' lang='lat' dir='ltr'>triplices</span> <span class='ocrx_word' id='word_1_249' title='bbox 1643 2045 1651 2059; x_wconf 88' lang='lat'>’</span> <span class='ocrx_word' id='word_1_250' title='bbox 1677 2055 1756 2077; x_wconf 89' lang='lat' dir='ltr'>vero</span> 
     </span>
     <span class='ocr_line' id='line_1_51' title="bbox 1051 2097 1683 2141; baseline -0.006 -10"><span class='ocrx_word' id='word_1_251' title='bbox 1051 2100 1237 2141; x_wconf 87' lang='lat' dir='ltr'>pugillares</span> <span class='ocrx_word' id='word_1_252' title='bbox 1253 2103 1332 2130; x_wconf 89' lang='lat' dir='ltr'>sunt</span> <span class='ocrx_word' id='word_1_253' title='bbox 1348 2097 1683 2141; x_wconf 53' lang='lat' dir='ltr'>triunrpagfin&#39;arum.</span> 
     </span>
    </p>

    <p class='ocr_par' dir='ltr' id='par_1_27' title="bbox 1053 2145 1757 2282">
     <span class='ocr_line' id='line_1_52' title="bbox 1095 2145 1757 2190; baseline -0.008 -10"><span class='ocrx_word' id='word_1_254' title='bbox 1095 2152 1114 2180; x_wconf 86' lang='grc'>8</span> <span class='ocrx_word' id='word_1_255' title='bbox 1141 2151 1270 2180; x_wconf 83' lang='lat' dir='ltr'>Certent</span> <span class='ocrx_word' id='word_1_256' title='bbox 1286 2147 1478 2190; x_wconf 73' lang='lat' dir='ltr'>muneribus]</span> <span class='ocrx_word' id='word_1_257' title='bbox 1497 2147 1579 2178; x_wconf 75' lang='lat' dir='ltr'>&#39;Hoc</span> <span class='ocrx_word' id='word_1_258' title='bbox 1596 2150 1664 2185; x_wconf 89' lang='lat' dir='ltr'>est,</span> <span class='ocrx_word' id='word_1_259' title='bbox 1679 2145 1757 2176; x_wconf 86' lang='lat' dir='ltr'>diti·</span> 
     </span>
     <span class='ocr_line' id='line_1_53' title="bbox 1053 2194 1757 2238; baseline -0.006 -7"><span class='ocrx_word' id='word_1_260' title='bbox 1053 2209 1128 2231; x_wconf 84' lang='lat' dir='ltr'>ores</span> <span class='ocrx_word' id='word_1_261' title='bbox 1156 2194 1298 2238; x_wconf 79' lang='lat' dir='ltr'>clientes</span> <span class='ocrx_word' id='word_1_262' title='bbox 1316 2194 1351 2229; x_wconf 77' lang='lat' dir='ltr'>et</span> <span class='ocrx_word' id='word_1_263' title='bbox 1368 2198 1468 2230; x_wconf 86' lang='lat' dir='ltr'>amici</span> <span class='ocrx_word' id='word_1_264' title='bbox 1489 2206 1631 2228; x_wconf 89' lang='lat' dir='ltr'>munera</span> <span class='ocrx_word' id='word_1_265' title='bbox 1645 2201 1757 2228; x_wconf 83' lang='lat' dir='ltr'>certa-</span> 
     </span>
     <span class='ocr_line' id='line_1_54' title="bbox 1055 2249 1571 2282; baseline -0.008 0"><span class='ocrx_word' id='word_1_266' title='bbox 1055 2251 1113 2282; x_wconf 87' lang='lat' dir='ltr'>tim</span> <span class='ocrx_word' id='word_1_267' title='bbox 1131 2251 1272 2281; x_wconf 83' lang='lat' dir='ltr'>mittant</span> <span class='ocrx_word' id='word_1_268' title='bbox 1288 2249 1331 2280; x_wconf 88' lang='lat' dir='ltr'>ad</span> <span class='ocrx_word' id='word_1_269' title='bbox 1346 2249 1571 2280; x_wconf 84' lang='lat' dir='ltr'>Restitutum.</span> 
     </span>
    </p>

    <p class='ocr_par' dir='ltr' id='par_1_28' title="bbox 1055 2299 1762 2492">
     <span class='ocr_line' id='line_1_55' title="bbox 1096 2299 1760 2341; baseline -0.005 -9"><span class='ocrx_word' id='word_1_270' title='bbox 1096 2304 1116 2332; x_wconf 88' lang='grc'>9</span> <span class='ocrx_word' id='word_1_271' title='bbox 1142 2301 1307 2341; x_wconf 82' lang='lat' dir='ltr'>Agrippae]</span> <span class='ocrx_word' id='word_1_272' title='bbox 1341 2300 1419 2331; x_wconf 90' lang='lat' dir='ltr'>Hoc</span> <span class='ocrx_word' id='word_1_273' title='bbox 1435 2299 1619 2340; x_wconf 89' lang='lat' dir='ltr'>est,inquit</span> <span class='ocrx_word' id='word_1_274' title='bbox 1632 2299 1760 2330; x_wconf 84' lang='lat' dir='ltr'>Fama-</span> 
     </span>
     <span class='ocr_line' id='line_1_56' title="bbox 1055 2350 1762 2393; baseline -0.004 -10"><span class='ocrx_word' id='word_1_275' title='bbox 1055 2352 1142 2391; x_wconf 84' lang='lat' dir='ltr'>bius‚</span> <span class='ocrx_word' id='word_1_276' title='bbox 1155 2352 1213 2393; x_wconf 88' lang='lat' dir='ltr'>qui</span> <span class='ocrx_word' id='word_1_277' title='bbox 1229 2352 1262 2382; x_wconf 91' lang='lat' dir='ltr'>in</span> <span class='ocrx_word' id='word_1_278' title='bbox 1276 2350 1441 2392; x_wconf 79' lang='lat' dir='ltr'>Agrippae</span> <span class='ocrx_word' id='word_1_279' title='bbox 1458 2351 1606 2391; x_wconf 85' lang='lat' dir='ltr'>porticu,</span> <span class='ocrx_word' id='word_1_280' title='bbox 1625 2355 1662 2381; x_wconf 92' lang='lat' dir='ltr'>et</span> <span class='ocrx_word' id='word_1_281' title='bbox 1685 2358 1762 2390; x_wconf 90' lang='lat' dir='ltr'>sep-</span> 
     </span>
     <span class='ocr_line' id='line_1_57' title="bbox 1056 2400 1761 2444; baseline -0.006 -10"><span class='ocrx_word' id='word_1_282' title='bbox 1056 2403 1114 2442; x_wconf 89' lang='lat' dir='ltr'>tis,</span> <span class='ocrx_word' id='word_1_283' title='bbox 1126 2401 1169 2434; x_wconf 84' lang='lat' dir='ltr'>de</span> <span class='ocrx_word' id='word_1_284' title='bbox 1186 2402 1306 2444; x_wconf 89' lang='lat' dir='ltr'>quibus</span> <span class='ocrx_word' id='word_1_285' title='bbox 1322 2401 1380 2433; x_wconf 88' lang='lat' dir='ltr'>lib.</span> <span class='ocrx_word' id='word_1_286' title='bbox 1391 2410 1444 2432; x_wconf 81' lang='lat' dir='ltr'>lx.</span> <span class='ocrx_word' id='word_1_287' title='bbox 1462 2400 1628 2441; x_wconf 85' lang='lat' dir='ltr'>Epig.60.</span> <span class='ocrx_word' id='word_1_288' title='bbox 1643 2409 1761 2440; x_wconf 88' lang='lat' dir='ltr'>super-</span> 
     </span>
     <span class='ocr_line' id='line_1_58' title="bbox 1055 2450 1688 2492; baseline -0.003 -8"><span class='ocrx_word' id='word_1_289' title='bbox 1055 2453 1115 2484; x_wconf 88' lang='lat' dir='ltr'>bas</span> <span class='ocrx_word' id='word_1_290' title='bbox 1132 2457 1167 2483; x_wconf 88' lang='lat' dir='ltr'>et</span> <span class='ocrx_word' id='word_1_291' title='bbox 1183 2452 1348 2492; x_wconf 81' lang='lat' dir='ltr'>pretiosas</span> <span class='ocrx_word' id='word_1_292' title='bbox 1364 2461 1494 2483; x_wconf 87' lang='lat' dir='ltr'>merces</span> <span class='ocrx_word' id='word_1_293' title='bbox 1505 2450 1688 2483; x_wconf 79' lang='lat' dir='ltr'>vendebat.</span> 
     </span>
    </p>

    <p class='ocr_par' dir='ltr' id='par_1_29' title="bbox 1057 2501 1762 2594">
     <span class='ocr_line' id='line_1_59' title="bbox 1100 2501 1762 2543; baseline -0.005 -9"><span class='ocrx_word' id='word_1_294' title='bbox 1100 2507 1139 2534; x_wconf 89' lang='lat'>10</span> <span class='ocrx_word' id='word_1_295' title='bbox 1166 2504 1278 2534; x_wconf 74' lang='lat' dir='ltr'>Cadmi.</span> <span class='ocrx_word' id='word_1_296' title='bbox 1312 2501 1496 2543; x_wconf 82' lang='lat' dir='ltr'>municipes]</span> <span class='ocrx_word' id='word_1_297' title='bbox 1539 2501 1672 2542; x_wconf 79' lang='lat' dir='ltr'>Tyrias,</span> <span class='ocrx_word' id='word_1_298' title='bbox 1701 2509 1762 2531; x_wconf 84' lang='lat' dir='ltr'>seu</span> 
     </span>
     <span class='ocr_line' id='line_1_60' title="bbox 1057 2552 1565 2594; baseline -0.004 -11"><span class='ocrx_word' id='word_1_299' title='bbox 1057 2562 1257 2594; x_wconf 84' lang='lat' dir='ltr'>purpureas,</span> <span class='ocrx_word' id='word_1_300' title='bbox 1271 2552 1330 2584; x_wconf 83' lang='lat' dir='ltr'>lib.</span> <span class='ocrx_word' id='word_1_301' title='bbox 1343 2561 1384 2583; x_wconf 88' lang='lat'>11.</span> <span class='ocrx_word' id='word_1_302' title='bbox 1400 2552 1498 2593; x_wconf 84' lang='lat' dir='ltr'>Epig.</span> <span class='ocrx_word' id='word_1_303' title='bbox 1512 2553 1565 2582; x_wconf 78' lang='lat'>43.</span> 
     </span>
    </p>

    <p class='ocr_par' dir='ltr' id='par_1_30' title="bbox 1059 2599 1761 2796">
     <span class='ocr_line' id='line_1_61' title="bbox 1102 2599 1761 2643; baseline -0.009 -8"><span class='ocrx_word' id='word_1_304' title='bbox 1102 2607 1140 2635; x_wconf 93' lang='lat' dir='ltr'>ll</span> <span class='ocrx_word' id='word_1_305' title='bbox 1166 2604 1349 2643; x_wconf 74' lang='lat' dir='ltr'>Pugnorum</span> <span class='ocrx_word' id='word_1_306' title='bbox 1360 2603 1445 2643; x_wconf 84' lang='lat' dir='ltr'>reus]</span> <span class='ocrx_word' id='word_1_307' title='bbox 1459 2602 1536 2633; x_wconf 89' lang='lat' dir='ltr'>Hoc</span> <span class='ocrx_word' id='word_1_308' title='bbox 1549 2605 1613 2640; x_wconf 87' lang='lat' dir='ltr'>est,</span> <span class='ocrx_word' id='word_1_309' title='bbox 1626 2609 1704 2631; x_wconf 85' lang='lat' dir='ltr'>rens</span> <span class='ocrx_word' id='word_1_310' title='bbox 1718 2599 1761 2630; x_wconf 86' lang='lat' dir='ltr'>de</span> 
     </span>
     <span class='ocr_line' id='line_1_62' title="bbox 1059 2652 1761 2695; baseline -0.006 -10"><span class='ocrx_word' id='word_1_311' title='bbox 1059 2652 1104 2694; x_wconf 84' lang='lat' dir='ltr'>vi,</span> <span class='ocrx_word' id='word_1_312' title='bbox 1121 2663 1220 2695; x_wconf 86' lang='lat' dir='ltr'>quam</span> <span class='ocrx_word' id='word_1_313' title='bbox 1237 2654 1352 2685; x_wconf 85' lang='lat' dir='ltr'>ebrius</span> <span class='ocrx_word' id='word_1_314' title='bbox 1379 2653 1480 2685; x_wconf 86' lang='lat' dir='ltr'>alicui</span> <span class='ocrx_word' id='word_1_315' title='bbox 1496 2653 1624 2692; x_wconf 88' lang='lat' dir='ltr'>intulit,</span> <span class='ocrx_word' id='word_1_316' title='bbox 1650 2660 1761 2682; x_wconf 85' lang='lat' dir='ltr'>coena-</span> 
     </span>
     <span class='ocr_line' id='line_1_63' title="bbox 1059 2703 1761 2743; baseline -0.007 -7"><span class='ocrx_word' id='word_1_317' title='bbox 1059 2706 1164 2736; x_wconf 83' lang='lat' dir='ltr'>torias</span> <span class='ocrx_word' id='word_1_318' title='bbox 1189 2708 1300 2736; x_wconf 86' lang='lat' dir='ltr'>vestes</span> <span class='ocrx_word' id='word_1_319' title='bbox 1323 2704 1440 2736; x_wconf 87' lang='lat' dir='ltr'>mittat</span> <span class='ocrx_word' id='word_1_320' title='bbox 1456 2703 1643 2743; x_wconf 82' lang='lat' dir='ltr'>Restituto,</span> <span class='ocrx_word' id='word_1_321' title='bbox 1659 2711 1678 2732; x_wconf 83' lang='lat' dir='ltr'>a</span> <span class='ocrx_word' id='word_1_322' title='bbox 1694 2710 1761 2742; x_wconf 88' lang='lat' dir='ltr'>quo</span> 
     </span>
     <span class='ocr_line' id='line_1_64' title="bbox 1059 2754 1335 2796; baseline -0.004 -8"><span class='ocrx_word' id='word_1_323' title='bbox 1059 2755 1201 2788; x_wconf 85' lang='lat' dir='ltr'>defendi</span> <span class='ocrx_word' id='word_1_324' title='bbox 1214 2754 1335 2796; x_wconf 87' lang='lat' dir='ltr'>possit.</span> 
     </span>
    </p>
   </div>
  </div>
 </body>
</html>
