1893 3225
577 246 984 277 umestAMMA'rUM
1023 246 1114 277 [ΑΒ.
1148 246 1250 276 xiv.
1522 235 1635 277 '1029

797 437 1005 479 CXVII.

817 539 980 570 vaus.

176 619 217 659 N
225 631 285 660 oN
311 628 463 673 potare
485 622 646 670 nivem,
672 620 747 662 sed
771 633 931 675 aquam
954 624 1110 673 potare
1131 619 1343 671 rigentem

231 688 300 728 De
320 690 435 739 nive,
456 694 710 731 commenta
732 693 800 730 est
820 687 1053 741 ingeniosa
1073 687 1182 728 sitis.

217 805 297 835 Sitis
313 806 470 837 industria
487 806 677 845 excogitavit
694 816 754 836 non
767 804 867 836 bibere
881 804 992 844 nit-em,
1003 804 1056 834 sed
1074 803 1226 843 rigentem
1242 812 1351 843 uquam
1367 812 1406 833 ex
1418 802 1499 833 nive.

785 889 1016 901 eeeeeeeeeee

214 948 305 987 Aqua
320 947 410 978 nit-ea
425 947 477 978 ed.
496 947 598 979 Barb.
617 952 685 978 tam
701 947 773 978 fere
791 945 979 978 solitudinis
997 954 1110 976 amans
1126 948 1161 975 et
1181 944 1325 974 aliarum
1338 941 1414 973 edd.
1431 942 1632 973 societate111

170 999 286 1021 exosa.

835 1045 863 1074 Ν
872 1042 971 1074 OTAE

216 1111 231 1138 l
261 1108 330 1138 Non
341 1111 451 1148 potare
465 1108 579 1148 nivem]
601 1108 669 1139 Sed
685 1118 808 1149 aquam
821 1107 878 1139 de·
933 1107 1018 1148 cipis
1032 1107 1206 1137 inventum
1221 1110 1286 1144 est,
1296 1105 1488 1146 decoquere
1502 1112 1636 1145 aquam,

171 1162 304 1189 coctam
322 1167 365 1188 ex
389 1157 537 1196 nivibus,
564 1163 600 1190 et
629 1158 881 1199 refrigeratam.
932 1158 1091 1199 vitroque
1124 1157 1305 1188 demissam
1330 1156 1364 1186 in
1382 1155 1475 1186 nives
1493 1152 1633 1194 refrige-

170 1208 301 1239 Plinius
318 1217 425 1240 xxxr.
450 1218 527 1249 cap.
544 1211 575 1239 3.
600 1209 609 1225 ‘
627 1209 775 1240 Neronis
789 1203 877 1249 prin·
933 1208 1033 1238 rare.’

788 1367 1023 1410 CXVIII.

834 1458 975 1503 ιῡΕΜ.

173 1525 431 1569 MASSMAAE
452 1526 597 1568 fumos
615 1528 800 1569 miscere
821 1528 1050 1569 nivalibus
1073 1525 1201 1566 undis

229 1594 386 1646 Parce,
404 1608 527 1650 puer,
550 1600 721 1637 constet
741 1609 796 1637 ne
817 1597 897 1637 tibi
919 1596 1058 1650 pluris
1080 1607 1208 1648 aqua.

214 1711 245 1743 O
269 1720 366 1751 serve,
394 1712 457 1743 noli
481 1711 646 1750 infundere
671 1722 768 1753 aquas
793 1712 909 1744 nivales
928 1711 1006 1743 vino
1032 1711 1157 1749 fumoso
1186 1709 1351 1748 Massihoe,
1368 1719 1405 1739 ne
1426 1708 1526 1749 pluris
1551 1717 1634 1738 emas

169 1764 294 1795 uquam.

782 1816 1015 1829 munna„

213 1865 227 1892 l
255 1861 385 1893 Fumum
402 1862 435 1893 in
453 1871 557 1903 marg.
572 1862 626 1893 ed.
651 1862 782 1903 Langii.

828 1926 967 1958 NOTAE

214 1996 229 2023 l
254 1992 408 2024 Massiliae
423 1991 544 2032 fumos]
571 1992 627 2023 De
656 1991 735 2022 vino
751 1991 873 2022 Massi·
965 1993 985 2022 2
1011 1991 1141 2022 Constet
1166 1988 1219 2029 ne]
1246 1988 1343 2030 Aqua
1370 1987 1459 2019 enim
1486 1988 1632 2019 decocta

168 2043 222 2074 11ae
234 2042 363 2074 fumoso
387 2042 535 2073 diximus
556 2042 615 2074 lib.
633 2050 666 2074 x.
697 2042 794 2083 Epig.
819 2043 873 2073 36.
929 2046 1003 2073 erat
1020 2040 1131 2072 carior
1146 2038 1335 2081 hujusmodi
1351 2038 1439 2070 vino.

168 2098 204 2124 et
219 2092 277 2126 lib.
296 2102 378 2125 xm.
403 2092 503 2133 Epig.
520 2095 592 2124 123.

809 2218 998 2262 CXIX.

657 2309 899 2340 MATELLA
935 2311 1167 2342 mornas.
1194 2354 1195 2357 Ἰ

171 2378 288 2418 DUM
313 2392 472 2432 poscor
493 2378 661 2432 crepitu
681 2377 933 2430 digitorum,
956 2382 999 2419 et
1019 2391 1153 2420 verna
1173 2380 1388 2418 moratur:

229 2445 267 2486 Ο
287 2446 462 2500 quoties
484 2446 636 2499 pellex
655 2445 826 2486 culcita
845 2445 968 2487 facta
985 2459 1084 2487 mea
1103 2445 1195 2487 est!

213 2555 299 2585 Dum
311 2557 401 2596 petor
415 2554 535 2595 crepitu
548 2554 733 2595 digitorum,
746 2557 776 2586 et
791 2564 896 2586 servus
912 2558 1087 2594 cunctatur,
1103 2565 1119 2585 ο
1133 2554 1251 2595 quoties
1264 2552 1375 2584 culcita
1384 2550 1515 2592 perfusa
1527 2555 1582 2582 est.

827 2636 970 2669 NOTAE

214 2704 231 2732 1
257 2701 372 2732 Poscor
394 2699 529 2741 crepitu]
540 2699 615 2731 Lib.
633 2710 689 2732 111.
708 2701 806 2743 Epig.
821 2703 873 2733 82.
970 2703 990 2733 2
1031 2701 1141 2732 Pellex
1169 2697 1299 2738 culcita]
1335 2696 1425 2730 Quia
1452 2696 1531 2727 loco
1559 2704 1630 2726 ma-

172 2752 305 2792 ‘Digiti
340 2751 515 2792 crepantis
554 2751 651 2792 signa
685 2751 779 2783 novit
816 2761 872 2783 eu·
929 2751 1020 2782 tellae
1046 2750 1141 2782 urina
1157 2747 1430 2791 perfundebatur
1454 2747 1528 2788 ipsa
1556 2746 1627 2776 cul-

171 2802 326 2833 nucbus.'
927 2801 1007 2833 cita.
