1893 3225
543 248 948 280 El'lGRAMMATUM
987 249 1078 279 LIB.
1112 250 1181 280 lx.

1525 244 1613 285 559

150 343 267 384 Octo
289 344 410 385 vides
430 345 586 398 patulo
606 345 797 398 pendere
819 346 1083 386 numismata
1105 351 1245 388 rostro

202 411 372 453 Alitis?
404 413 498 454 haec
519 414 635 454 extis
656 413 837 455 condita
854 427 996 467 nuper
1017 418 1150 455 erant.

147 478 262 529 Quae
284 480 381 521 litat
403 486 580 533 argento
600 494 678 534 pro
698 485 758 530 te,
778 495 861 522 non
882 482 1105 535 sanguine,
1128 495 1249 523 caesa

203 547 412 598 Victima,
427 548 519 602 jam
539 547 655 590 ferro
677 562 762 589 non
785 562 902 603 opus
922 562 1024 591 esse
1045 549 1192 590 docet.

1552 552 1606 592 10

142 659 260 689 sanctis
273 658 368 697 focis,
414 658 467 690 An
482 659 583 691 cernis
607 663 672 691 octo
687 670 826 691 nummos
845 661 980 701 pendere
1004 671 1045 692 ex
1063 661 1185 702 patenti
1202 665 1304 692 rostro
1319 660 1431 693 alitis?
1454 661 1487 691 1ιί
1510 671 1606 700 nuper

140 705 229 732 erant
246 703 364 733 conditi
378 703 569 742 proecordiis.
595 703 757 735 Immokzta
772 704 912 743 victima,
927 714 995 745 quoe
1005 714 1062 745 pro
1085 709 1115 736 te
1128 705 1201 735 litat
1215 708 1356 745 argento,
1371 714 1431 735 non
1442 705 1606 744 sanguine,

142 746 329 776 demonstrat
336 745 405 784 jam
421 756 480 777 non
503 756 566 777 esse
577 756 650 787 opus
659 745 764 784 ferro.

751 820 976 831 mueeveeo

141 875 226 906 Edd.
244 879 328 906 vett.
351 885 410 906 non
424 876 576 914 sauguine
598 886 686 915 coesa,
709 875 808 908 codd.
830 876 930 908 Bodl.
953 876 1059 909 Scriv.
1088 881 1122 907 et
1141 875 1348 908 Beverlandi
1373 877 1438 909 Ms.
1461 887 1520 908 non
1536 887 1604 908 san-

137 920 233 958 guiue
253 920 371 949 Coesar.

796 962 827 994 N
832 962 936 994 0¹1¹AE

179 1037 198 1065 7
226 1035 303 1065 Octo
319 1033 419 1074 vides]
454 1034 509 1065 Ad
532 1034 657 1065 Martis
678 1043 758 1065 sane
774 1038 840 1065 sta-

137 1089 229 1115 tuam
269 1084 382 1124 posita
412 1083 478 1115 fuit
516 1088 679 1124 argentea
712 1085 840 1115 anseris

135 1133 277 1174 effigies,
307 1144 350 1165 ex
377 1135 475 1175 quus
503 1139 613 1165 rostro
640 1135 839 1175 pendebant

135 1191 211 1216 octo
234 1185 375 1225 nummi,
387 1184 444 1225 qui
461 1189 539 1215 octo
554 1193 686 1216 menses
697 1185 730 1215 in
743 1195 839 1225 pera-

134 1236 245 1276 gendo
269 1236 358 1267 bello
381 1236 570 1267 Sarmatico
593 1235 759 1267 insumtos
775 1237 839 1277 sig-

132 1287 324 1320 nificarent.

176 1339 195 1367 8
219 1337 301 1368 Haec
317 1338 414 1379 emtis]
453 1337 588 1379 Nempe
603 1339 732 1369 anseris
750 1348 839 1379 prae-

132 1388 256 1419 cot-diis
273 1389 412 1420 condita
424 1394 523 1421 erant
533 1390 838 1430 numismata‚dum

132 1439 257 1471 bellum
270 1439 381 1472 fieret.

174 1493 194 1521 9
220 1491 298 1526 Qua>
313 1491 387 1521 licat
403 1490 549 1530 argento]
570 1490 770 1531 Intelligere
788 1490 834 1520 vi-

132 1539 232 1572 detur
259 1541 381 1578 Poeta,
405 1541 615 1582 temporibus
644 1541 835 1572 Domitiani

897 1039 1098 1074 argenteam
1121 1038 1258 1065 aetatem
1285 1033 1438 1073 rediisse,
1463 1043 1537 1065 cum
1554 1035 1604 1065 di-

897 1085 1048 1124 cat,jam
1062 1094 1129 1115 non
1146 1094 1230 1125 opus
1248 1094 1321 1115 esse
1346 1083 1451 1115 ferro.
1497 1085 1600 1116 Forte

895 1134 1068 1176 intelligit,
1091 1145 1156 1166 nou
1181 1135 1356 1176 sanguine,
1380 1145 1444 1166 uec
1474 1145 1601 1175 pugna,

895 1186 953 1216 sed
977 1191 1120 1227 argento
1136 1186 1319 1217 abarbaris
1345 1185 1535 1217 redemtam
1551 1186 1600 1217 fu-

894 1236 961 1268 isse
977 1242 1158 1278 pacem‚ut
1182 1242 1279 1278 patet
1296 1247 1338 1268 ex
1366 1238 1487 1269 Dionis
1510 1238 1600 1277 frag-

894 1292 1021 1328 mento,
1042 1288 1151 1329 inquit
1175 1287 1341 1328 Raderus,
1357 1287 1446 1329 quod
1471 1288 1598 1329 signifi-

894 1348 972 1370 care
990 1338 1171 1370 videbatur
1196 1338 1358 1369 victima:
1390 1343 1426 1369 at
1449 1339 1502 1370 hic
1524 1348 1599 1369 sen-

893 1399 949 1420 sus
976 1390 1142 1421 Carminis
1170 1390 1365 1421 intellectus
1390 1389 1490 1420 Vibio
1518 1400 1598 1420 sane

894 1445 930 1472 et
946 1441 1099 1472 Martiali
1124 1441 1355 1481 gravissimum
1373 1440 1532 1471 damnum
1550 1446 1597 1470 at=

890 1491 1032 1522 tulisset.
1075 1491 1216 1523 Judicet
1233 1492 1350 1522 lector.

729 1664 988 1706 XXXIII.

538 1754 744 1793 QUALEM
784 1754 931 1784 νΕωΤ
967 1728 1183 1784 AMloAM.

129 1825 279 1866 HANG
305 1823 418 1872 volo,
442 1834 541 1877 quae
559 1821 723 1871 facilis,
746 1835 844 1875 quae
867 1821 1103 1875 palliolata
1120 1826 1331 1874 vagatur:

184 1892 319 1932 Hanc
342 1892 459 1940 volo,
481 1903 580 1944 quae
601 1903 738 1943 puero
754 1889 846 1943 jam
867 1888 989 1930 dedit
1011 1893 1112 1930 ante
1130 1902 1228 1930 meo
1246 1902 1255 1929 ε

126 1960 259 2001 Hanc
281 1959 398 2007 volor
420 1971 553 2011 quam
572 1958 744 1998 redimit
765 1961 901 1999 totam
918 1957 1122 1998 denarius
1143 1958 1274 1998 alter:

182 2027 314 2068 Hanc
334 2027 457 2076 volo,
478 2040 577 2080 quae
600 2026 765 2079 pariter
786 2024 947 2066 sufficit
969 2038 1053 2065 una
1076 2025 1227 2066 tribus.

785 2124 925 2156 NOTAE

166 2206 181 2233 l
210 2203 288 2238 Quoe
300 2200 460 2241 palliolata
477 2199 626 2240 rugatur]
652 2200 740 2230 Nam
755 2200 823 2239 pal-

120 2252 225 2283 liolum
240 2257 276 2282 et
287 2251 419 2292 palliam
443 2257 577 2282 veteres
600 2260 667 2280 non
690 2255 823 2280 tantum

120 2312 186 2342 quo
203 2302 360 2332 humeros
384 2305 552 2340 tegerent,
565 2299 624 2331 sed
639 2299 741 2330 etiam
759 2309 823 2340 quo

121 2353 233 2393 capita
249 2352 414 2391 velarent,
440 2352 668 2391 appellarunt.
714 2349 822 2381 Ciuae-

121 2403 157 2433 di
194 2412 294 2442 porro
326 2407 360 2432 et
391 2402 508 2432 moues
547 2401 662 2442 capita
689 2410 824 2441 semper

120 2453 255 2494 pileolis
282 2457 340 2483 aut
357 2453 502 2492 palliolis
526 2457 619 2483 tecta
650 2451 823 2492 gerebant.

120 2504 266 2534 Palliola
281 2513 414 2544 quoque
441 2503 636 2542 mulierum,
651 2507 686 2533 et
704 2501 822 2542 praeci-

120 2563 188 2593 pue
204 2553 437 2591 meretricum,
451 2553 572 2593 quibus
599 2557 703 2593 caput
719 2551 822 2583 etiam

118 2603 297 2644 tegebant.
344 2602 399 2634 Sic
416 2603 519 2634 Ovid.
536 2602 610 2634 Art.
627 2603 703 2634 Am.
722 2602 779 2633 lib.
798 2611 821 2632 1.

120 2655 284 2696 ‘AEgrum
318 2658 356 2684 tu
382 2654 486 2686 facito
515 2660 553 2686 ut
581 2655 728 2694 simules,
759 2664 822 2685 nec

119 2711 220 2746 turpe
237 2705 380 2746 putaris,
392 2705 570 2736 Palliolum
584 2705 700 2737 nitidis
715 2706 821 2745 impo-

119 2757 227 2787 suisse
244 2754 373 2786 comis!
407 2755 464 2786 Ita
480 2755 569 2786 enim
582 2756 818 2787 vetustissimae

118 2808 323 2840 membranae
351 2806 517 2848 scriptum
541 2806 718 2846 exhibent,
743 2816 818 2838 cum

881 2199 1026 2238 vulgatae
1038 2208 1154 2229 omnes
1164 2197 1328 2229 editiones
1343 2197 1489 2229 habeant
1502 2200 1511 2215 ‘
1528 2199 1583 2229 Pi-

879 2249 1028 2289 leolum‚'
1050 2252 1115 2281 διε.
1152 2249 1334 2280 Salmasius.
1401 2249 1587 2288 Palliolum]

880 2301 960 2332 Non
978 2306 1106 2341 togata,
1120 2309 1186 2331 non
1202 2300 1340 2340 stolata,
1355 2300 1414 2331 sed
1432 2301 1584 2331 ancillari

878 2352 996 2382 habitu
1015 2351 1148 2382 vestita.

921 2406 941 2433 2
968 2402 1067 2432 Dedit
1082 2405 1154 2431 aute
1165 2400 1245 2440 meo]
1271 2399 1398 2431 Lib.11.
1417 2401 1516 2441 Epig.
1532 2404 1585 2432 49.

921 2455 939 2482 3
968 2451 1074 2482 Totam
1091 2450 1251 2490 denarius]
1276 2451 1285 2466 ⁴
1302 2450 1468 2480 Omnibus
1479 2450 1584 2480 modis

877 2502 1031 2542 largam,'
1062 2507 1097 2532 ut
1122 2501 1179 2532 lib.
1214 2509 1281 2531 ΧΠ.
1312 2500 1411 2540 Epig.
1439 2503 1582 2540 66.quae

876 2554 886 2570 ‘
899 2553 1076 2594 Deglubit,
1101 2551 1212 2592 fellat,
1228 2552 1367 2582 molitur
1382 2560 1444 2591 per
1457 2556 1584 2582 utram-

876 2615 941 2646 que
976 2602 1180 2635 cavernam.’
1239 2602 1368 2634 Auson.
1396 2602 1498 2642 Epig.
1530 2605 1582 2632 70.

876 2655 964 2686 Vide
982 2655 1040 2686 lib.
1069 2664 1110 2685 11.
1137 2654 1235 2695 Epig.
1258 2656 1312 2684 52.
1356 2653 1463 2692 Alter]
1501 2654 1579 2683 Duo

877 2705 1019 2736 denarii.
1077 2705 1223 2735 Viliores
1265 2704 1339 2734 istae
1382 2703 1580 2733 meretrices

874 2757 883 2773 ‘
900 2755 1106 2786 Diobolares
1120 2754 1129 2768 ²
1152 2764 1170 2785 a
1186 2754 1311 2785 Plauto
1327 2754 1507 2794 eleganter
1523 2762 1582 2792 ap-

873 2807 1058 2847 pellantur.
