1893 3225
284 234 367 275 814
762 248 809 276 M.
843 247 953 277 vm„
987 248 1261 280 MAR'riAms

399 339 497 381 Rus
519 340 603 381 hoc
621 341 780 390 dicere,
799 355 872 383 rus
893 349 1020 396 potes
1043 357 1200 386 vocare
1213 346 1232 385 ’ἓ

398 408 451 449 In
474 421 561 461 quo
584 414 682 450 ruta
703 410 811 451 facit
825 395 981 452 nemus
1005 413 1184 462 Dianae,

398 476 578 528 Argutae
601 478 705 529 tegit
727 478 797 518 ala
812 479 925 531 quod
950 480 1130 529 cicadae,
1712 487 1740 527 5

399 543 532 593 Quod
552 544 739 585 formica
761 545 830 585 die
850 547 1047 587 comedit
1066 560 1168 597 uno,

399 612 578 654 Clausae
600 613 670 654 cui
691 613 841 653 folium
866 627 980 654 rosae
1006 627 1169 655 corona
1191 620 1282 658 est:

396 681 449 721 In
471 694 559 733 quo
580 694 667 721 non
688 682 828 733 magis
850 683 1065 723 invenitur
1086 683 1233 734 herba,

399 749 546 799 Quam
569 750 685 790 costi
706 750 874 806 folium,
896 752 1080 805 piperve
1104 753 1307 795 crudum:

396 818 448 859 In
468 831 557 871 quo
578 830 660 858 nec
679 819 879 859 cucumis
895 819 1048 872 jacere
1070 825 1235 871 rectus,
1686 825 1740 865 10

397 886 496 927 Nec
518 898 698 940 serpens
719 886 918 927 habitare
941 892 1036 928 tota
1057 889 1219 942 possit.

395 953 585 995 Erucam
602 954 716 994 male
737 956 885 1008 pascit
906 956 1056 997 hortus
1079 970 1236 1008 unam3

394 1023 637 1065 Consumto
657 1024 838 1065 moritur
859 1025 988 1065 culex
1010 1026 1197 1076 salict03

394 1091 450 1132 Et
467 1092 592 1145 talpa
613 1096 680 1135 est
699 1093 803 1134 mihi
822 1093 979 1143 fossor,
1005 1099 1139 1147 atque
1162 1098 1326 1137 arator.

396 1159 502 1201 Non
522 1161 699 1202 boletus
720 1161 857 1211 hiare,
880 1175 967 1202 non
989 1164 1195 1203 mariscae
1685 1163 1740 1202 15

395 1228 575 1279 Ridere,
599 1232 672 1270 aut
690 1229 824 1270 viola:
848 1235 998 1282 patere
1019 1234 1222 1283 possunt.

394 1297 527 1338 Fines
548 1310 648 1338 mus
671 1298 931 1351 populatur,
955 1302 998 1338 et
1019 1297 1177 1338 colono

391 1365 627 1419 Tanquam
648 1379 724 1407 sus
748 1365 1022 1419 Calydonius
1044 1366 1230 1413 timetur,

398 1434 450 1474 Et
472 1434 647 1475 sublata
664 1434 858 1475 volantis
881 1447 1026 1487 ungue
1048 1433 1249 1474 Procnes

393 1503 448 1543 In
469 1502 574 1542 nido
595 1515 722 1555 seges
744 1505 809 1542 est
829 1501 1137 1551 hirundini1103
1684 1500 1740 1545 :20

392 1570 449 1611 Et
471 1583 569 1611 cum
591 1574 680 1610 stet
700 1570 792 1611 sine
811 1569 937 1619 falce,
959 1569 1263 1622 mentulaque,

392 1638 498 1680 Non
517 1643 586 1680 est
602 1638 787 1679 dimidio
808 1639 935 1679 locus
955 1638 1137 1691 Priapo.

278 1758 338 1784 tra.
385 1753 525 1783 Potesne
543 1752 597 1782 Ιιοε
611 1751 713 1782 dicere
726 1751 891 1791 proedium,
913 1754 1042 1791 potesne
1060 1751 1216 1790 appellare
1229 1749 1402 1790 prmlium?
1424 1750 1456 1780 in
1472 1760 1529 1790 quo
1552 1751 1624 1779 ruta
1647 1749 1740 1790 qfficik

276 1805 381 1828 nemus
396 1796 525 1833 Diam,
547 1797 627 1834 quod
647 1795 767 1833 tegitur
792 1795 842 1825 ala
856 1805 976 1825 eunome
999 1795 1123 1833 cicadae,
1145 1794 1224 1832 quod
1237 1794 1408 1823 comeditur
1422 1792 1587 1830 nformz'ca
1602 1802 1660 1822 uno
1675 1792 1738 1829 die,

277 1840 329 1871 cui
354 1849 465 1871 corona
478 1842 523 1868 est
532 1837 648 1875 folium
663 1848 742 1868 rosoe
764 1839 876 1868 clausa>
894 1849 903 1868 .·
925 1838 956 1867 in
972 1848 1029 1876 qno
1042 1847 1103 1866 non
1120 1836 1220 1873 mag-ix
1236 1835 1328 1866 herba
1344 1835 1500 1875 reperitur
1525 1834 1739 1875 quamsolium

276 1883 365 1921 costi,
387 1885 441 1912 ant
454 1882 544 1921 piper
558 1882 686 1911 crudum
697 1891 708 1916 ;
731 1881 763 1910 in
779 1891 836 1920 quo
852 1891 904 1911 nec
916 1880 1050 1910 cucumis
1061 1879 1269 1919 possitjncere
1293 1882 1406 1917 rectus,
1427 1888 1482 1910 nec
1497 1887 1620 1917 serpens
1632 1887 1738 1910 semera

276 1925 429 1956 habiture.
476 1924 598 1954 Hortus
614 1924 692 1954 mole
714 1924 816 1962 pascit
833 1933 925 1953 votnm
947 1932 1081 1957 erucam,
1105 1924 1194 1952 culm·
1217 1922 1298 1960 perit
1324 1924 1479 1952 consumto
1502 1921 1623 1959 salicto,
1646 1923 1738 1959 atque

275 1969 368 1999 habeo
385 1969 502 2008 talpam
517 1967 684 2005 fossorem,
708 1970 799 2006 atque
822 1970 988 1996 aratorem.
1042 1966 1110 1995 Nec
1137 1964 1254 1995 boletus
1269 1964 1367 2004 hiare,
1389 1974 1443 1994 nec
1470 1964 1608 1995 mariscoe
1623 1964 1738 1999 ridere,

275 2022 331 2043 nec
345 2012 433 2042 viola?
449 2013 571 2050 possunt
588 2010 748 2049 explicari.
794 2010 867 2039 Mus
883 2009 1088 2050 rustatfines,
1106 2011 1135 2038 et
1151 2008 1271 2038 colonus
1293 2008 1402 2038 metuit
1417 2007 1504 2038 illum
1519 2006 1615 2038 veluti
1630 2016 1739 2046 aprum

280 2054 497 2095 Calydonium,
518 2056 548 2084 et
571 2063 658 2091 seges
682 2053 803 2083 sublata
819 2062 920 2091 ungue
942 2052 1072 2083 volantis
1094 2051 1231 2081 Procnes
1250 2051 1377 2091 ponitur
1399 2049 1431 2079 z'n
1451 2050 1524 2080 nido
1548 2049 1737 2080 hirundinis.

256 2098 321 2128 ,Εἰ
338 2099 420 2129 locus
435 2098 519 2128 deest
540 2096 669 2127 dimidio
692 2096 822 2135 Priapo,
844 2096 984 2135 quami-is
1004 2098 1064 2126 stet
1085 2093 1153 2124 sine
1169 2093 1255 2132 falce
1279 2092 1296 2110 ³*
1320 2093 1351 2124 ὃς.
1376 2093 1492 2124 Messis
1515 2092 1656 2123 absoluta
1680 2092 1738 2122 vix

886 2170 1124 2181 eeeeeeeeeeee

319 2229 370 2259 Aa
385 2227 424 2261 L.
440 2225 518 2258 edd.
533 2225 710 2258 Schrevel.
728 2224 845 2256 Maitt.
860 2228 895 2255 et
920 2222 1131 2254 Fauian—9
1158 2223 1263 2254 Cosmi
1279 2222 1413 2255 Thuan.
1436 2221 1600 2254 cod.——10
1623 2221 1738 2252 latere

939 2299 1079 2331 NOTAE

319 2370 338 2398 2
364 2365 471 2405 Majas
486 2366 517 2396 in
527 2364 686 2404 fenestra]
724 2365 780 2395 Sic
812 2364 977 2405 praedium
1077 2366 1115 2393 15
1141 2362 1304 2403 Marisca›]
1341 2362 1440 2394 Ficus
1464 2366 1542 2394 sunt
1561 2362 1715 2402 insipidae
1736 2373 1744 2392 :

275 2417 341 2448 sibi
360 2427 379 2447 a
396 2418 492 2457 Lupo
505 2416 619 2446 datum
644 2425 705 2456 per
721 2414 830 2445 varias
846 2423 979 2455 eompa-
1035 2414 1117 2444 alias
1134 2414 1277 2444 marisca
1290 2413 1411 2444 ulceris
1429 2422 1536 2450 genus
1551 2416 1614 2443 est.

276 2468 428 2499 rationes
446 2467 544 2497 valde
559 2471 724 2497 extenuat
742 2465 862 2496 Po‘eta.
1079 2466 1118 2494 18
1142 2463 1204 2494 Sus
1241 2463 1442 2505 Calydonius]
1488 2465 1544 2495 De
1573 2473 1639 2505 quo
1676 2465 1733 2497 lib.

318 2521 338 2549 4
364 2517 466 2557 Ruta]
499 2517 625 2548 Henbae
649 2527 766 2556 genus,
793 2516 926 2546 Gallice
942 2517 980 2546 ‹Ie
1034 2513 1152 2554 Speet.
1177 2514 1275 2554 Epig.
1293 2517 1344 2545 15.

276 2570 305 2600 la
327 2578 401 2600 mee:
425 2577 565 2598 nemora
582 2576 660 2598 vero
685 2567 804 2598 Dianae
821 2575 915 2597 sacra
930 2565 979 2597 fu·
1078 2568 1118 2596 19
1144 2565 1294 2606 Procnes]
1331 2566 1416 2598 Qum
1443 2564 1507 2596 fuit
1529 2564 1562 2595 in
1586 2564 1737 2596 hirundi-

275 2620 341 2651 isse
358 2619 483 2659 saepius
500 2618 638 2650 dictum.
1034 2625 1111 2646 nem
1125 2621 1266 2656 mutata,
1280 2616 1373 2657 cujus
1384 2615 1523 2646 historia
1536 2615 1618 2647 satis
1631 2619 1714 2645 nota
1727 2626 1736 2647 z

319 2673 339 2700 9
364 2668 696 2708 Quamcoslz'folium]
721 2666 833 2698 Radix
852 2670 906 2698 est
922 2675 978 2707 pe·
1033 2667 1097 2698 hoc
1123 2671 1187 2708 est,
1215 2671 1289 2698 tota
1309 2675 1407 2707 seges
1433 2666 1499 2697 mei
1531 2659 1651 2706 praeflii
1678 2665 1734 2696 vix

276 2721 412 2762 regrina
423 2720 547 2751 eximio
559 2719 674 2758 odore,
691 2718 822 2750 Plinius
841 2718 897 2749 lib.
911 2727 978 2749 xu.
1035 2716 1159 2750 sufficit
1195 2717 1407 2750 conficiendo
1452 2717 1508 2748 uni
1550 2716 1737 2750 hirundinis

275 2783 352 2814 cap.
367 2775 419 2803 12.
454 2772 561 2812 Piper
584 2772 592 2788 ‘
607 2770 748 2802 crudum
763 2769 770 2782 '
788 2769 889 2809 dixit,
913 2769 978 2800 hoc
1032 2769 1125 2801 nido.

276 2828 442 2863 est,aere‚
459 2823 513 2853 vel
531 2821 679 2855 nondum
695 2825 877 2852 maturum.
