1893 3225
501 208 863 239 EmGRAMMA'rb
878 209 907 238 M
948 209 989 237 121
1002 211 1038 238 Β.
1073 208 1143 237 Xi-

1469 197 1550 238 5:31

102 307 343 347 Contentus
364 318 455 345 non
476 317 523 345 es
543 305 731 354 foribus,
751 304 956 358 veloque,
979 317 1183 358 seraque,

157 374 467 426 Secretumque
484 372 618 427 jubes
639 372 848 425 grandius
866 386 965 412 esse
987 373 1082 412 tibi.

101 442 324 483 Oblinitur
344 441 537 481 minimae
561 441 599 480 si
619 453 708 493 qua
729 445 800 480 est
821 440 1018 493 suspicio
1040 440 1179 489 rimae,

1529 439 1556 477 <51

158 508 419 561 Punctaque
442 508 615 549 lasciva
635 521 736 561 quae
758 508 1028 548 terebrantur
1048 520 1143 548 acu.

102 577 246 618 Nemo
270 581 337 616 est
360 581 448 616 tam
470 575 621 625 teneri,
637 580 729 616 tam
752 575 1004 628 solicitique
1024 574 1223 628 pudoris,

159 644 251 698 Qui
272 645 343 685 vel
363 644 574 698 paedicat‚
601 643 837 693 Canthara»,
863 643 933 684 vel
951 643 1100 684 futuit.

710 752 948 763 eeaeeaemaeue

103 824 138 850 et
155 818 262 849 editio
280 818 384 851 Matt.
401 819 498 850 etsie
516 818 652 859 legend.
668 819 780 860 plane,
797 823 892 850 notat
911 818 1098 850 Flosculus.

765 909 904 941 NOTAE

104 996 178 1027 quae
192 986 237 1017 ibi
250 986 482 1024 merebantur,
499 986 663 1026 inscripta
680 990 780 1017 erant
796 997 804 1025 ;

104 1039 153 1068 ita
176 1042 215 1068 ut
232 1046 298 1078 qua
329 1046 473 1078 quaeque
498 1037 584 1067 cella
607 1041 728 1075 staret,
766 1047 807 1067 ex

106 1088 330 1127 inscriptione
366 1097 463 1117 nosse
494 1096 624 1127 posseS.
682 1087 805 1119 Juven.

105 1139 177 1169 Sat.
211 1146 260 1168 VI.
287 1136 329 1167 de
358 1136 564 1167 Messalina:
592 1137 660 1167 ‘Et
675 1138 806 1176 nigrum

105 1187 193 1219 flavo
221 1187 376 1226 crinem‚’
405 1190 469 1218 Sec.
515 1187 677 1218 Ceterum
704 1187 805 1218 nudae

106 1239 245 1269 stabant
265 1238 481 1276 meretrices,
498 1243 534 1268 ut
552 1247 607 1267 eas
635 1238 807 1278 inspicere

107 1295 243 1331 possent
260 1295 491 1330 amatores,ne
505 1299 569 1331 qua
582 1290 720 1321 occulta
731 1290 807 1321 labe

107 1341 321 1372 fallerentur.

904 989 922 1016 3
952 985 1093 1025 vadoque,
1113 983 1255 1025 seraque]
1280 983 1377 1024 Epig.
1393 986 1445 1014 35.
1462 984 1518 1016 lib.
1534 994 1560 1016 1.

862 1045 948 1067 vers.
965 1040 995 1067 5.
1010 1041 1045 1066 et
1059 1036 1183 1067 Juven.
1200 1035 1260 1065 Sat
1273 1043 1366 1066 .vur.
1380 1037 1453 1065 168.

904 1090 923 1118 4
947 1085 1177 1126 Secretumque,
1194 1084 1262 1125 Sym]
1294 1084 1466 1116 Grandius
1492 1095 1565 1116 sce-

862 1139 912 1169 lus
941 1138 1083 1178 cogitas,
1111 1137 1269 1178 grandius
1292 1140 1461 1167 secretum
1489 1145 1564 1175 pos·

863 1189 964 1219 tuias.

904 1243 924 1270 6
947 1239 1078 1270 Lasciva
1100 1238 1170 1278 acu]
1204 1237 1418 1268 Calamistro.
1463 1237 1471 1252 ‘
1491 1235 1564 1266 Acu

863 1291 1041 1321 lasciviore
1056 1299 1186 1320 comam
1203 1288 1266 1319 sibi
1283 1286 1463 1319 inserunt!
1483 1287 1566 1317 Ter-

863 1341 1022 1371 tullianus
1039 1339 1081 1371 de
1098 1339 1228 1380 virgine
1243 1338 1385 1369 velanda
1401 1347 1476 1379 cap.
1493 1340 1545 1369 12.

735 1525 916 1567 XLVI.

677 1616 727 1646 IN
765 1615 993 1646 MAEVIUM.

113 1685 141 1726 J
147 1695 235 1734 AM,
256 1684 344 1724 nisi
364 1697 440 1737 per
461 1697 679 1734 somnum,
697 1698 787 1726 non
810 1685 978 1738 arrigis,
1003 1687 1046 1725 et
1067 1684 1161 1733 tibi,
1185 1683 1341 1733 Maevi,

172 1751 339 1805 Incipit
359 1753 405 1793 in
426 1752 597 1792 medios
615 1753 772 1793 meiere
792 1765 930 1805 verpa
951 1751 1114 1805 pedes:

115 1820 324 1862 Truditur
345 1823 387 1860 et
405 1819 556 1872 digitis
575 1831 809 1872 pannucea
828 1818 1026 1859 mentula
1045 1818 1196 1867 lassis,

174 1887 274 1929 Nec
294 1887 418 1928 levat
437 1887 677 1928 extinctum
701 1887 929 1927 solicitata
950 1889 1098 1939 caput.

119 1954 239 2005 Quid
260 1955 448 1996 miseros
468 1955 632 1996 frustra
653 1967 830 2005 cunnos,
847 1955 1065 2008 culosque
1086 1953 1303 1994 lacessis?
1400 1975 1406 1984 ·
1544 1966 1571 1994 0

175 2023 359 2064 Summa
378 2027 531 2076 petas:
563 2021 659 2063 illic
680 2022 880 2064 mentula
899 2022 1011 2063 vivit
1032 2034 1155 2062 anus.

724 2119 963 2131 eeeaeoooeoeeo

163 2168 179 2196 1
205 2166 249 2196 Et
265 2165 323 2196 tibi
337 2175 446 2196 nervus
461 2165 536 2196 cod.
553 2164 586 2196 in
603 2165 669 2197 Ms.
686 2175 792 2204 marg.
816 2165 871 2196 ed.
895 2165 975 2197 Par.
999 2167 1158 2196 1617.—2
1176 2165 1221 2195 Et
1234 2163 1351 2195 medios
1374 2162 1451 2194 Ald.
1476 2164 1575 2195 Junt.

121 2208 230 2240 Colin.
262 2208 404 2239 Farnab.
451 2209 496 2239 Et
522 2208 654 2239 medicos
681 2209 734 2239 ed.
764 2208 842 2241 Par.
874 2211 967 2239 1617.

1023 2208 1062 2238 In
1091 2208 1206 2239 medios
1232 2207 1350 2237 melius
1377 2215 1452 2237 esse
1475 2212 1573 2237 notat

121 2252 292 2282 Schrevel.
316 2256 352 2282 et
381 2255 457 2292 post
474 2260 550 2282 eum
566 2251 678 2282 editor
693 2251 881 2291 Delph.-5
902 2250 1076 2288 Q.frustra
1091 2261 1116 2282 c.
1132 2261 1158 2282 c.
1175 2252 1198 2282 l.
1212 2250 1313 2290 inepte
1329 2249 1404 2284 cod.
1421 2249 1454 2279 in
1466 2259 1572 2290 marg.

124 2294 178 2325 ed.
194 2294 273 2326 Par.
290 2296 384 2326 1617.

774 2336 916 2368 NOTAE

167 2403 186 2431 3
211 2400 390 2436 Pannucea,
404 2399 471 2440 &cd
497 2400 643 2439 Debilis,
662 2399 751 2440 laxa,
765 2409 818 2430 ru-

127 2460 228 2493 gosa:
253 2451 343 2492 quod
359 2455 395 2482 et
407 2451 448 2482 de
461 2451 569 2492 pomis
583 2451 722 2482 dicitur.
749 2450 820 2481 Pli-

917 2403 937 2431 6
961 2400 1087 2432 Summa
1110 2400 1214 2441 petus]
1238 2400 1298 2432 Os.
1344 2400 1414 2430 Illic
1440 2399 1574 2430 mentula

873 2451 967 2492 vivit]
991 2451 1090 2492 Epig.
1116 2455 1167 2483 50.
1187 2452 1245 2483 lib.
1270 2460 1318 2482 lv.
1361 2449 1464 2490 Anus]
1487 2449 1575 2480 Vide

126 2502 199 2533 nius
224 2500 283 2531 lib.
308 2509 366 2532 XV.
383 2510 458 2542 cap.
485 2505 537 2534 15.
562 2507 598 2534 et
623 2500 820 2534 Macrobius
875 2501 973 2543 Epig.
989 2504 1044 2534 40.
1060 2507 1097 2534 et
1113 2502 1214 2544 Epig.
1233 2504 1306 2533 106.
1323 2501 1381 2532 lib.
1403 2510 1426 2533 1.

127 2552 185 2584 lib.
200 2559 257 2582 111.
273 2559 346 2592 cap.
362 2553 413 2583 19.
