<?xml version="1.0" encoding="UTF-8"?>
<!DOCTYPE html PUBLIC "-//W3C//DTD XHTML 1.0 Transitional//EN"
    "http://www.w3.org/TR/xhtml1/DTD/xhtml1-transitional.dtd">
<html xmlns="http://www.w3.org/1999/xhtml" xml:lang="en" lang="en">
 <head>
  <title>
</title>
<meta http-equiv="Content-Type" content="text/html;charset=utf-8" />
  <meta name='ocr-system' content='tesseract 3.04.00' />
  <meta name='ocr-capabilities' content='ocr_page ocr_carea ocr_par ocr_line ocrx_word'/>
</head>
<body>
  <div class='ocr_page' id='page_1' title='image "./epigrammataexedi02martuoft_0295.png"; bbox 0 0 1893 3225; ppageno 0'>
   <div class='ocr_carea' id='block_1_1' title="bbox 3 1775 12 2376">
    <p class='ocr_par' dir='ltr' id='par_1_1' title="bbox 3 1775 12 2376">
     <span class='ocr_line' id='line_1_1' title="bbox 3 1775 12 2376; baseline 0 0"><span class='ocrx_word' id='word_1_1' title='bbox 3 1775 12 2376; x_wconf 95' lang='lat' dir='ltr'> </span> 
     </span>
    </p>
   </div>
   <div class='ocr_carea' id='block_1_2' title="bbox 542 192 1582 235">
    <p class='ocr_par' dir='ltr' id='par_1_2' title="bbox 542 192 1582 235">
     <span class='ocr_line' id='line_1_2' title="bbox 542 192 1582 235; baseline 0.002 -2"><span class='ocrx_word' id='word_1_2' title='bbox 542 201 942 234; x_wconf 71' lang='lat' dir='ltr'>EPIGRAMMATUM</span> <span class='ocrx_word' id='word_1_3' title='bbox 979 201 1069 230; x_wconf 72' lang='lat' dir='ltr'>mn.</span> <span class='ocrx_word' id='word_1_4' title='bbox 1106 203 1152 231; x_wconf 87' lang='lat' dir='ltr'>x.</span> <span class='ocrx_word' id='word_1_5' title='bbox 1496 192 1582 235; x_wconf 79' lang='lat'>783</span> 
     </span>
    </p>
   </div>
   <div class='ocr_carea' id='block_1_3' title="bbox 647 358 1051 480">
    <p class='ocr_par' dir='ltr' id='par_1_3' title="bbox 647 358 1051 480">
     <span class='ocr_line' id='line_1_3' title="bbox 717 358 992 400; baseline -0.011 0"><span class='ocrx_word' id='word_1_6' title='bbox 717 358 992 400; x_wconf 89' lang='lat' dir='ltr'>LXXXII.</span> 
     </span>
     <span class='ocr_line' id='line_1_4' title="bbox 647 448 1051 480; baseline -0.007 0"><span class='ocrx_word' id='word_1_7' title='bbox 647 451 672 480; x_wconf 76' lang='lat' dir='ltr'><strong>A</strong></span> <span class='ocrx_word' id='word_1_8' title='bbox 694 452 721 480; x_wconf 84' lang='lat' dir='ltr'>o</span> <span class='ocrx_word' id='word_1_9' title='bbox 771 451 798 479; x_wconf 89' lang='lat' dir='ltr'>G</span> <span class='ocrx_word' id='word_1_10' title='bbox 815 450 843 479; x_wconf 83' lang='lat' dir='ltr'>A</span> <span class='ocrx_word' id='word_1_11' title='bbox 863 450 891 478; x_wconf 83' lang='lat' dir='ltr'>L</span> <span class='ocrx_word' id='word_1_12' title='bbox 908 450 936 478; x_wconf 75' lang='lat' dir='ltr'>L</span> <span class='ocrx_word' id='word_1_13' title='bbox 956 449 982 479; x_wconf 87' lang='lat' dir='ltr'>U</span> <span class='ocrx_word' id='word_1_14' title='bbox 1002 448 1051 477; x_wconf 87' lang='lat' dir='ltr'>M.</span> 
     </span>
    </p>
   </div>
   <div class='ocr_carea' id='block_1_4' title="bbox 131 518 1590 1050">
    <p class='ocr_par' dir='ltr' id='par_1_4' title="bbox 131 518 1590 1050">
     <span class='ocr_line' id='line_1_5' title="bbox 131 518 1118 575; baseline -0.006 -12"><span class='ocrx_word' id='word_1_15' title='bbox 131 522 179 562; x_wconf 75' lang='lat' dir='ltr'>S!</span> <span class='ocrx_word' id='word_1_16' title='bbox 203 522 309 575; x_wconf 92' lang='lat' dir='ltr'>quid</span> <span class='ocrx_word' id='word_1_17' title='bbox 328 527 476 563; x_wconf 83' lang='lat' dir='ltr'>nostra</span> <span class='ocrx_word' id='word_1_18' title='bbox 496 521 586 562; x_wconf 85' lang='lat' dir='ltr'>tuis</span> <span class='ocrx_word' id='word_1_19' title='bbox 609 519 751 561; x_wconf 86' lang='lat' dir='ltr'>adicit</span> <span class='ocrx_word' id='word_1_20' title='bbox 772 518 955 559; x_wconf 81' lang='lat' dir='ltr'>vexatio</span> <span class='ocrx_word' id='word_1_21' title='bbox 974 518 1118 566; x_wconf 83' lang='lat' dir='ltr'>rebus,</span> 
     </span>
     <span class='ocr_line' id='line_1_6' title="bbox 189 588 1113 639; baseline -0.004 -10"><span class='ocrx_word' id='word_1_22' title='bbox 189 589 334 639; x_wconf 83' lang='lat' dir='ltr'>Mane,</span> <span class='ocrx_word' id='word_1_23' title='bbox 356 591 423 631; x_wconf 89' lang='lat' dir='ltr'>vel</span> <span class='ocrx_word' id='word_1_24' title='bbox 444 603 470 630; x_wconf 88' lang='lat' dir='ltr'>a</span> <span class='ocrx_word' id='word_1_25' title='bbox 491 588 640 629; x_wconf 85' lang='lat' dir='ltr'>media</span> <span class='ocrx_word' id='word_1_26' title='bbox 661 591 791 628; x_wconf 90' lang='lat' dir='ltr'>nocte</span> <span class='ocrx_word' id='word_1_27' title='bbox 813 590 987 639; x_wconf 81' lang='lat' dir='ltr'>togatus</span> <span class='ocrx_word' id='word_1_28' title='bbox 1009 598 1085 626; x_wconf 90' lang='lat' dir='ltr'>ero</span> <span class='ocrx_word' id='word_1_29' title='bbox 1103 598 1113 626; x_wconf 90' lang='lat'>:</span> 
     </span>
     <span class='ocr_line' id='line_1_7' title="bbox 133 653 1212 711; baseline -0.004 -14"><span class='ocrx_word' id='word_1_30' title='bbox 133 658 464 711; x_wconf 79' lang='lat' dir='ltr'>Stridentesque</span> <span class='ocrx_word' id='word_1_31' title='bbox 484 656 621 697; x_wconf 87' lang='lat' dir='ltr'>feram</span> <span class='ocrx_word' id='word_1_32' title='bbox 642 654 774 696; x_wconf 87' lang='lat' dir='ltr'>flatus</span> <span class='ocrx_word' id='word_1_33' title='bbox 798 653 1036 708; x_wconf 88' lang='lat' dir='ltr'>Aquilonis</span> <span class='ocrx_word' id='word_1_34' title='bbox 1055 653 1212 707; x_wconf 88' lang='lat' dir='ltr'>iniqui,</span> 
     </span>
     <span class='ocr_line' id='line_1_8' title="bbox 192 722 1113 779; baseline -0.005 -13"><span class='ocrx_word' id='word_1_35' title='bbox 192 726 247 766; x_wconf 84' lang='lat' dir='ltr'>Et</span> <span class='ocrx_word' id='word_1_36' title='bbox 267 726 411 779; x_wconf 85' lang='lat' dir='ltr'>patiar</span> <span class='ocrx_word' id='word_1_37' title='bbox 430 725 618 773; x_wconf 84' lang='lat' dir='ltr'>nimbos,</span> <span class='ocrx_word' id='word_1_38' title='bbox 639 723 952 776; x_wconf 80' lang='lat' dir='ltr'>excipiamque</span> <span class='ocrx_word' id='word_1_39' title='bbox 975 722 1113 762; x_wconf 88' lang='lat' dir='ltr'>nives.</span> 
     </span>
     <span class='ocr_line' id='line_1_9' title="bbox 134 788 1590 846; baseline -0.005 -11"><span class='ocrx_word' id='word_1_40' title='bbox 134 794 223 835; x_wconf 86' lang='lat' dir='ltr'>Sed</span> <span class='ocrx_word' id='word_1_41' title='bbox 245 795 282 834; x_wconf 87' lang='lat' dir='ltr'>si</span> <span class='ocrx_word' id='word_1_42' title='bbox 306 807 392 835; x_wconf 90' lang='lat' dir='ltr'>non</span> <span class='ocrx_word' id='word_1_43' title='bbox 413 794 495 834; x_wconf 85' lang='lat' dir='ltr'>fias</span> <span class='ocrx_word' id='word_1_44' title='bbox 515 791 758 846; x_wconf 78' lang='lat' dir='ltr'>quadrante</span> <span class='ocrx_word' id='word_1_45' title='bbox 780 791 956 832; x_wconf 85' lang='lat' dir='ltr'>beatior</span> <span class='ocrx_word' id='word_1_46' title='bbox 973 803 1080 840; x_wconf 90' lang='lat' dir='ltr'>uno,</span> <span class='ocrx_word' id='word_1_47' title='bbox 1562 788 1590 827; x_wconf 88' lang='lat'>5</span> 
     </span>
     <span class='ocr_line' id='line_1_10' title="bbox 194 859 1230 914; baseline -0.005 -11"><span class='ocrx_word' id='word_1_48' title='bbox 194 863 280 903; x_wconf 91' lang='lat' dir='ltr'>Per</span> <span class='ocrx_word' id='word_1_49' title='bbox 302 862 494 914; x_wconf 82' lang='lat' dir='ltr'>gemitus</span> <span class='ocrx_word' id='word_1_50' title='bbox 511 865 705 909; x_wconf 86' lang='lat' dir='ltr'>nostros,</span> <span class='ocrx_word' id='word_1_51' title='bbox 727 859 1023 912; x_wconf 78' lang='lat' dir='ltr'>ingenuasque</span> <span class='ocrx_word' id='word_1_52' title='bbox 1045 871 1230 907; x_wconf 83' lang='lat' dir='ltr'>cruces3</span> 
     </span>
     <span class='ocr_line' id='line_1_11' title="bbox 135 926 1266 983; baseline -0.004 -13"><span class='ocrx_word' id='word_1_53' title='bbox 135 930 277 971; x_wconf 86' lang='lat' dir='ltr'>Parce</span> <span class='ocrx_word' id='word_1_54' title='bbox 300 942 457 983; x_wconf 86' lang='lat' dir='ltr'>precor</span> <span class='ocrx_word' id='word_1_55' title='bbox 473 928 616 977; x_wconf 87' lang='lat' dir='ltr'>lasso,</span> <span class='ocrx_word' id='word_1_56' title='bbox 638 940 862 980; x_wconf 86' lang='lat' dir='ltr'>vanosque</span> <span class='ocrx_word' id='word_1_57' title='bbox 883 927 1056 967; x_wconf 86' lang='lat' dir='ltr'>remitte</span> <span class='ocrx_word' id='word_1_58' title='bbox 1076 926 1266 975; x_wconf 86' lang='lat' dir='ltr'>labores,</span> 
     </span>
     <span class='ocr_line' id='line_1_12' title="bbox 192 994 1284 1050; baseline -0.004 -13"><span class='ocrx_word' id='word_1_59' title='bbox 192 995 285 1047; x_wconf 88' lang='lat' dir='ltr'>Qui</span> <span class='ocrx_word' id='word_1_60' title='bbox 305 996 387 1037; x_wconf 86' lang='lat' dir='ltr'>tibi</span> <span class='ocrx_word' id='word_1_61' title='bbox 407 1009 494 1036; x_wconf 93' lang='lat' dir='ltr'>non</span> <span class='ocrx_word' id='word_1_62' title='bbox 513 999 709 1050; x_wconf 88' lang='lat' dir='ltr'>prosunt,</span> <span class='ocrx_word' id='word_1_63' title='bbox 732 998 776 1035; x_wconf 89' lang='lat' dir='ltr'>et</span> <span class='ocrx_word' id='word_1_64' title='bbox 796 994 920 1044; x_wconf 91' lang='lat' dir='ltr'>mihi,</span> <span class='ocrx_word' id='word_1_65' title='bbox 944 994 1089 1044; x_wconf 87' lang='lat' dir='ltr'>Galle,</span> <span class='ocrx_word' id='word_1_66' title='bbox 1111 998 1284 1034; x_wconf 89' lang='lat' dir='ltr'>nocent.</span> 
     </span>
    </p>
   </div>
   <div class='ocr_carea' id='block_1_5' title="bbox 138 1102 1596 1232">
    <p class='ocr_par' dir='ltr' id='par_1_5' title="bbox 138 1102 1596 1232">
     <span class='ocr_line' id='line_1_13' title="bbox 180 1102 1594 1146; baseline -0.005 -8"><span class='ocrx_word' id='word_1_67' title='bbox 180 1108 217 1139; x_wconf 80' lang='lat' dir='ltr'>Si</span> <span class='ocrx_word' id='word_1_68' title='bbox 227 1108 327 1138; x_wconf 81' lang='lat' dir='ltr'>nostri</span> <span class='ocrx_word' id='word_1_69' title='bbox 340 1106 458 1137; x_wconf 82' lang='lat' dir='ltr'>labores</span> <span class='ocrx_word' id='word_1_70' title='bbox 472 1107 590 1137; x_wconf 80' lang='lat' dir='ltr'>addunt</span> <span class='ocrx_word' id='word_1_71' title='bbox 606 1106 724 1146; x_wconf 79' lang='lat' dir='ltr'>aliquid</span> <span class='ocrx_word' id='word_1_72' title='bbox 741 1106 805 1136; x_wconf 80' lang='lat' dir='ltr'>tuis</span> <span class='ocrx_word' id='word_1_73' title='bbox 817 1105 919 1144; x_wconf 80' lang='lat' dir='ltr'>rebus,</span> <span class='ocrx_word' id='word_1_74' title='bbox 930 1108 1056 1145; x_wconf 80' lang='lat' dir='ltr'>togatus</span> <span class='ocrx_word' id='word_1_75' title='bbox 1071 1107 1164 1136; x_wconf 78' lang='lat' dir='ltr'>adero</span> <span class='ocrx_word' id='word_1_76' title='bbox 1176 1114 1277 1143; x_wconf 82' lang='lat' dir='ltr'>mane,</span> <span class='ocrx_word' id='word_1_77' title='bbox 1292 1104 1369 1134; x_wconf 78' lang='lat' dir='ltr'>vela</span> <span class='ocrx_word' id='word_1_78' title='bbox 1383 1102 1483 1133; x_wconf 77' lang='lat' dir='ltr'>media</span> <span class='ocrx_word' id='word_1_79' title='bbox 1495 1104 1594 1132; x_wconf 78' lang='lat' dir='ltr'>nocte.</span> 
     </span>
     <span class='ocr_line' id='line_1_14' title="bbox 140 1145 1594 1189; baseline -0.007 -6"><span class='ocrx_word' id='word_1_80' title='bbox 140 1153 183 1183; x_wconf 81' lang='lat' dir='ltr'>Et</span> <span class='ocrx_word' id='word_1_81' title='bbox 198 1150 332 1182; x_wconf 82' lang='lat' dir='ltr'>tolerabo</span> <span class='ocrx_word' id='word_1_82' title='bbox 357 1150 523 1181; x_wconf 79' lang='lat' dir='ltr'>stridentes</span> <span class='ocrx_word' id='word_1_83' title='bbox 539 1149 640 1189; x_wconf 84' lang='lat' dir='ltr'>flatus</span> <span class='ocrx_word' id='word_1_84' title='bbox 660 1149 761 1189; x_wconf 83' lang='lat' dir='ltr'>iniqui</span> <span class='ocrx_word' id='word_1_85' title='bbox 775 1148 953 1188; x_wconf 80' lang='lat' dir='ltr'>Aquilonis,</span> <span class='ocrx_word' id='word_1_86' title='bbox 968 1152 999 1179; x_wconf 83' lang='lat' dir='ltr'>et</span> <span class='ocrx_word' id='word_1_87' title='bbox 1013 1149 1120 1187; x_wconf 77' lang='lat' dir='ltr'>patiar</span> <span class='ocrx_word' id='word_1_88' title='bbox 1135 1148 1266 1186; x_wconf 78' lang='lat' dir='ltr'>nimbos,</span> <span class='ocrx_word' id='word_1_89' title='bbox 1277 1150 1367 1187; x_wconf 79' lang='lat' dir='ltr'>atque</span> <span class='ocrx_word' id='word_1_90' title='bbox 1382 1145 1535 1185; x_wconf 73' lang='lat' dir='ltr'>excipi-‘tm</span> <span class='ocrx_word' id='word_1_91' title='bbox 1547 1145 1594 1174; x_wconf 78' lang='lat' dir='ltr'>ni-</span> 
     </span>
     <span class='ocr_line' id='line_1_15' title="bbox 138 1188 1596 1232; baseline -0.005 -8"><span class='ocrx_word' id='word_1_92' title='bbox 138 1204 198 1226; x_wconf 63' lang='lat' dir='ltr'>tes.</span> <span class='ocrx_word' id='word_1_93' title='bbox 242 1194 287 1225; x_wconf 79' lang='lat' dir='ltr'>At</span> <span class='ocrx_word' id='word_1_94' title='bbox 304 1194 330 1223; x_wconf 85' lang='lat' dir='ltr'>si</span> <span class='ocrx_word' id='word_1_95' title='bbox 345 1192 479 1232; x_wconf 68' lang='lat' dir='ltr'>suspiria</span> <span class='ocrx_word' id='word_1_96' title='bbox 496 1195 616 1229; x_wconf 81' lang='lat' dir='ltr'>nostra,</span> <span class='ocrx_word' id='word_1_97' title='bbox 631 1195 726 1232; x_wconf 80' lang='lat' dir='ltr'>atque</span> <span class='ocrx_word' id='word_1_98' title='bbox 740 1191 877 1230; x_wconf 83' lang='lat' dir='ltr'>ingenua</span> <span class='ocrx_word' id='word_1_99' title='bbox 892 1195 1045 1222; x_wconf 79' lang='lat' dir='ltr'>tormenta</span> <span class='ocrx_word' id='word_1_100' title='bbox 1061 1202 1119 1221; x_wconf 79' lang='lat' dir='ltr'>non</span> <span class='ocrx_word' id='word_1_101' title='bbox 1135 1193 1269 1230; x_wconf 80' lang='lat' dir='ltr'>augeant</span> <span class='ocrx_word' id='word_1_102' title='bbox 1286 1193 1372 1220; x_wconf 80' lang='lat' dir='ltr'>tuum</span> <span class='ocrx_word' id='word_1_103' title='bbox 1386 1198 1452 1218; x_wconf 82' lang='lat' dir='ltr'>rem</span> <span class='ocrx_word' id='word_1_104' title='bbox 1469 1188 1520 1217; x_wconf 90' lang='lat' dir='ltr'>vel</span> <span class='ocrx_word' id='word_1_105' title='bbox 1536 1197 1596 1216; x_wconf 81' lang='lat' dir='ltr'>uno</span> 
     </span>
    </p>
   </div>
   <div class='ocr_carea' id='block_1_6' title="bbox 138 1229 1603 1318">
    <p class='ocr_par' dir='ltr' id='par_1_6' title="bbox 138 1229 1603 1318">
     <span class='ocr_line' id='line_1_16' title="bbox 138 1229 1603 1278; baseline -0.007 -10"><span class='ocrx_word' id='word_1_106' title='bbox 138 1238 309 1278; x_wconf 78' lang='lat' dir='ltr'>quadrante</span> <span class='ocrx_word' id='word_1_107' title='bbox 323 1247 333 1272; x_wconf 91' lang='lat'>,·</span> <span class='ocrx_word' id='word_1_108' title='bbox 355 1244 458 1276; x_wconf 82' lang='lat' dir='ltr'>parce,</span> <span class='ocrx_word' id='word_1_109' title='bbox 473 1244 583 1274; x_wconf 75' lang='lat' dir='ltr'>quoeso‚</span> <span class='ocrx_word' id='word_1_110' title='bbox 603 1234 796 1274; x_wconf 77' lang='lat' dir='ltr'>defatigata,</span> <span class='ocrx_word' id='word_1_111' title='bbox 811 1236 841 1265; x_wconf 77' lang='lat' dir='ltr'>et</span> <span class='ocrx_word' id='word_1_112' title='bbox 860 1235 985 1265; x_wconf 80' lang='lat' dir='ltr'>remitte</span> <span class='ocrx_word' id='word_1_113' title='bbox 1007 1244 1102 1265; x_wconf 82' lang='lat' dir='ltr'>vanos</span> <span class='ocrx_word' id='word_1_114' title='bbox 1113 1234 1243 1272; x_wconf 77' lang='lat' dir='ltr'>labores,</span> <span class='ocrx_word' id='word_1_115' title='bbox 1261 1233 1313 1272; x_wconf 80' lang='lat' dir='ltr'>qui</span> <span class='ocrx_word' id='word_1_116' title='bbox 1329 1232 1388 1263; x_wconf 84' lang='lat' dir='ltr'>tibi</span> <span class='ocrx_word' id='word_1_117' title='bbox 1404 1241 1462 1262; x_wconf 81' lang='lat' dir='ltr'>non</span> <span class='ocrx_word' id='word_1_118' title='bbox 1472 1229 1603 1271; x_wconf 81' lang='lat' dir='ltr'>profici-</span> 
     </span>
     <span class='ocr_line' id='line_1_17' title="bbox 141 1278 668 1318; baseline -0.006 -7"><span class='ocrx_word' id='word_1_119' title='bbox 141 1284 211 1316; x_wconf 78' lang='lat' dir='ltr'>unt,</span> <span class='ocrx_word' id='word_1_120' title='bbox 239 1280 270 1311; x_wconf 93' lang='lat' dir='ltr'>O</span> <span class='ocrx_word' id='word_1_121' title='bbox 287 1279 392 1318; x_wconf 80' lang='lat' dir='ltr'>Galle,</span> <span class='ocrx_word' id='word_1_122' title='bbox 406 1282 436 1308; x_wconf 84' lang='lat' dir='ltr'>et</span> <span class='ocrx_word' id='word_1_123' title='bbox 452 1278 530 1308; x_wconf 74' lang='lat' dir='ltr'>mihi</span> <span class='ocrx_word' id='word_1_124' title='bbox 546 1278 668 1308; x_wconf 81' lang='lat' dir='ltr'>obsunt.</span> 
     </span>
    </p>
   </div>
   <div class='ocr_carea' id='block_1_7' title="bbox 751 1339 987 1350">
    <p class='ocr_par' dir='ltr' id='par_1_7' title="bbox 751 1339 987 1350">
     <span class='ocr_line' id='line_1_18' title="bbox 751 1339 987 1350; baseline 0 0"><span class='ocrx_word' id='word_1_125' title='bbox 751 1339 987 1350; x_wconf 64' lang='lat' dir='ltr'>eeeeeeeeeeee</span> 
     </span>
    </p>
   </div>
   <div class='ocr_carea' id='block_1_8' title="bbox 185 1393 793 1428">
    <p class='ocr_par' dir='ltr' id='par_1_8' title="bbox 185 1393 793 1428">
     <span class='ocr_line' id='line_1_19' title="bbox 185 1393 793 1428; baseline -0.007 0"><span class='ocrx_word' id='word_1_126' title='bbox 185 1400 204 1428; x_wconf 86' lang='grc'>7</span> <span class='ocrx_word' id='word_1_127' title='bbox 231 1397 323 1428; x_wconf 84' lang='lat' dir='ltr'>Fesso</span> <span class='ocrx_word' id='word_1_128' title='bbox 338 1395 413 1427; x_wconf 88' lang='lat' dir='ltr'>cod.</span> <span class='ocrx_word' id='word_1_129' title='bbox 431 1394 544 1426; x_wconf 81' lang='lat' dir='ltr'>Palat.</span> <span class='ocrx_word' id='word_1_130' title='bbox 562 1398 598 1425; x_wconf 90' lang='lat' dir='ltr'>et</span> <span class='ocrx_word' id='word_1_131' title='bbox 615 1393 669 1425; x_wconf 88' lang='lat' dir='ltr'>ed.</span> <span class='ocrx_word' id='word_1_132' title='bbox 685 1393 793 1425; x_wconf 80' lang='lat' dir='ltr'>ssarb.</span> 
     </span>
    </p>
   </div>
   <div class='ocr_carea' id='block_1_9' title="bbox 808 1470 947 1503">
    <p class='ocr_par' dir='ltr' id='par_1_9' title="bbox 808 1470 947 1503">
     <span class='ocr_line' id='line_1_20' title="bbox 808 1470 947 1503; baseline -0.007 0"><span class='ocrx_word' id='word_1_133' title='bbox 808 1470 947 1503; x_wconf 80' lang='lat' dir='ltr'>NOTAE</span> 
     </span>
    </p>
   </div>
   <div class='ocr_carea' id='block_1_10' title="bbox 143 1531 1605 1729">
    <p class='ocr_par' dir='ltr' id='par_1_10' title="bbox 143 1531 1605 1678">
     <span class='ocr_line' id='line_1_21' title="bbox 187 1531 1603 1577; baseline -0.005 -10"><span class='ocrx_word' id='word_1_134' title='bbox 187 1540 206 1568; x_wconf 75' lang='lat'>2</span> <span class='ocrx_word' id='word_1_135' title='bbox 243 1536 394 1577; x_wconf 79' lang='lat' dir='ltr'>Togatus]</span> <span class='ocrx_word' id='word_1_136' title='bbox 427 1535 483 1567; x_wconf 89' lang='lat' dir='ltr'>De</span> <span class='ocrx_word' id='word_1_137' title='bbox 514 1539 706 1575; x_wconf 86' lang='lat' dir='ltr'>togatorum</span> <span class='ocrx_word' id='word_1_138' title='bbox 742 1540 846 1577; x_wconf 86' lang='lat' dir='ltr'>atque</span> <span class='ocrx_word' id='word_1_139' title='bbox 901 1535 1037 1567; x_wconf 82' lang='lat' dir='ltr'>servilia</span> <span class='ocrx_word' id='word_1_140' title='bbox 1051 1532 1173 1573; x_wconf 83' lang='lat' dir='ltr'>officia,</span> <span class='ocrx_word' id='word_1_141' title='bbox 1186 1543 1260 1574; x_wconf 79' lang='lat' dir='ltr'>quae</span> <span class='ocrx_word' id='word_1_142' title='bbox 1277 1541 1342 1563; x_wconf 90' lang='lat' dir='ltr'>non</span> <span class='ocrx_word' id='word_1_143' title='bbox 1359 1531 1483 1562; x_wconf 83' lang='lat' dir='ltr'>decent</span> <span class='ocrx_word' id='word_1_144' title='bbox 1498 1531 1603 1560; x_wconf 85' lang='lat' dir='ltr'>horni-</span> 
     </span>
     <span class='ocr_line' id='line_1_22' title="bbox 143 1581 1605 1627; baseline -0.007 -7"><span class='ocrx_word' id='word_1_145' title='bbox 143 1587 440 1620; x_wconf 79' lang='lat' dir='ltr'>anteambulonum</span> <span class='ocrx_word' id='word_1_146' title='bbox 452 1585 571 1617; x_wconf 81' lang='lat' dir='ltr'>officiis</span> <span class='ocrx_word' id='word_1_147' title='bbox 585 1587 847 1627; x_wconf 70' lang='lat' dir='ltr'>saepiusdictum</span> <span class='ocrx_word' id='word_1_148' title='bbox 903 1596 979 1617; x_wconf 82' lang='lat' dir='ltr'>uem</span> <span class='ocrx_word' id='word_1_149' title='bbox 1009 1586 1204 1624; x_wconf 71' lang='lat' dir='ltr'>ingenuum.</span> <span class='ocrx_word' id='word_1_150' title='bbox 1265 1584 1357 1614; x_wconf 77' lang='lat' dir='ltr'>Crux</span> <span class='ocrx_word' id='word_1_151' title='bbox 1380 1587 1453 1612; x_wconf 86' lang='lat' dir='ltr'>erat</span> <span class='ocrx_word' id='word_1_152' title='bbox 1477 1581 1605 1621; x_wconf 85' lang='lat' dir='ltr'>suppli-</span> 
     </span>
     <span class='ocr_line' id='line_1_23' title="bbox 146 1632 1604 1678; baseline -0.005 -9"><span class='ocrx_word' id='word_1_153' title='bbox 146 1639 206 1670; x_wconf 74' lang='lat' dir='ltr'>lib.</span> <span class='ocrx_word' id='word_1_154' title='bbox 222 1647 281 1669; x_wconf 76' lang='grc' dir='ltr'><strong>ιιι.</strong></span> <span class='ocrx_word' id='word_1_155' title='bbox 299 1637 399 1678; x_wconf 82' lang='lat' dir='ltr'>Epig.</span> <span class='ocrx_word' id='word_1_156' title='bbox 415 1640 468 1669; x_wconf 84' lang='grc'>46.</span> <span class='ocrx_word' id='word_1_157' title='bbox 485 1642 520 1668; x_wconf 89' lang='lat' dir='ltr'>et</span> <span class='ocrx_word' id='word_1_158' title='bbox 535 1637 593 1668; x_wconf 87' lang='lat' dir='ltr'>lib.</span> <span class='ocrx_word' id='word_1_159' title='bbox 611 1647 651 1669; x_wconf 89' lang='lat'>11.</span> <span class='ocrx_word' id='word_1_160' title='bbox 667 1641 720 1670; x_wconf 85' lang='grc'>74.</span> <span class='ocrx_word' id='word_1_161' title='bbox 904 1637 993 1667; x_wconf 79' lang='lat' dir='ltr'>cium</span> <span class='ocrx_word' id='word_1_162' title='bbox 1014 1645 1201 1673; x_wconf 85' lang='lat' dir='ltr'>servorum,</span> <span class='ocrx_word' id='word_1_163' title='bbox 1224 1634 1274 1664; x_wconf 83' lang='lat' dir='ltr'>ita</span> <span class='ocrx_word' id='word_1_164' title='bbox 1290 1633 1345 1664; x_wconf 88' lang='lat' dir='ltr'>isti</span> <span class='ocrx_word' id='word_1_165' title='bbox 1359 1632 1489 1663; x_wconf 80' lang='lat' dir='ltr'>labores</span> <span class='ocrx_word' id='word_1_166' title='bbox 1506 1637 1604 1662; x_wconf 86' lang='lat' dir='ltr'>erant</span> 
     </span>
    </p>

    <p class='ocr_par' dir='ltr' id='par_1_11' title="bbox 190 1682 1604 1729">
     <span class='ocr_line' id='line_1_24' title="bbox 190 1682 1604 1729; baseline -0.006 -10"><span class='ocrx_word' id='word_1_167' title='bbox 190 1692 209 1719; x_wconf 84' lang='lat'><strong>6</strong></span> <span class='ocrx_word' id='word_1_168' title='bbox 240 1688 453 1728; x_wconf 70' lang='lat' dir='ltr'>ingenuasque</span> <span class='ocrx_word' id='word_1_169' title='bbox 467 1687 585 1728; x_wconf 74' lang='lat' dir='ltr'>cruces]</span> <span class='ocrx_word' id='word_1_170' title='bbox 609 1689 685 1720; x_wconf 92' lang='lat' dir='ltr'>Hoc</span> <span class='ocrx_word' id='word_1_171' title='bbox 709 1693 774 1729; x_wconf 88' lang='lat' dir='ltr'>est,</span> <span class='ocrx_word' id='word_1_172' title='bbox 788 1698 849 1729; x_wconf 83' lang='lat' dir='ltr'>per</span> <span class='ocrx_word' id='word_1_173' title='bbox 903 1697 1021 1719; x_wconf 83' lang='lat' dir='ltr'>cruces</span> <span class='ocrx_word' id='word_1_174' title='bbox 1046 1687 1266 1726; x_wconf 81' lang='lat' dir='ltr'>ingenuorum</span> <span class='ocrx_word' id='word_1_175' title='bbox 1293 1682 1604 1714; x_wconf 83' lang='lat' dir='ltr'>anteambulonum.</span> 
     </span>
    </p>
   </div>
   <div class='ocr_carea' id='block_1_11' title="bbox 663 1810 1108 1932">
    <p class='ocr_par' dir='ltr' id='par_1_12' title="bbox 663 1810 1108 1932">
     <span class='ocr_line' id='line_1_25' title="bbox 719 1810 1020 1853; baseline -0.01 0"><span class='ocrx_word' id='word_1_176' title='bbox 719 1810 1020 1853; x_wconf 87' lang='lat' dir='ltr'>LXXXIII.</span> 
     </span>
     <span class='ocr_line' id='line_1_26' title="bbox 663 1899 1108 1932; baseline -0.011 0"><span class='ocrx_word' id='word_1_177' title='bbox 663 1902 740 1932; x_wconf 91' lang='lat' dir='ltr'>AD</span> <span class='ocrx_word' id='word_1_178' title='bbox 786 1899 1108 1931; x_wconf 75' lang='lat' dir='ltr'>MARINUM.</span> 
     </span>
    </p>
   </div>
   <div class='ocr_carea' id='block_1_12' title="bbox 265 1966 1611 2362">
    <p class='ocr_par' dir='ltr' id='par_1_13' title="bbox 266 1966 1178 2024">
     <span class='ocr_line' id='line_1_27' title="bbox 266 1966 1178 2024; baseline -0.01 -10"><span class='ocrx_word' id='word_1_179' title='bbox 266 1973 440 2013; x_wconf 69' lang='lat' dir='ltr'><strong>RAROS</strong></span> <span class='ocrx_word' id='word_1_180' title='bbox 463 1970 637 2024; x_wconf 84' lang='lat' dir='ltr'>colligis</span> <span class='ocrx_word' id='word_1_181' title='bbox 658 1969 761 2010; x_wconf 90' lang='lat' dir='ltr'>hinc</span> <span class='ocrx_word' id='word_1_182' title='bbox 783 1971 825 2009; x_wconf 82' lang='lat' dir='ltr'>et</span> <span class='ocrx_word' id='word_1_183' title='bbox 845 1967 946 2007; x_wconf 85' lang='lat' dir='ltr'>hinc</span> <span class='ocrx_word' id='word_1_184' title='bbox 969 1966 1178 2019; x_wconf 83' lang='lat' dir='ltr'>capillos,</span> 
     </span>
    </p>

    <p class='ocr_par' dir='ltr' id='par_1_14' title="bbox 265 2035 1045 2094">
     <span class='ocr_line' id='line_1_28' title="bbox 265 2035 1045 2094; baseline -0.01 -12"><span class='ocrx_word' id='word_1_185' title='bbox 265 2040 324 2082; x_wconf 89' lang='lat' dir='ltr'>Et</span> <span class='ocrx_word' id='word_1_186' title='bbox 343 2041 479 2082; x_wconf 85' lang='lat' dir='ltr'>latum</span> <span class='ocrx_word' id='word_1_187' title='bbox 500 2038 669 2094; x_wconf 84' lang='lat' dir='ltr'>nitidae,</span> <span class='ocrx_word' id='word_1_188' title='bbox 694 2036 881 2084; x_wconf 86' lang='lat' dir='ltr'>Marine,</span> <span class='ocrx_word' id='word_1_189' title='bbox 904 2035 1045 2075; x_wconf 86' lang='lat' dir='ltr'>calvae</span> 
     </span>
    </p>

    <p class='ocr_par' dir='ltr' id='par_1_15' title="bbox 269 2101 1157 2162">
     <span class='ocr_line' id='line_1_29' title="bbox 269 2101 1157 2162; baseline -0.009 -13"><span class='ocrx_word' id='word_1_190' title='bbox 269 2107 489 2162; x_wconf 86' lang='lat' dir='ltr'>Campum</span> <span class='ocrx_word' id='word_1_191' title='bbox 510 2106 786 2160; x_wconf 85' lang='lat' dir='ltr'>temporibus</span> <span class='ocrx_word' id='word_1_192' title='bbox 808 2103 922 2156; x_wconf 85' lang='lat' dir='ltr'>tegis</span> <span class='ocrx_word' id='word_1_193' title='bbox 945 2101 1157 2143; x_wconf 83' lang='lat' dir='ltr'>comatis:</span> 
     </span>
    </p>

    <p class='ocr_par' dir='ltr' id='par_1_16' title="bbox 269 2172 1050 2226">
     <span class='ocr_line' id='line_1_30' title="bbox 269 2172 1050 2226; baseline -0.009 -10"><span class='ocrx_word' id='word_1_194' title='bbox 269 2175 359 2216; x_wconf 89' lang='lat' dir='ltr'>Sed</span> <span class='ocrx_word' id='word_1_195' title='bbox 375 2175 485 2215; x_wconf 91' lang='lat' dir='ltr'>moti</span> <span class='ocrx_word' id='word_1_196' title='bbox 506 2173 688 2215; x_wconf 88' lang='lat' dir='ltr'>redeunt</span> <span class='ocrx_word' id='word_1_197' title='bbox 701 2172 885 2226; x_wconf 87' lang='lat' dir='ltr'>jubente</span> <span class='ocrx_word' id='word_1_198' title='bbox 903 2172 1050 2219; x_wconf 85' lang='lat' dir='ltr'>vento,</span> 
     </span>
    </p>

    <p class='ocr_par' dir='ltr' id='par_1_17' title="bbox 269 2235 1611 2362">
     <span class='ocr_line' id='line_1_31' title="bbox 269 2235 1611 2295; baseline -0.01 -11"><span class='ocrx_word' id='word_1_199' title='bbox 269 2242 614 2295; x_wconf 87' lang='lat' dir='ltr'>Reddunturque</span> <span class='ocrx_word' id='word_1_200' title='bbox 638 2240 737 2288; x_wconf 85' lang='lat' dir='ltr'>sibi,</span> <span class='ocrx_word' id='word_1_201' title='bbox 761 2242 982 2292; x_wconf 84' lang='lat' dir='ltr'>caputque</span> <span class='ocrx_word' id='word_1_202' title='bbox 1001 2235 1163 2276; x_wconf 89' lang='lat' dir='ltr'>nudum</span> <span class='ocrx_word' id='word_1_203' title='bbox 1583 2240 1611 2270; x_wconf 76' lang='lat' dir='ltr'>o</span> 
     </span>
     <span class='ocr_line' id='line_1_32' title="bbox 272 2303 1184 2362; baseline -0.01 -11"><span class='ocrx_word' id='word_1_204' title='bbox 272 2309 409 2350; x_wconf 89' lang='lat' dir='ltr'>Cirris</span> <span class='ocrx_word' id='word_1_205' title='bbox 430 2308 665 2362; x_wconf 83' lang='lat' dir='ltr'>grandibus</span> <span class='ocrx_word' id='word_1_206' title='bbox 684 2307 786 2347; x_wconf 91' lang='lat' dir='ltr'>hinc</span> <span class='ocrx_word' id='word_1_207' title='bbox 808 2308 851 2345; x_wconf 91' lang='lat' dir='ltr'>et</span> <span class='ocrx_word' id='word_1_208' title='bbox 870 2303 971 2345; x_wconf 90' lang='lat' dir='ltr'>inde</span> <span class='ocrx_word' id='word_1_209' title='bbox 992 2303 1184 2356; x_wconf 82' lang='lat' dir='ltr'>cingunt.</span> 
     </span>
    </p>
   </div>
   <div class='ocr_carea' id='block_1_13' title="bbox 159 2409 1615 2543">
    <p class='ocr_par' dir='ltr' id='par_1_18' title="bbox 159 2409 1615 2543">
     <span class='ocr_line' id='line_1_33' title="bbox 203 2409 1613 2457; baseline -0.009 -8"><span class='ocrx_word' id='word_1_210' title='bbox 203 2418 234 2449; x_wconf 91' lang='grc' dir='ltr'><strong>Ο</strong></span> <span class='ocrx_word' id='word_1_211' title='bbox 252 2419 389 2457; x_wconf 68' lang='lat' dir='ltr'>Mariae,</span> <span class='ocrx_word' id='word_1_212' title='bbox 412 2418 483 2449; x_wconf 77' lang='lat' dir='ltr'>hinc</span> <span class='ocrx_word' id='word_1_213' title='bbox 499 2421 530 2449; x_wconf 83' lang='lat' dir='ltr'>et</span> <span class='ocrx_word' id='word_1_214' title='bbox 545 2417 616 2448; x_wconf 80' lang='lat' dir='ltr'>hinc</span> <span class='ocrx_word' id='word_1_215' title='bbox 631 2415 754 2455; x_wconf 79' lang='lat' dir='ltr'>colligis</span> <span class='ocrx_word' id='word_1_216' title='bbox 775 2423 861 2445; x_wconf 83' lang='lat' dir='ltr'>raros</span> <span class='ocrx_word' id='word_1_217' title='bbox 874 2413 985 2451; x_wconf 82' lang='lat' dir='ltr'>crines,</span> <span class='ocrx_word' id='word_1_218' title='bbox 1003 2416 1032 2443; x_wconf 88' lang='lat' dir='ltr'>et</span> <span class='ocrx_word' id='word_1_219' title='bbox 1060 2410 1248 2452; x_wconf 74' lang='lat' dir='ltr'>temporibus</span> <span class='ocrx_word' id='word_1_220' title='bbox 1272 2410 1398 2440; x_wconf 71' lang='lat' dir='ltr'>comatis</span> <span class='ocrx_word' id='word_1_221' title='bbox 1420 2409 1500 2447; x_wconf 81' lang='lat' dir='ltr'>tegis</span> <span class='ocrx_word' id='word_1_222' title='bbox 1515 2409 1613 2438; x_wconf 83' lang='lat' dir='ltr'>latum</span> 
     </span>
     <span class='ocr_line' id='line_1_34' title="bbox 159 2452 1614 2501; baseline -0.008 -9"><span class='ocrx_word' id='word_1_223' title='bbox 159 2471 300 2501; x_wconf 77' lang='lat' dir='ltr'>campum</span> <span class='ocrx_word' id='word_1_224' title='bbox 313 2461 422 2492; x_wconf 64' lang='lat' dir='ltr'>nitidae</span> <span class='ocrx_word' id='word_1_225' title='bbox 438 2461 551 2491; x_wconf 82' lang='lat' dir='ltr'>calvae:</span> <span class='ocrx_word' id='word_1_226' title='bbox 574 2461 626 2490; x_wconf 80' lang='lat' dir='ltr'>sed</span> <span class='ocrx_word' id='word_1_227' title='bbox 643 2461 717 2489; x_wconf 87' lang='lat' dir='ltr'>moti</span> <span class='ocrx_word' id='word_1_228' title='bbox 731 2458 903 2497; x_wconf 80' lang='lat' dir='ltr'>imperante</span> <span class='ocrx_word' id='word_1_229' title='bbox 915 2460 1004 2487; x_wconf 82' lang='lat' dir='ltr'>vento</span> <span class='ocrx_word' id='word_1_230' title='bbox 1024 2456 1166 2494; x_wconf 75' lang='lat' dir='ltr'>redeunt,</span> <span class='ocrx_word' id='word_1_231' title='bbox 1187 2457 1216 2485; x_wconf 83' lang='lat' dir='ltr'>et</span> <span class='ocrx_word' id='word_1_232' title='bbox 1240 2455 1381 2493; x_wconf 76' lang='lat' dir='ltr'>repetunt</span> <span class='ocrx_word' id='word_1_233' title='bbox 1397 2461 1486 2482; x_wconf 81' lang='lat' dir='ltr'>suum</span> <span class='ocrx_word' id='word_1_234' title='bbox 1501 2452 1614 2488; x_wconf 81' lang='lat' dir='ltr'>locum,</span> 
     </span>
     <span class='ocr_line' id='line_1_35' title="bbox 162 2494 1615 2543; baseline -0.009 -8"><span class='ocrx_word' id='word_1_235' title='bbox 162 2508 252 2543; x_wconf 75' lang='lat' dir='ltr'>atque</span> <span class='ocrx_word' id='word_1_236' title='bbox 271 2503 342 2534; x_wconf 83' lang='lat' dir='ltr'>hinc</span> <span class='ocrx_word' id='word_1_237' title='bbox 354 2507 384 2534; x_wconf 82' lang='lat' dir='ltr'>et</span> <span class='ocrx_word' id='word_1_238' title='bbox 398 2504 470 2534; x_wconf 80' lang='lat' dir='ltr'>inde</span> <span class='ocrx_word' id='word_1_239' title='bbox 483 2502 656 2543; x_wconf 78' lang='lat' dir='ltr'>grandibus</span> <span class='ocrx_word' id='word_1_240' title='bbox 674 2501 769 2532; x_wconf 82' lang='lat' dir='ltr'>cirris</span> <span class='ocrx_word' id='word_1_241' title='bbox 790 2501 919 2539; x_wconf 82' lang='lat' dir='ltr'>cingunt</span> <span class='ocrx_word' id='word_1_242' title='bbox 935 2500 1050 2530; x_wconf 79' lang='lat' dir='ltr'>nudum</span> <span class='ocrx_word' id='word_1_243' title='bbox 1065 2500 1167 2538; x_wconf 81' lang='lat' dir='ltr'>caput.</span> <span class='ocrx_word' id='word_1_244' title='bbox 1215 2497 1330 2527; x_wconf 84' lang='lat' dir='ltr'>Credes</span> <span class='ocrx_word' id='word_1_245' title='bbox 1343 2500 1430 2526; x_wconf 81' lang='lat' dir='ltr'>stare</span> <span class='ocrx_word' id='word_1_246' title='bbox 1446 2494 1615 2532; x_wconf 74' lang='lat' dir='ltr'>Halmyro-</span> 
     </span>
    </p>
   </div>
   <div class='ocr_carea' id='block_1_14' title="bbox 167 2585 1614 2736">
    <p class='ocr_par' dir='ltr' id='par_1_19' title="bbox 167 2585 1614 2736">
     <span class='ocr_line' id='line_1_36' title="bbox 817 2585 958 2617; baseline -0.007 0"><span class='ocrx_word' id='word_1_247' title='bbox 817 2585 958 2617; x_wconf 87' lang='lat' dir='ltr'>NOTAE</span> 
     </span>
     <span class='ocr_line' id='line_1_37' title="bbox 209 2642 1614 2692; baseline -0.007 -10"><span class='ocrx_word' id='word_1_248' title='bbox 209 2656 225 2683; x_wconf 91' lang='lat' dir='ltr'>l</span> <span class='ocrx_word' id='word_1_249' title='bbox 252 2653 353 2683; x_wconf 80' lang='lat' dir='ltr'>Raros</span> <span class='ocrx_word' id='word_1_250' title='bbox 377 2652 514 2692; x_wconf 83' lang='lat' dir='ltr'>colligis]</span> <span class='ocrx_word' id='word_1_251' title='bbox 535 2652 622 2683; x_wconf 83' lang='lat' dir='ltr'>Vide</span> <span class='ocrx_word' id='word_1_252' title='bbox 634 2652 692 2683; x_wconf 80' lang='lat' dir='ltr'>lib.</span> <span class='ocrx_word' id='word_1_253' title='bbox 713 2662 744 2684; x_wconf 88' lang='lat' dir='ltr'>v.</span> <span class='ocrx_word' id='word_1_254' title='bbox 762 2651 861 2692; x_wconf 84' lang='lat' dir='ltr'>Epig.</span> <span class='ocrx_word' id='word_1_255' title='bbox 918 2651 927 2667; x_wconf 92' lang='lat'>‘</span> <span class='ocrx_word' id='word_1_256' title='bbox 941 2649 1027 2680; x_wconf 88' lang='lat' dir='ltr'>Sunt</span> <span class='ocrx_word' id='word_1_257' title='bbox 1048 2647 1140 2679; x_wconf 87' lang='lat' dir='ltr'>illinc</span> <span class='ocrx_word' id='word_1_258' title='bbox 1157 2646 1321 2684; x_wconf 81' lang='lat' dir='ltr'>tibi‚snnt</span> <span class='ocrx_word' id='word_1_259' title='bbox 1337 2648 1371 2675; x_wconf 86' lang='lat' dir='ltr'>et</span> <span class='ocrx_word' id='word_1_260' title='bbox 1388 2643 1465 2674; x_wconf 84' lang='lat' dir='ltr'>hinc</span> <span class='ocrx_word' id='word_1_261' title='bbox 1482 2642 1614 2682; x_wconf 81' lang='lat' dir='ltr'>capilli:</span> 
     </span>
     <span class='ocr_line' id='line_1_38' title="bbox 167 2695 1532 2736; baseline -0.009 -1"><span class='ocrx_word' id='word_1_262' title='bbox 167 2707 219 2736; x_wconf 84' lang='grc'>49.</span> <span class='ocrx_word' id='word_1_263' title='bbox 230 2704 272 2735; x_wconf 87' lang='lat' dir='ltr'>de</span> <span class='ocrx_word' id='word_1_264' title='bbox 289 2703 440 2734; x_wconf 87' lang='lat' dir='ltr'>Labieno</span> <span class='ocrx_word' id='word_1_265' title='bbox 456 2703 565 2733; x_wconf 78' lang='lat' dir='ltr'>calvo.</span> <span class='ocrx_word' id='word_1_266' title='bbox 918 2699 1056 2732; x_wconf 88' lang='lat' dir='ltr'>Nudum</span> <span class='ocrx_word' id='word_1_267' title='bbox 1073 2702 1125 2730; x_wconf 83' lang='lat' dir='ltr'>est</span> <span class='ocrx_word' id='word_1_268' title='bbox 1138 2697 1172 2728; x_wconf 89' lang='lat' dir='ltr'>in</span> <span class='ocrx_word' id='word_1_269' title='bbox 1187 2695 1299 2728; x_wconf 86' lang='lat' dir='ltr'>medio</span> <span class='ocrx_word' id='word_1_270' title='bbox 1319 2696 1444 2735; x_wconf 79' lang='lat' dir='ltr'>caput,’</span> <span class='ocrx_word' id='word_1_271' title='bbox 1465 2695 1532 2724; x_wconf 65' lang='grc' dir='ltr'>ὅτε.</span> 
     </span>
    </p>
   </div>
   <div class='ocr_carea' id='block_1_15' title="bbox 210 2751 863 2793">
    <p class='ocr_par' dir='ltr' id='par_1_20' title="bbox 210 2751 863 2793">
     <span class='ocr_line' id='line_1_39' title="bbox 210 2751 863 2793; baseline -0.002 -9"><span class='ocrx_word' id='word_1_272' title='bbox 210 2758 227 2784; x_wconf 87' lang='grc'><strong>5</strong></span> <span class='ocrx_word' id='word_1_273' title='bbox 269 2753 430 2793; x_wconf 78' lang='lat' dir='ltr'>Caputque</span> <span class='ocrx_word' id='word_1_274' title='bbox 459 2751 589 2791; x_wconf 83' lang='lat' dir='ltr'>nudum]</span> <span class='ocrx_word' id='word_1_275' title='bbox 612 2751 713 2791; x_wconf 82' lang='lat' dir='ltr'>Epig.</span> <span class='ocrx_word' id='word_1_276' title='bbox 745 2751 863 2783; x_wconf 86' lang='lat' dir='ltr'>citato.</span> 
     </span>
    </p>
   </div>
  </div>
 </body>
</html>
