1893 3225
484 258 888 289 EPIGRAMMATUM
928 258 1021 287 ma.
1055 258 1159 288 vm.
1469 250 1550 290 571

97 353 334 403 Finieram,
356 368 454 395 cum
476 355 540 395 sic
561 354 786 408 respondit
807 366 924 395 nona
942 367 1159 402 sororum,

154 420 236 462 Cui
255 435 394 472 coma,
417 426 460 463 et
478 425 693 474 unguento
713 421 891 462 sordida
912 422 1051 462 vestis
1073 425 1192 462 erat:

97 488 225 530 Tune
247 494 374 543 potes
396 489 560 538 dulces,
582 490 762 541 ingrate,
783 489 1025 543 relinquere
1046 490 1217 542 nugas?

156 556 243 597 Dic
263 557 387 608 mihi,
409 557 513 611 quid
534 558 688 598 melius
710 556 966 599 desidiosus
988 571 1092 610 ages
1109 558 1128 597 ’ἒ

96 624 168 666 An
184 626 311 679 juvat
327 625 381 666 ad
401 625 614 679 Tragicos
637 638 818 667 soccum
838 625 1069 667 transferre
1088 626 1353 667 cothurnos?

159 692 328 747 Aspera
347 693 419 735 vel
441 693 621 747 paribus
642 693 760 734 bella
781 697 932 734 tonare
955 694 1135 735 modis?

100 759 318 812 Praelegat
339 766 387 802 ut
407 760 601 802 tumidus
622 773 756 802 rauca
777 764 818 801 te
838 774 947 802 voce
966 761 1186 814 magister,

155 827 312 869 Oderit
333 833 376 870 et
395 829 569 883 grandis
590 829 709 882 virgo
730 830 961 884 bonusque
981 830 1121 883 puer?

102 894 305 937 Scribant
325 896 413 937 ista
433 910 590 950 graves
611 897 806 948 nimium,
828 897 1096 951 nimiumque
1119 897 1274 946 severi,

156 962 282 1013 Quos
302 964 447 1006 media
466 966 651 1006 miseros
672 969 799 1007 nocte
821 965 1002 1007 lucerna
1023 964 1154 1007 videt.

98 1030 160 1071 At
178 1035 227 1071 tu
249 1031 454 1073 Romano
476 1033 650 1086 lepidos
672 1033 767 1074 sale
787 1033 902 1086 tinge
920 1033 1096 1074 libellos
1114 1047 1123 1074 :

155 1096 380 1152 Agnoscat
398 1113 543 1141 mores
565 1100 657 1141 vita
677 1101 882 1154 legatque
904 1114 1033 1142 suos.

1497 1097 1553 1138 20

103 1222 270 1262 Dixeram,
286 1232 354 1253 cum
366 1223 411 1254 sic
423 1223 559 1263 reposuit
574 1232 653 1254 nona
668 1233 820 1264 sororum,
835 1234 903 1264 quoe
917 1224 1047 1255 habebat
1065 1223 1223 1256 coesardem
1238 1226 1270 1253 et
1285 1225 1399 1254 vestem
1416 1222 1556 1253 sordida—

98 1268 164 1296 tam
178 1269 332 1304 unguento
343 1277 353 1297 .-
378 1266 409 1297 0
427 1266 599 1303 immemor,
612 1270 737 1307 potesne
752 1270 787 1297 tu
800 1268 910 1298 missas
929 1267 1040 1305 facere
1067 1277 1175 1298 suaves
1194 1263 1356 1306 ineptias?
1400 1265 1464 1296 Dic
1479 1265 1557 1296 mihi

97 1308 172 1348 quid
188 1311 223 1339 tu
235 1308 347 1339 otiosus
353 1307 457 1345 facies
468 1307 597 1340 melius?
640 1309 693 1340 An
705 1310 807 1349 placet
835 1310 1006 1347 transferre
1027 1320 1147 1341 soccum
1161 1311 1202 1340 ad
1217 1309 1383 1340 cothurnos
1398 1308 1559 1347 Tragicos,

98 1354 152 1381 aut
173 1351 304 1391 paribus
317 1352 426 1383 metris
435 1355 540 1383 tonare
554 1351 663 1383 acerba
680 1352 768 1392 bella,
783 1355 818 1384 ut
836 1354 980 1392 turgidus
993 1353 1145 1392 magister
1154 1353 1308 1392 praelegat
1322 1355 1353 1382 te
1363 1361 1458 1382 rauca
1473 1361 1561 1390 voce,

99 1397 130 1424 et
144 1394 251 1424 adulta
263 1395 365 1435 puella
380 1395 493 1435 oderit,
508 1397 539 1426 et
563 1395 658 1426 bonus
681 1393 785 1436 puer?
830 1396 936 1427 Nimis
948 1406 1073 1436 graves,
1087 1399 1117 1427 et
1132 1395 1227 1426 nimis
1242 1395 1360 1426 austeri
1375 1397 1560 1434 componant

99 1436 172 1476 ista,
187 1447 259 1477 quos
281 1438 384 1469 media
405 1441 492 1469 nocte
515 1436 654 1476 infelices
677 1441 796 1480 spectat
811 1440 948 1470 lucerna.
993 1439 1055 1470 Sed
1069 1442 1105 1470 tu
1120 1438 1221 1470 imbue
1240 1438 1373 1476 festivos
1387 1437 1483 1468 libros
1496 1438 1559 1467 sale

712 1523 953 1538 ‘meseum‘

104 1587 154 1615 14.
170 1587 223 1616 23.
239 1589 275 1615 et
297 1584 381 1615 illud
406 1584 506 1616 Ennii
521 1586 609 1626 quod
631 1586 784 1618 imitatus
812 1591 866 1619 est
890 1587 986 1629 Virg.
1010 1587 1136 1627 Georg.
1152 1596 1209 1618 111.
1225 1589 1344 1619 9.-13
1367 1586 1497 1617 Annuat
1519 1587 1560 1616 ad

104 1628 241 1667 tragicos
265 1637 384 1658 soccum
406 1628 541 1659 transire
570 1629 780 1660 Beverlandi
804 1631 956 1661 Ms.—l4
994 1630 1115 1670 Aspera
1142 1631 1192 1661 vel
1216 1630 1360 1670 patribus
1382 1630 1416 1660 in
1439 1629 1559 1660 codice

103 1670 312 1701 Florentino.
338 1671 428 1701 Dan.
447 1671 608 1701 Heinsius
624 1672 666 1702 ad
684 1671 858 1703 Ciaudian.
877 1673 1007 1712 Paneg.
1023 1673 1057 1702 in
1070 1672 1177 1703 Prob.
1194 1678 1229 1703 et
1246 1672 1352 1713 Olyb.
1367 1672 1470 1703 Cons.
1484 1674 1559 1703 208.

102 1718 252 1744 nostram
268 1713 463 1752 lectionem,
491 1713 569 1744 bella
595 1717 713 1753 tonare,
730 1714 892 1753 vindicat,
917 1715 1068 1756 quamvis
1094 1715 1127 1745 in
1152 1715 1266 1746 multis
1289 1715 1385 1746 libris
1413 1716 1559 1755 legatur,

106 1755 186 1786 bella
206 1765 325 1788 sonare.
377 1755 466 1787 Vide
494 1756 535 1787 ad
562 1757 729 1797 Epig.23.
755 1758 855 1798 hujus
879 1758 1054 1789 libri.—l5
1080 1758 1230 1797 Perlegat
1251 1761 1286 1788 ut
1308 1758 1342 1788 in
1369 1757 1448 1789 edd.
1473 1761 1560 1789 vett.

103 1798 265 1838 Praelegat
279 1802 314 1829 ut
336 1798 445 1830 codex
473 1798 664 1830 Pulmanni.
708 1800 796 1831 Vide
823 1800 864 1831 ad
892 1801 950 1833 lib.
972 1809 998 1832 1.
1033 1801 1132 1841 Epig.
1156 1803 1297 1832 36.-17
1320 1800 1469 1831 Scribant
1497 1800 1561 1830 ista

101 1851 214 1885 graves
224 1842 329 1882 potius
353 1841 465 1874 codex
481 1841 762 1874 Pulmanni.-20
785 1844 945 1883 Agnoscat
960 1853 1058 1875 mores
1073 1847 1166 1875 aucta
1187 1843 1295 1875 codex
1315 1843 1556 1875 Vaticanus.—

759 1939 900 1972 NOTAE

144 2017 164 2044 9
188 2013 281 2044 Nona
310 2013 464 2053 sororum]
505 2013 656 2044 Thaliam
679 2013 804 2045 intelli-

102 2068 188 2105 gunt
199 2064 429 2104 Interpretes,
442 2073 517 2094 cum
527 2063 619 2094 illam
633 2069 806 2104 unguento

101 2115 270 2147 sordidam
299 2116 393 2147 dicat
417 2114 545 2147 Poeta:
570 2114 698 2146 etenim
724 2119 804 2146 ante

103 2175 232 2197 coenam
260 2166 479 2207 ungebantur
498 2166 665 2206 *antiqui3
688 2166 805 2197 Thalia

100 2225 194 2257 vero,
208 2217 367 2259 inquiunt
382 2217 538 2249 Raderus
551 2222 587 2248 et
601 2216 804 2256 Farnaffius,

108 2274 190 2311 apta
205 2274 279 2301 erat
296 2270 470 2302 conviviis.

152 2322 190 2351 13
214 2320 265 2352 Ad
294 2321 457 2361 Tragicos]
480 2321 609 2352 Soccus
627 2321 803 2352 Comoedo-

105 2380 178 2402 rum
205 2376 280 2403 erat
310 2372 479 2412 proprius,
504 2373 688 2404 cothurnus
718 2374 803 2405 Tra-

103 2420 287 2461 goedorum.
311 2421 385 2454 Lib.
416 2431 473 2454 111.
498 2423 600 2464 Epig.
628 2426 680 2455 20.
727 2424 805 2455 Hoc

106 2476 181 2503 est:
205 2471 259 2504 An
274 2473 390 2513 placet
404 2473 521 2504 missos
547 2473 663 2505 facere
688 2484 804 2506 versus

107 2522 264 2562 leviores,
275 2533 394 2564 graves
408 2525 558 2556 scribere
572 2525 583 2555 ?

152 2576 191 2604 14
217 2574 456 2616 Tonaremodis]
480 2576 635 2608 Heroicis
655 2576 805 2607 versibus

106 2633 200 2655 arma
215 2633 351 2657 canere.

155 2679 193 2706 15
220 2675 392 2715 Proelegat]
424 2678 471 2708 Ut
497 2677 596 2708 hodie
626 2677 659 2708 in
687 2677 807 2708 scholis

108 2725 282 2765 Virgilius,
302 2725 481 2764 Homerus,
495 2731 530 2757 et
545 2726 599 2757 alii
617 2728 807 2767 praelegun-

110 2780 175 2806 tur.
221 2775 459 2815 Aiii,perlegat.

155 2829 195 2857 16
220 2827 331 2857 Oderit
354 2829 383 2857 et
411 2827 558 2867 grandis]
582 2827 672 2859 Hinc
701 2828 808 2869 liquet

859 2019 895 2046 et
911 2014 1000 2055 ipsas
1017 2014 1147 2054 puellas
1171 2014 1250 2045 olim
1266 2013 1419 2054 legendis
1436 2018 1469 2045 et
1491 2024 1560 2045 me-

858 2065 999 2095 moriter
1013 2064 1184 2096 discendis
1210 2063 1405 2095 auctoribus
1421 2073 1559 2104 operam

858 2114 1005 2155 dedisse,
1022 2124 1097 2156 quae
1115 2124 1190 2145 cum
1214 2114 1393 2156 aliquando
1423 2115 1561 2154 vapula-

857 2170 947 2205 rent,
961 2165 1051 2207 quod
1068 2175 1184 2196 versus
1208 2165 1404 2196 memoriter
1423 2175 1488 2195 non
1516 2170 1563 2196 te-

858 2221 992 2255 nerent,
1005 2214 1087 2256 ipsis
1108 2215 1202 2246 libris
1216 2215 1461 2251 irascebantur,
1478 2225 1562 2257 quos

859 2266 961 2296 etiam
975 2265 1185 2297 lacerabant.

902 2321 941 2349 18
964 2318 1104 2349 Lucerna
1116 2317 1218 2357 videt]
1240 2317 1356 2348 Noctu
1386 2317 1430 2348 ad
1452 2318 1562 2349 lucer—

858 2378 935 2400 nam
959 2377 1065 2408 opera
1088 2377 1148 2399 sua
1166 2368 1416 2408 componebant
1440 2379 1560 2410 graves

857 2423 1027 2451 auctores.
1072 2418 1249 2451 ,Iuvenalis
1274 2419 1344 2450 Sat.
1369 2429 1393 2451 1.
1440 2421 1450 2438 ‘
1474 2420 1561 2452 Haec

858 2479 921 2510 ego
945 2479 1011 2500 nou
1033 2468 1170 2500 credam
1196 2469 1373 2500 Venusina
1388 2470 1489 2510 digna
1513 2471 1562 2501 lu-

859 2529 962 2551 cerna
972 2519 993 2550 ?'
1054 2519 1184 2550 Notum
1221 2522 1275 2549 est
1310 2517 1375 2550 hoc
1408 2519 1562 2559 verbum,

861 2569 917 2600 τὸν
926 2567 1045 2609 λύχνον
1067 2567 1142 2608 ὄζει·
1156 2568 1312 2599 lucernam
1332 2569 1405 2608 olet,
1422 2569 1465 2600 de
1491 2579 1562 2601 ser-

861 2631 960 2654 mone
981 2621 1087 2653 multo
1100 2620 1214 2652 studio
1229 2620 1441 2653 elncubrato.

903 2678 945 2706 20
960 2672 1134 2713 Agnoscat]
1146 2672 1224 2704 Hoc
1235 2676 1300 2710 est,
1310 2672 1461 2704 homines
1478 2674 1561 2704 meis

862 2725 1006 2756 inlibris
1022 2728 1205 2765 agnoscant
1232 2732 1292 2753 sua
1318 2722 1403 2754 vitia
1425 2728 1460 2755 et
1487 2733 1562 2755 sua÷

860 2777 1017 2808 virtutes.
