1893 3225
303 236 386 277 836
782 244 831 272 M.
865 242 976 271 VAn.
1011 240 1286 270 MARTIAMS

306 342 408 396 Ipse
432 346 536 382 tuos
557 339 684 380 nobis
705 338 874 390 relegas
892 336 996 377 licet
1017 348 1156 389 usque
1180 334 1413 386 Gigantas,

369 408 494 449 Rura
515 407 583 447 vel
604 411 764 447 aeterno
786 404 984 458 proxima
1003 402 1203 453 Virgilio.

306 530 383 560 Plus
398 537 454 567 ego
465 527 625 567 promitto,
638 525 716 556 nihil
731 523 865 555 recitabo
879 523 949 554 tibi.
994 522 1083 552 Licet
1104 531 1183 552 vero
1200 526 1236 552 ut
1253 522 1318 561 ipse
1333 530 1450 561 semper
1475 522 1597 560 relegas
1619 523 1686 552 tuos
1703 521 1762 551 Gi-

302 575 429 611 gantas,
445 573 475 601 et
491 579 565 600 rura
576 569 719 609 proxima
739 569 785 598 vel
797 566 965 597 immortali
986 564 1132 603 Virgilio.

915 649 1150 661 ,tote-‘ww‘

309 710 450 749 Giganto
466 708 542 739 cod.
568 708 599 738 in
622 717 727 746 marg.
754 706 808 738 ed.
824 706 904 737 Par.
928 708 1023 737 1617.
1047 705 1135 736 Vide
1155 704 1270 735 Heins.
1295 702 1338 733 ad
1366 702 1431 733 Ov.
1456 703 1544 734 Met.
1562 713 1586 734 1.
1604 706 1762 735 152.—-18

308 753 396 783 Rara
410 753 475 783 Ms.
494 751 630 781 Beverl.
647 757 681 781 et
695 749 943 790 Lugdunensis,
958 754 994 780 et
1010 748 1089 779 edd.
1107 748 1184 779 Ald.
1200 747 1297 779 Junt.
1314 746 1423 777 Colin.
1461 746 1541 776 Vid.
1560 746 1641 777 Var.
1658 746 1740 779 Not.

962 838 1101 871 NOTAE

356 910 393 938 17
423 905 595 945 Gigantas]
637 905 712 935 Hoc
739 909 804 944 est,
828 904 947 944 poema
964 904 1005 934 de
1062 903 1202 934 inferius
1217 901 1394 942 Georgicis
1409 901 1557 942 Virgilii.

313 958 533 998 Gigantibus,
559 962 593 986 et
615 955 657 986 de
685 955 909 995 agricultura,
939 964 1004 986 non

981 1102 1113 1142 LIII.

760 1191 822 1222 DE
854 1191 1079 1222 ebAunlA
1116 1191 1322 1220 RumNA.

314 1260 549 1301 CnAumA
569 1259 773 1301 coeruleis
794 1271 892 1300 eum
915 1259 974 1298 sit
995 1255 1162 1298 Rufina
1184 1255 1409 1296 Britannis

371 1327 515 1377 Edita,
533 1340 667 1381 quam
688 1326 832 1368 Latiae
854 1330 1035 1379 pectora
1056 1324 1200 1378 plebis
1226 1323 1385 1365 habet!

314 1394 460 1445 Quale
476 1395 611 1436 decus
631 1395 782 1436 formae
801 1394 810 1435 Ξ
843 1393 1093 1434 Romanam
1113 1391 1288 1432 credere
1309 1395 1469 1431 matres

373 1463 557 1504 Italides
579 1466 783 1517 possunt,
804 1460 1012 1502 Atthides
1035 1471 1134 1499 esse
1155 1471 1295 1499 suam.

317 1531 377 1571 Di
399 1531 524 1580 bene,
547 1530 665 1584 quod
689 1534 847 1570 sancto
869 1527 1043 1582 peperit
1062 1525 1276 1567 foecunda
1294 1525 1472 1574 marito,
1748 1525 1776 1564 5

378 1597 511 1648 Quod
534 1602 683 1652 sperat
704 1609 898 1650 generos,
919 1595 1132 1649 quodque
1154 1594 1306 1648 puella
1327 1606 1471 1634 nurus.

320 1666 394 1707 Sic
415 1666 590 1719 placeat
611 1664 802 1719 superis,
823 1669 874 1703 ut
895 1663 1081 1717 conjuge
1103 1661 1295 1714 gaudeat
1315 1673 1419 1710 uno,

377 1733 433 1774 Et
452 1746 625 1786 semper
644 1733 758 1773 natis
774 1731 964 1785 gaudeat
982 1730 1061 1770 illa
1082 1729 1238 1770 tribus.

366 1850 444 1879 Cum
462 1847 594 1878 Claudia
614 1846 729 1888 Rufina
744 1847 787 1876 sit
805 1849 879 1876 nata
892 1856 910 1876 a
922 1844 1060 1875 caeruleis
1078 1844 1256 1880 Britannis,
1279 1853 1337 1882 qua
1352 1843 1473 1873 ratione
1488 1842 1576 1873 habet
1594 1852 1691 1873 mores
1701 1853 1777 1881 gen-

321 1894 364 1922 tis
382 1893 530 1922 Romame
543 1889 557 1920 !
579 1890 668 1929 quale
689 1892 902 1919 ornamentum
921 1886 1062 1925 formae!
1084 1890 1198 1916 matres
1224 1886 1372 1916 Romame
1395 1890 1424 1916 et
1441 1886 1558 1916 Atticoe
1573 1889 1696 1924 possunt
1717 1886 1777 1915 sibi

321 1935 482 1965 cendit-are
498 1933 593 1963 illam.
639 1932 669 1963 Ο
689 1931 815 1970 factum
843 1930 930 1970 bene,
954 1931 1031 1969 qnod
1039 1928 1186 1966 foecunda
1200 1929 1320 1968 peperit
1336 1932 1440 1958 sancto
1455 1929 1578 1959 marito.
1627 1928 1709 1962 Quot
1722 1937 1778 1966 ge-

321 1987 410 2007 neros
424 1979 579 2016 expectat,
595 1979 625 2005 et
642 1977 713 2014 quot
726 1984 822 2004 nurus
846 1974 905 2003 illa
928 1971 1054 2003 mater!
1077 1972 1131 2002 Sic
1144 1972 1264 2012 placeat
1282 1971 1368 2008 Diis,
1383 1974 1416 2001 ut
1437 1972 1564 2002 caetetur
1580 1981 1636 2001 uno
1653 1971 1778 2011 marito,

320 2024 350 2050 et
368 2019 422 2050 illa
436 2028 553 2059 semper
567 2018 676 2048 habeat
685 2017 743 2057 jus
760 2017 857 2047 trium
872 2016 1048 2046 liberorum.

935 2088 1168 2100 omenemo

370 2148 494 2189 Rnffina
510 2145 588 2176 Ald.
606 2145 703 2178 Junt.
728 2146 838 2177 Colin.
861 2150 896 2176 et
919 2146 966 2176 sic
992 2145 1027 2175 in
1044 2145 1153 2185 primo
1173 2147 1285 2175 VS.—2
1304 2144 1370 2174 Cnr
1386 2142 1465 2174 edd.
1484 2148 1567 2174 vett.
1583 2147 1617 2173 et
1635 2142 1781 2174 Farnab.

322 2191 401 2222 vid.
419 2191 499 2221 Not.
517 2190 660 2220 Van—3
676 2189 815 2220 Matrem
828 2189 892 2220 Ms.
904 2188 1108 2219 Beverl.—-4
1122 2187 1255 2219 Achilles
1272 2186 1381 2218 id.-—-6
1397 2187 1478 2221 Quot
1493 2209 1500 2217 .
1513 2207 1521 2216 .
1534 2208 1541 2217 .
1557 2189 1686 2226 quotque
1701 2185 1779 2216 edd.

326 2239 412 2265 vett.

371 2343 383 2370 1
429 2339 576 2379 Claudia]
616 2338 747 2370 Eadem
775 2338 863 2370 forte
891 2338 935 2369 de
960 2347 1028 2378 qua
1084 2345 1176 2372 vern,
1200 2346 1219 2366 a
1246 2345 1314 2377 qua
1330 2335 1491 2366 Atthides
1517 2334 1691 2375 dicuntur,
1715 2334 1781 2365 fuit

326 2391 427 2431 Epig.
444 2391 563 2422 13.lib.
575 2399 623 2421 iv.
1083 2396 1151 2417 una
1166 2386 1290 2417 Cranai
1314 2386 1402 2426 regis
1420 2386 1675 2417 Atheniensium
1700 2385 1782 2425 filia,

372 2441 521 2472 Coerulez's
534 2439 722 2481 Britannis]
755 2439 856 2472 Quod
870 2449 906 2470 se
922 2439 1030 2478 glasto
1085 2446 1105 2467 a
1120 2446 1185 2477 qua
1197 2436 1290 2477 regio
1310 2435 1428 2467 Attica
1441 2436 1659 2468 denominata
1675 2441 1740 2467 est.

327 2492 538 2531 colorabant,
553 2492 606 2521 vel
622 2490 709 2531 quod
722 2490 862 2522 coerulei
873 2490 1032 2521 dicuntur
1128 2489 1148 2517 6
1167 2487 1254 2522 Quod
1268 2486 1385 2527 [Quot]
1408 2487 1472 2518 Illa
1487 2486 1623 2518 scilicet
1644 2486 1782 2526 juvenis

329 2543 505 2582 insulares,
519 2546 557 2572 ut
569 2541 617 2572 ait
630 2541 811 2573 Domitius.
826 2540 913 2572 Vide
931 2540 1030 2581 Epig.
1088 2547 1172 2568 uxor
1183 2542 1363 2578 speratura
1373 2542 1426 2568 est
1437 2538 1550 2578 plures
1562 2547 1705 2577 generos
1719 2537 1786 2568 suis

329 2596 382 2624 99.
396 2592 453 2624 lib.
468 2601 545 2623 xrv.
1087 2587 1234 2628 filiabus,
1247 2593 1281 2619 et
1297 2589 1413 2629 plures
1429 2598 1532 2619 nurus
1549 2588 1615 2619 suis
1631 2587 1719 2619 filiis.

372 2646 392 2674 4
428 2640 575 2681 Italides]
612 2641 678 2671 Vel
709 2645 850 2681 propter
886 2640 1033 2680 linguam
1129 2642 1150 2669 S
1197 2639 1342 2670 Gaudeat
1371 2640 1428 2670 illa
1457 2638 1571 2679 tribus]
1616 2639 1672 2670 De
1702 2639 1782 2680 jure

330 2694 485 2725 Latinam
502 2698 537 2724 et
564 2693 735 2732 Graecam,
762 2701 860 2732 quam
877 2691 1037 2736 callebat,
1090 2689 1193 2720 trium
1222 2689 1404 2722 liberorum
1439 2689 1568 2721 dictum
1604 2690 1703 2730 Epig.
1731 2692 1784 2721 92.

331 2750 368 2775 ut
380 2744 551 2776 Domitius
567 2755 576 2782 3
609 2745 659 2774 vel
678 2751 819 2784 propter
832 2742 948 2773 formae
969 2742 1036 2772 ele·
1085 2741 1145 2773 fib.
1160 2750 1201 2773 11.

332 2795 492 2836 gantiam,
523 2801 557 2825 ut
579 2799 696 2825 censet
715 2792 875 2824 Raderus.
923 2792 1038 2824 Attin>
