1893 3225
588 221 761 251 iffiGRA
776 221 948 250 MMA'I'U
962 222 992 250 M
1030 223 1124 252 [ΑΒ.
1158 224 1206 252 Χ.

1525 214 1608 255 789

265 317 410 366 Erras,
436 318 472 356 si
496 317 575 357 tibi
599 329 771 357 cunnus
794 316 863 356 hic
882 317 1070 367 videtur,

264 385 331 426 Ad
355 399 482 439 quem
504 385 702 425 mentula
724 384 937 438 pertinere
958 384 1086 426 desit.

261 453 409 503 Quare
429 455 466 494 si
488 454 631 507 pudor
650 459 734 502 est,
758 453 946 505 Ligella,
968 454 1062 495 noli

261 522 455 563 Barbam
475 522 635 563 vellere
657 525 832 562 mortuo
850 521 979 561 leoni.

1549 526 1604 566 10

806 621 945 653 NOTAE

188 696 225 723 ll
245 691 384 722 Barbam
396 693 516 730 vellere,
529 692 596 733 ἔξω]
614 692 843 723 Exstimulare

145 742 186 773 ad
211 742 383 773 libidinem
413 741 566 774 foetidum
595 752 631 773 os
663 748 844 774 mortuum.

146 792 279 824 Alludit
295 793 335 823 ad
359 793 587 833 proverbium,
609 795 618 810 ⁴
635 794 780 824 tondere
796 794 842 825 le-

143 844 267 881 onem‚’
304 848 339 874 et
372 846 381 860 ‘
396 845 522 875 vellere
558 844 695 875 barbam
733 844 844 875 leoni)

145 894 220 925 Hoc
236 898 301 934 est,
317 894 452 925 irritare
465 894 505 925 ad
520 895 596 926 iras.
641 895 742 928 Quod
756 896 844 936 peri-

143 945 270 975 culosae
288 945 424 984 plenum
439 955 524 985 opus
538 951 589 976 est
605 945 701 978 aleae.
756 947 845 979 Vide

898 691 958 722 lib.
987 700 1038 723 w.
1068 691 1168 733 Epig.
1197 695 1233 722 et
1259 691 1376 723 Annot
1402 692 1502 733 prior.
1547 694 1603 726 Jo.

899 744 1003 785 Bapt.
1029 744 1082 775 Pii
1099 753 1175 784 cap.
1200 747 1250 775 15.
1280 744 1336 774 ubi
1363 745 1404 775 ad
1423 744 1604 785 explicati-

898 804 996 825 onem
1012 795 1109 835 liujus
1126 794 1388 834 Epigrammatis
1405 796 1504 827 nimis
1519 798 1604 827 mul-

900 852 946 878 ta.
991 847 1118 877 Mortuo
1134 845 1230 885 leoni]
1254 846 1397 877 Frustra
1418 846 1491 878 scil.
1510 852 1603 878 vetu-

899 898 965 928 lam
989 897 1122 928 vulvam
1155 896 1196 926 ad
1212 895 1388 928 libidinem
1420 897 1602 936 stimulas;

900 952 953 980 est
963 949 1051 980 enim
1066 951 1210 979 mortua.

804 1081 937 1122 XCI.

708 1173 767 1200 nr:
802 1171 972 1200 ALMoN
984 1171 1025 1200 r

141 1235 319 1278 OMNES
342 1240 566 1281 eunuchos
585 1240 716 1281 habet
737 1239 886 1289 Almo,
907 1252 988 1280 nec
1011 1238 1159 1290 arrigit
1180 1238 1292 1291 ipse,

196 1305 253 1345 Et
274 1307 481 1359 queritur,
500 1308 643 1361 pariat
664 1307 784 1362 quod
807 1320 892 1348 sua
914 1306 1045 1348 Polla
1065 1305 1187 1347 nihil.

796 1409 940 1441 NOTAE

183 1485 199 1513 1
228 1483 341 1514 Omnes
365 1484 533 1525 eunuchos]
566 1484 647 1516 Vid.
668 1485 768 1525 Epig.
788 1494 838 1516 νι.

139 1535 192 1563 67.
218 1533 297 1565 Juv.
315 1537 451 1566 v1.367.
473 1536 482 1552 ‘
497 1536 581 1565 Sunt
598 1545 680 1576 quas
696 1536 839 1566 eunuchi

139 1583 292 1615 imbelles
310 1595 349 1616 ac
366 1586 477 1616 mollia
493 1596 627 1626 semper
640 1587 768 1619 Oscula
781 1587 839 1618 de-

895 1486 1038 1524 lectent,
1051 1491 1087 1516 et
1099 1485 1298 1525 desperatio
1311 1484 1437 1523 barbae,
1449 1483 1492 1515 Et
1506 1483 1598 1525 quod

895 1535 1052 1567 abortivo
1068 1545 1134 1566 non
1151 1541 1203 1566 est
1220 1535 1331 1576 opus.y

785 1720 946 1762 XCII.

698 1812 764 1841 AD

800 1809 1022 1840 MARIUM.

253 1879 410 1929 MAm,
430 1881 593 1933 quietae
616 1880 761 1921 cultor
781 1883 824 1920 et
845 1891 994 1920 comes
1014 1878 1136 1927 vitae,

252 1946 356 1998 Quo
377 1948 473 1988 cive
492 1948 642 2002 prisca
663 1947 876 2001 gloriatur
896 1947 1049 1996 Atina,

250 2016 350 2057 Has
371 2017 451 2057 tibi
473 2016 685 2069 gemellas
704 2016 879 2057 barbari
901 2015 1035 2056 decus
1054 2014 1146 2056 luci

251 2073 528 2125 Commendo
551 2085 699 2138 pinus,
715 2085 927 2139 ilicesque
948 2083 1213 2131 Faunorum,

250 2152 308 2194 Et
326 2152 569 2194 semidocta
588 2152 729 2194 villici
750 2165 884 2194 manu
906 2155 1098 2193 structas
1566 2148 1594 2187 5

179 2287 210 2317 0
243 2286 341 2324 Mari,
366 2288 464 2318 cultor
489 2291 517 2318 et
542 2297 641 2317 comes
667 2286 742 2317 ritoe
768 2286 956 2326 tranquilloe,
978 2295 1036 2324 quo
1060 2283 1125 2314 cire
1151 2282 1308 2321 gloriatur
1333 2282 1461 2320 antiqua
1483 2280 1595 2319 Atina,

136 2332 309 2360 commendo
326 2330 384 2360 tibi
406 2331 462 2360 has
475 2332 617 2369 geminas
635 2330 730 2369 pinus
743 2329 877 2367 gloriam
893 2328 1004 2359 rustici
1018 2326 1164 2364 nemoris,
1186 2329 1276 2364 atque
1298 2324 1385 2354 ilices
1405 2324 1594 2363 Faunorum,

138 2376 229 2412 utque
255 2382 325 2403 aras
349 2373 453 2412 Jom‘s,
475 2376 594 2404 erectas
620 2373 789 2403 semidocta
817 2381 909 2403 manu
934 2371 1045 2410 villici,
1067 2373 1096 2400 et
1114 2378 1190 2400 aras
1209 2367 1341 2407 sylvani
1364 2366 1496 2405 horridi,
1520 2376 1596 2406 quas

795 2463 936 2495 NOTAE

182 2532 197 2559 1
226 2529 350 2564 Quietoe
365 2529 480 2570 cultor]
503 2530 568 2561 His
586 2529 699 2561 verbis
723 2534 835 2560 osten-

138 2579 188 2610 dit
211 2579 381 2619 privatum
404 2580 492 2611 hunc
508 2581 655 2612 Marium
673 2581 750 2612 vitae
767 2589 836 2611 rus-

137 2630 214 2660 ticae
231 2628 334 2659 fnisse
350 2628 515 2661 deditum.

180 2682 200 2710 2
223 2679 337 2719 Atina]
361 2680 417 2710 De
433 2689 500 2721 qua
523 2681 688 2722 Virgilius
704 2680 837 2712 AEneid.

138 2739 204 2761 vn.
227 2731 236 2746 ‘
251 2729 338 2760 Tela
354 2734 480 2761 novant
502 2729 607 2761 Atina
636 2736 757 2770 potens
779 2731 837 2763 Ti-

138 2781 267 2823 burque
295 2780 502 2822 superbum.'
548 2781 588 2812 In
622 2782 738 2813 Sicilia
769 2781 837 2814 fuit

891 2528 972 2559 urbs
989 2527 1090 2568 hujus
1117 2525 1272 2563 nominis,
1293 2528 1329 2554 et
1350 2523 1382 2553 in
1399 2521 1503 2553 Italia
1522 2522 1594 2562 pln-

891 2589 957 2611 res.
982 2577 1160 2609 Videndns
1177 2574 1343 2607 Ortelius.

933 2633 952 2660 3
978 2630 1049 2660 Has
1076 2616 1323 2667 tibi''gemellas]
1357 2624 1464 2656 Pinus
1491 2628 1593 2664 atque

889 2681 984 2712 ilices
1010 2679 1135 2711 Faunis
1166 2686 1272 2709 sacrae
1298 2681 1388 2713 sunt,
1426 2674 1483 2705 lib.
1512 2683 1592 2705 vm.

891 2731 1058 2773 EpIg.50.
