1893 3225
233 242 318 283 904
709 253 758 281 M.
792 251 900 281 VAL.
935 251 1208 281 MAR'rmLis

234 348 362 388 Atria
382 349 510 400 longa
531 351 705 401 patent:
741 347 820 388 sed
840 360 918 388 nec
939 347 1218 388 coenantibus
1240 358 1441 398 usquam,

296 414 391 455 Nec
413 427 562 455 somno
583 414 711 455 locus
732 420 800 454 est
818 427 826 455 :
860 427 986 467 quam
1004 415 1115 454 bene
1138 426 1222 453 non
1243 412 1417 453 habitas
1436 412 1444 452 !

233 522 390 562 pereuntis
409 525 532 553 resonat
560 521 683 561 ubique.
728 520 825 553 Atria
844 525 915 552 sunt
941 521 1061 560 ampla:
1083 522 1136 551 sed
1159 530 1307 562 nusquam
1331 522 1412 552 locus
1426 524 1470 552 est
1487 521 1684 560 coenantibus,

237 576 289 596 nec
300 574 414 596 somno,
460 565 563 600 Quam
582 564 773 595 incommoda
787 567 833 595 est
844 567 898 594 tua
914 564 1066 594 habitatio
1078 563 1092 595 !

892 655 1032 687 NOTAE

279 724 298 751 8
334 721 435 755 Quam
464 720 552 760 bene]
591 720 773 762 Imperitns
806 721 934 762 quippe
987 730 1110 761 nempe
1124 720 1315 751 trichnium.

235 770 406 811 omiserat,
422 772 511 812 qnod
534 772 678 803 maxime
693 772 935 811 necessarium,

926 873 1003 914 LI.

793 964 852 993 DE
888 964 1132 994 FABULLO.

348 1032 461 1072 TAM
485 1044 608 1086 saepe
630 1036 828 1074 nostrum
848 1032 999 1086 decipi
1023 1033 1323 1082 Fabullinum,

351 1098 542 1150 Miraris,
563 1098 678 1142 Aule
692 1101 712 1141 ’ἐ
743 1113 920 1155 semper
939 1102 1084 1143 bonus
1103 1101 1236 1142 homo
1258 1103 1342 1143 tiro
1363 1106 1442 1142 est.

279 1208 309 1239 Ο
329 1208 422 1249 Aule,
435 1211 508 1250 quid
519 1211 645 1242 miraris
661 1215 724 1243 tam
729 1213 915 1252 frequenter
929 1211 1147 1243 circumi-eniri
1158 1215 1295 1243 nostrum
1309 1208 1494 1242 Fabullum?
1516 1208 1566 1240 vir
1576 1209 1687 1248 probus

235 1262 351 1293 semper
367 1253 429 1283 tiro
441 1257 498 1284 est.

868 1307 884 1316 a
891 1306 1082 1318 oeeaeeeee‘e

280 1350 294 1377 1
325 1347 486 1379 Fabullum
500 1349 577 1380 edd.
592 1353 743 1381 vett.-—2
764 1350 950 1382 Scriverius
966 1351 1050 1393 legit
1059 1351 1144 1381 homo
1160 1350 1271 1385 bonu-w
1295 1348 1383 1390 qnod
1397 1347 1429 1379 in
1448 1351 1577 1378 textum
1594 1354 1686 1377 rece-

237 1391 289 1429 pit
317 1391 519 1423 Barbonius.

892 1436 1035 1468 NOTAE

278 1499 296 1527 2
320 1496 394 1527 Tiro
409 1496 471 1537 est]
494 1497 571 1528 Hoc
586 1502 650 1536 est,
676 1497 727 1528 vir
754 1498 880 1538 probus
898 1502 934 1530 et
990 1499 1063 1530 aliis
1077 1508 1143 1530 non
1160 1497 1303 1530 diffidat.

235 1547 375 1587 simplex
387 1556 522 1588 semper
541 1547 725 1588 decipitur,
741 1552 862 1589 utpote
877 1548 933 1590 qui

740 1768 807 1797 AD
841 1766 1130 1797 SEMPRONIA
1143 1767 1188 1796 M.

236 1835 481 1876 TEMPoRA
505 1834 655 1876 Pieria
677 1834 839 1874 solitus
859 1834 1061 1875 redimire
1084 1846 1264 1882 corona,

294 1902 390 1944 Nec
413 1903 558 1943 minus
580 1900 787 1942 attonitis
808 1913 899 1941 vox
921 1901 1142 1943 celebrata
1159 1902 1258 1950 reis,

236 1969 329 2010 Hic
352 1970 460 2010 situs
480 1972 562 2018 est,
583 1968 654 2009 hic
675 1968 752 2009 ille
774 1971 892 2017 tuus,
915 1967 1190 2022 Sempronia,
1215 1967 1363 2009 Rufus
1381 1983 1389 2009 ε

292 2037 433 2091 Cujus
456 2042 501 2078 et
522 2037 616 2090 ipse
636 2036 699 2078 tui
720 2037 878 2089 flagrat
898 2049 1045 2077 amore
1065 2036 1188 2077 cinis.

239 2105 394 2147 Dulcis
416 2105 458 2145 in
481 2104 636 2158 Elysio
657 2105 848 2146 narraris
870 2105 1020 2145 fabula
1041 2118 1212 2158 campo,
1658 2117 1686 2144 ο

294 2171 353 2213 Et
374 2175 524 2225 stupet
545 2171 600 2212 ad
624 2176 778 2224 raptus
798 2171 1019 2225 Tyndaris
1039 2173 1139 2226 ipsa
1161 2178 1277 2212 tuos.

283 2276 313 2307 0
342 2276 539 2317 Sempronia,
555 2276 604 2308 hic
629 2277 680 2308 ille
698 2280 768 2307 tuus
794 2277 897 2315 Rufus
911 2278 1020 2308 solitus
1043 2277 1166 2317 cingere
1189 2280 1280 2317 caput
1306 2285 1416 2307 corona
1434 2275 1554 2314 Pieria,
1575 2279 1605 2306 et
1628 2286 1687 2306 voa?

236 2330 296 2351 non
311 2320 412 2351 minus
427 2320 638 2351 commendata
653 2320 716 2350 reis
726 2320 929 2360 stupentibus,
942 2320 992 2350 hic
999 2320 1097 2358 jacet,
1113 2319 1203 2358 cujus
1216 2323 1245 2350 et
1261 2320 1320 2359 ipsi
1335 2319 1451 2349 eineres
1465 2320 1575 2349 ardent
1586 2328 1688 2349 amore

238 2373 312 2402 erga
324 2365 364 2393 te.
404 2362 508 2393 Grata
517 2361 631 2399 sabula
647 2365 796 2393 narratur
810 2363 847 2393 de
859 2366 890 2393 te
902 2363 936 2393 in
952 2373 1056 2402 campo
1072 2363 1195 2403 Elysio,
1210 2365 1299 2402 utque
1313 2363 1380 2401 ipsa
1393 2361 1514 2392 Helena
1528 2365 1630 2402 stupet
1650 2363 1690 2391 ud

280 2483 297 2509 3
323 2478 392 2509 Pro
408 2481 480 2509 tuus
502 2478 708 2509 Beverlandi
727 2478 801 2510 cod.
821 2479 983 2518 jacet.-—6
1005 2479 1159 2510 Sintltesz's
1182 2478 1348 2509 idem.—7
1373 2478 1477 2510 Fuisti
1492 2478 1601 2509 id.-—S
1624 2479 1689 2510 De-

892 2543 1031 2575 NOTAE

282 2613 295 2639 l
318 2607 467 2648 Tempora
483 2605 606 2646 Pieria]
622 2606 731 2639 Rufus
745 2607 847 2648 poe'ta
857 2607 938 2645 fuit,
990 2609 1067 2639 lena
1092 2607 1247 2648 Tyndari
1271 2606 1341 2638 filia
1362 2611 1480 2647 stupet
1501 2611 1534 2638 te
1555 2611 1689 2649 raptam

238 2666 340 2700 atque
356 2662 473 2689 orator
484 2657 644 2695 celebris,
656 2657 712 2698 qui
727 2666 848 2699 nempe
862 2667 936 2689 reos
990 2662 1111 2699 sponte
1125 2657 1268 2688 rediisse
1289 2656 1331 2688 ad
1344 2657 1501 2688 maritum
1514 2662 1608 2688 tuum
1623 2658 1688 2689 Ru-

229 2710 452 2743 *defenderem
990 2708 1073 2740 fum.
1124 2707 1194 2739 Alii
1228 2708 1423 2748 intelligunt
1459 2707 1585 2739 Rufum
1621 2718 1687 2740 non

281 2767 298 2793 5
325 2763 363 2792 In
400 2761 511 2801 Elysio
544 2759 664 2801 campo]
686 2760 777 2792 Vide
811 2759 869 2791 lib.
910 2769 933 2791 1.
990 2759 1093 2791 fuisse
1121 2759 1192 2800 ejus
1215 2757 1387 2796 maritum,
1411 2756 1470 2787 sed
1494 2762 1686 2798 raptorem:

237 2813 335 2852 Epig.
349 2814 402 2842 94.
990 2814 1130 2851 propter
1145 2810 1217 2841 haec
1232 2808 1336 2840 verba
1360 2809 1369 2825 ‘
1388 2812 1500 2840 vestra
1514 2809 1656 2849 rapina:

279 2866 298 2893 ὓ
327 2863 366 2892 Et
382 2865 485 2902 stupet
507 2863 548 2892 ad
564 2861 684 2902 raptu-s]
709 2860 748 2892 Id
774 2866 838 2900 est,
865 2861 933 2893 He-
