1893 3225
559 241 967 272 EmGRAMMA'rUM
1006 242 1096 272 11111.
1131 243 1202 273 ix.
1530 232 1616 275 663

157 334 290 385 Quod
315 341 434 387 tuus,
456 351 575 388 ecce,
598 352 678 380 suo
699 337 855 380 Caesar
874 339 1076 392 permisit
1097 339 1286 393 ephebo,

209 403 278 446 Tu
299 407 497 458 permitte
516 412 607 456 1110,
628 407 818 448 maxime
837 412 997 457 rector,
1018 408 1098 448 ait.

153 469 183 511 J
188 483 258 512 am
280 473 384 513 mihi
409 475 545 527 prima
568 475 670 515 latet
690 475 832 528 longis
852 475 1015 528 lanugo
1038 475 1241 529 capillis:
1585 476 1615 515 5

211 539 314 580 Jam
336 544 412 581 tua
432 554 500 581 me
516 541 626 582 ridet
644 541 780 591 Juno,
803 546 1019 596 vocatque
1040 543 1195 584 virum.

153 607 238 649 Cui
261 614 389 661 pater
410 610 635 657 aethereus,
659 623 767 663 puer
787 623 814 651 o
838 609 1111 660 dulcissime,
1136 611 1282 651 dixit:

212 676 314 717 Non
334 690 418 729 ego
439 677 556 730 quod
577 679 744 731 poscis,
765 692 834 719 res
853 684 985 731 negat
1002 679 1104 732 ipsa
1126 680 1220 720 tibi.

153 741 306 785 Caesar
326 745 456 786 habet
476 750 624 786 noster
642 746 807 787 similes
827 746 908 787 tibi
929 746 1051 787 mille
1072 747 1315 796 ministros,

205 812 440 867 Tantaque
459 813 650 856 sidereos
669 816 748 856 vix
770 816 893 868 capit
913 814 1013 856 aula
1031 828 1189 856 mares.
1556 813 1611 855 10

149 878 213 920 At
234 881 312 920 tibi
334 882 373 921 si
394 881 563 922 dederit
582 883 729 924 vultus
751 896 878 924 coma
895 887 1022 923 tonsa.
1041 883 1209 931 viriles,

208 946 322 998 Quis
343 949 465 999 mihi,
487 951 561 1004 qui
586 957 732 992 nectar
753 952 958 1000 misceat,
981 951 1090 990 alter
1106 950 1222 990 erit?

148 1042 279 1073 alterius
293 1043 384 1073 «Iovis
398 1055 408 1074 .-
436 1043 467 1074 Ο
489 1054 629 1084 supreme
658 1045 846 1081 moderator,
869 1044 985 1083 inquil,
1003 1047 1036 1073 tu
1053 1043 1199 1083 permitte
1222 1046 1273 1074 11ιο
1295 1042 1418 1083 ephebo,
1438 1043 1516 1082 quod
1542 1052 1609 1074 ecce

145 1086 289 1125 permisit
303 1089 375 1116 tuns
393 1087 502 1117 Ccz’sar
510 1097 573 1118 suo.
619 1089 693 1118 Jam
702 1089 803 1126 prima
818 1097 882 1118 mea
895 1088 1007 1125 lanugo
1019 1087 1139 1125 iegitur
1151 1086 1251 1125 lang-is
1264 1087 1377 1116 comis.-
1391 1086 1460 1124 jam
1477 1085 1610 1115 ludibrio

145 1138 214 1159 sum
225 1132 288 1159 {11ae
302 1130 430 1166 Junom‘,
442 1133 471 1160 el
486 1131 619 1170 appellat
640 1141 686 1161 me
700 1131 812 1161 tirum.
861 1131 921 1160 Cui
942 1131 1076 1169 reposuit
1091 1133 1180 1169 pater
1194 1129 1362 1159 oetlwreus:
1387 1128 1418 1159 O
1435 1129 1613 1159 suavissime

148 1172 303 1210 minister,
326 1182 375 1202 res
400 1174 468 1212 ipsa
490 1176 608 1203 recusat
626 1173 684 1203 tibi
706 1176 782 1213 qum!
805 1174 900 1213 pelis,
924 1183 981 1203 non
1001 1183 1057 1210 ego
1089 1182 1221 1202 recuso.
1269 1171 1391 1203 Caesari
1409 1175 1515 1202 nostro
1540 1174 1612 1202 sunt

146 1213 352 1252 millefamvlz'
367 1216 484 1246 similes
497 1215 567 1251 tibi,
583 1219 612 1246 et
627 1219 691 1246 tam
706 1217 808 1255 ampla
829 1217 902 1255 ejus
918 1216 989 1246 aula
1005 1217 1060 1245 vix
1074 1216 1157 1255 cupit
1166 1215 1322 1252 formosos
1343 1224 1455 1245 mares.
1500 1213 1562 1245 Sed
1584 1215 1611 1244 si

147 1258 245 1288 tonsis
259 1258 380 1298 capillis
396 1259 534 1290 indueris
537 1259 657 1297 faciem
671 1259 805 1297 virilem,
828 1270 918 1299 quem
935 1258 1047 1289 habebo
1059 1259 1191 1289 alterum
1206 1258 1259 1299 qui
1273 1258 1429 1288 ministret
1447 1255 1577 1289 nectar?

755 1333 993 1344 eeeeeeeeeee

146 1375 192 1407 ita
208 1386 216 1406 z
243 1376 312 1407 Hoc
326 1376 405 1407 mihi
417 1376 581 1416 permittas
594 1375 734 1407 conditor
744 1375 840 1415 orbis,
850 1375 972 1407 ait.—8
988 1377 1061 1407 Non
1073 1386 1152 1416 nego
1167 1370 1251 1416 legit
1264 1375 1373 1408 Janus
1391 1375 1606 1416 Rutgersius.

145 1429 195 1450 res
209 1422 291 1450 vetut
305 1419 511 1450 Beverlandi
529 1419 597 1450 ΜΞ.

804 1460 946 1492 NOTAE

189 1529 209 1556 8
234 1526 297 1556 Res
312 1526 421 1566 negat]
447 1526 523 1557 Hoc
539 1531 602 1565 est,
617 1526 692 1566 ipsa
709 1525 855 1556 necessi·
907 1530 941 1556 at
959 1535 1038 1557 vero
1064 1535 1136 1566 ego,
1158 1525 1269 1567 inquit
1283 1525 1434 1565 Jupiter,
1461 1525 1606 1555 alterum

148 1582 216 1608 tas:
242 1577 443 1608 Domitiano
461 1577 550 1607 enim
566 1587 631 1607 11011
651 1577 773 1607 desunt
795 1577 851 1606 alii
908 1577 1103 1616 pincernam
1134 1587 1200 1606 11011
1236 1576 1418 1613 inveniam,
1447 1576 1474 1605 si
1502 1576 1608 1606 tonsis

148 1628 257 1668 pueri,
270 1633 304 1658 et
321 1627 455 1668 quidem
470 1627 590 1657 siderei
605 1637 663 1658 seu
680 1626 852 1657 formosis·
906 1627 1038 1667 capillis
1054 1627 1104 1657 vir
1116 1626 1226 1658 factus
1243 1626 1361 1656 fueris.

145 1680 231 1719 simi,
243 1684 278 1710 et
290 1678 380 1719 digni
395 1678 451 1719 qui
466 1678 497 1709 in
512 1678 631 1708 coelum
644 1678 847 1708 evehantur:

728 1827 1032 1869 XXXVIII.

726 1918 776 1947 1Ν
811 1918 1033 1947 GALLAM.

143 1983 255 2025 CUM
280 1985 343 2026 sis
361 1986 462 2039 ipsa
482 1986 621 2036 domi,
642 1986 880 2039 mediaque
900 1999 1049 2026 ornere
1071 1984 1285 2034 Suburra,

200 2051 336 2092 Fiant
356 2048 565 2094 absentes
587 2058 630 2094 et
648 2054 740 2103 tibi,
763 2053 907 2102 Galla,
928 2065 1098 2101 comae;

143 2118 241 2159 Neo
261 2119 412 2161 dentes
433 2122 571 2170 aliter,
594 2134 722 2175 quam
745 2121 911 2170 Serica,
930 2126 1062 2161 nocte
1081 2134 1289 2174 reponas,

198 2188 254 2228 Et
266 2187 424 2241 jaceas
445 2192 617 2230 centum
636 2189 816 2230 condita
836 2189 1102 2243 pyxidibus3

185 2334 202 2362 3
228 2331 409 2364 Pulmanni
434 2333 568 2364 codex:
591 2343 682 2374 quam
706 2344 774 2364 sera
792 2336 954 2364 nocta-4
981 2333 1025 2363 Et
1049 2333 1145 2363 lateas
1162 2331 1194 2361 iu
1213 2330 1291 2362 odd.
1318 2336 1406 2361 vett.
1454 2330 1609 2367 Etjaccas

801 2397 941 2429 NOTAE

185 2465 201 2492 1
228 2463 393 2503 Mediaque
414 2473 522 2494 ornere
538 2462 696 2503 Saburra]
730 2463 842 2494 Medi·
897 2467 1014 2501 noctu,
1028 2466 1064 2492 111
1081 2465 1196 2492 vestes
1211 2461 1339 2491 sericas
1365 2468 1533 2500 reponere
1552 2468 1604 2489 so-

141 2513 326 2544 caminibus
337 2519 371 2544 et
385 2513 470 2545 fucis
484 2524 558 2553 quae
575 2519 739 2554 petuntur
753 2519 844 2546 emta
899 2515 981 2545 lent.
1028 2513 1129 2548 Quam
1164 2511 1288 2550 Serica]
1334 2511 1463 2541 Sericae
1493 2515 1603 2539 vestes

143 2574 184 2594 ex
198 2564 309 2594 media
324 2565 486 2603 Suburra,
502 2565 577 2595 vico
591 2566 687 2596 Rom.
704 2565 843 2596 celebri.
898 2563 1062 2594 matronis
1086 2563 1259 2603 placuere,
1285 2569 1322 2591 et
1346 2560 1524 2601 praecipue.
1540 2569 1606 2589 nua-

184 2618 204 2646 2
227 2614 378 2646 Absentes
391 2618 421 2645 et
437 2615 588 2656 tibi‚&c.]
613 2616 775 2656 Fictitiae,
788 2625 843 2648 ac·
900 2617 1006 2647 tronis
1023 2624 1040 2643 e
1060 2613 1205 2644 Veneris
1219 2622 1333 2653 grege.
1359 2612 1458 2643 Clare
1471 2612 1604 2641 Seneca

142 2667 288 2705 cer-sitae,
303 2665 489 2698 caliendra.
899 2666 942 2697 de
959 2663 1144 2696 Beneficiis
1166 2674 1241 2704 cap.
1254 2666 1286 2695 9.
1320 2664 1329 2680 ⁴
1345 2662 1456 2694 Video
1472 2662 1605 2692 Sericas

183 2720 202 2747 3
228 2717 295 2747 Nec
310 2718 417 2748 cientes
432 2717 536 2757 aliter,
549 2718 618 2758 εγω]
650 2719 695 2749 Et
712 2728 754 2749 ex
768 2727 844 2749 osse
900 2722 1028 2753 vestem,
1062 2715 1089 2745 si
1115 2718 1228 2745 vestes
1258 2712 1421 2744 vocandae
1447 2716 1538 2750 sunt,
1570 2712 1603 2740 in

141 2769 195 2799 vel
229 2768 333 2799 ebore
370 2766 519 2798 factitios
551 2768 669 2799 dentes
701 2778 843 2809 reponas
901 2767 1022 2808 quibus
1036 2766 1118 2797 nihil
1134 2770 1201 2805 est,
1218 2774 1284 2805 quo
1302 2762 1442 2794 defendi
1458 2767 1516 2793 ant
1533 2770 1604 2792 cor-
