1893 3225
565 255 969 286 izviouAuMA'roM
1012 256 1103 284 mn.
1139 255 1207 285 ix.
1533 249 1618 289 709

162 353 402 407 Rumpitur
423 352 602 401 invidia,
625 350 743 405 quod
764 363 837 391 rus
859 350 965 391 mihi
989 350 1114 391 dulce
1137 352 1218 391 sub
1240 353 1348 393 urbe
1369 358 1452 401 est,

218 422 452 475 Parvaque
474 421 517 462 in
538 421 644 461 urbe
664 420 839 468 domus,
859 420 1072 473 rumpitur
1092 421 1271 462 invidia.

161 489 399 544 Rumpitur
421 489 603 539 invidia,
624 488 745 542 quod
767 501 863 529 sum
877 489 1099 542 jucundus
1117 490 1288 540 amieis,

218 558 353 609 Quod
375 558 562 599 conviva
576 557 797 611 frequens,
821 557 1038 612 rumpitur
1058 557 1240 599 invidia.
1561 559 1615 600 lo

159 625 396 680 Rumpitur
417 625 600 676 invidia,
622 625 742 681 quod
759 638 971 675 amamur,
993 625 1200 679 quodque
1220 626 1456 680 probamur
1475 640 1484 667 :

216 694 479 749 Rumpatur,
502 695 704 749 quisquis
721 694 936 748 rumpitur
954 693 1133 740 invidia.

154 804 332 844 liberorum,
347 807 501 837 laceratur
515 806 646 838 invidia.
693 806 865 837 Laceratur
879 805 1013 843 invidia,
1027 805 1106 846 quod
1119 804 1214 835 habeo
1226 814 1376 835 amoenam
1390 803 1497 835 villam
1509 804 1619 835 subur-

155 848 278 884 banam,
302 852 332 879 et
344 859 458 890 part-us
480 851 561 880 cedes
577 850 611 879 in
627 849 713 886 urbe,
730 850 886 880 laceratur
901 849 1030 880 invidia.
1074 847 1248 878 Laceratm·
1262 847 1394 887 invidia,
1415 849 1493 888 quod
1514 850 1617 888 placeo

155 891 275 930 amicis,
297 893 377 931 quud
391 902 472 932 soepe
497 893 613 923 invitor
633 894 673 923 ud
695 902 823 931 coenam,
846 894 1003 923 laceratur
1017 891 1148 922 invidia,
1192 890 1363 921 Laceratnr
1385 890 1518 931 invidia,
1540 893 1618 932 quod

152 933 326 974 diligimur,
349 938 379 965 et
395 935 573 966 laudamur.-
596 936 760 975 laceretur,
774 935 913 976 quisquis
929 936 1085 966 laceratur
1097 934 1228 965 invidia.

814 1038 954 1070 NOTAE

154 1118 194 1147 12
219 1115 410 1156 Rumpaeur]
434 1116 491 1147 Sic
509 1115 670 1156 Virgilius
696 1116 814 1155 Eciog.
833 1124 898 1145 vn.
946 1117 953 1131 ‘
973 1114 1107 1145 Invidia
1124 1119 1325 1156 rumpantur
1343 1119 1379 1145 ut
1396 1115 1452 1146 ilia
1476 1114 1614 1146 Codro!

785 1258 971 1300 XCIX.

669 1352 736 1380 AD
770 1352 813 1388 Q.
845 1350 1081 1379 ovlan.

266 1421 648 1463 VrunEmARUM
672 1433 762 1461 non
784 1420 952 1473 ubique
973 1423 1213 1472 proventus

265 1488 485 1538 Cessavit,
507 1487 665 1530 Ovidi:
696 1487 849 1542 pluvia
870 1487 1034 1541 profuit
1055 1486 1250 1540 grandis.

267 1556 456 1598 Centum
475 1556 674 1597 Coranus
695 1555 930 1610 amphoras
952 1568 1080 1609 aquae
1099 1555 1216 1596 fecit.

194 1663 225 1693 O
245 1661 494 1700 Ovidi,f1uctus
508 1661 733 1692 vindemiarum
758 1670 819 1691 mm
842 1660 1020 1698 defecerunt
1041 1659 1163 1700 ubiqne.
1211 1661 1326 1700 Ingens
1337 1662 1407 1703 plu·
1405 1661 1444 1692 iu
1460 1661 1614 1703 profecit.

156 1708 297 1737 Coranus
303 1704 385 1743 fecit
395 1708 519 1736 centum
531 1704 696 1745 amphoras
710 1713 808 1743 aqua.

765 1768 781 1779 ο
785 1768 977 1779 ‘eumue‘
981 1768 997 1779 e

194 1811 283 1843 Edd.
300 1815 386 1843 vett.
402 1811 661 1852 inscriptionem
681 1810 820 1849 habent,
842 1811 896 1842 Ad
922 1811 1084 1851 Ovidium,
1096 1817 1131 1843 et
1147 1811 1179 1843 in
1198 1812 1288 1844 linea
1305 1813 1454 1844 secunda
1472 1823 1533 1854 pro
1544 1823 1615 1853 pro-

135 1855 206 1894 fait
223 1856 307 1887 dant
319 1854 463 1896 profluit.

809 1896 954 1928 NOTAE

192 1966 214 1994 2
251 1963 367 1994 Pluvia
398 1960 537 2003 profuit]
597 1960 678 1999 Alii,
712 1959 855 2001 profluit.
910 1961 1062 2002 perfidus
1080 1964 1320 2006 caup07quiin
1338 1974 1468 1997 summa
1484 1966 1616 1997 vinica-

150 2014 251 2046 Prior
266 2014 371 2046 lectio
394 2013 475 2044 mihi
498 2012 633 2054 videtur
656 2012 789 2043 melior.
909 2012 1014 2045 ritate
1036 2024 1160 2055 aquam
1186 2017 1328 2047 multam
1350 2017 1554 2050 infundebat
1569 2019 1616 2049 vi-

191 2069 211 2097 3
250 2066 382 2098 Centum
411 2063 565 2104 Coranus]
596 2063 742 2096 Quidam
772 2073 854 2094 sane
908 2065 1068 2107 n0,qnod
1082 2067 1443 2107 promerovendebat.

854 2217 907 2258 C.

490 2310 558 2340 AD
591 2308 815 2339 ΑΤτιουΜ
852 2308 915 2338 DE
949 2309 1000 2338 M.
1032 2308 1269 2339 Aureum.

151 2376 368 2419 MARCUS
391 2381 508 2419 amat
527 2382 702 2418 nostras
724 2376 962 2426 Antonius,
983 2376 1148 2429 Attice,
1169 2378 1345 2429 Musas,

207 2443 369 2487 Charta
389 2446 626 2488 salutatrix
640 2446 681 2487 si
698 2445 830 2488 modo
847 2459 952 2488 vera
972 2446 1129 2488 refert:

194 2548 226 2580 O
240 2550 361 2590 Attice,
383 2550 514 2582 Marcus
533 2550 690 2583 Antonius
715 2551 827 2592 probat
852 2555 972 2583 nostros
998 2562 1115 2593 versus,
1136 2553 1270 2585 simodo
1297 2554 1426 2595 epis201a
1441 2554 1615 2586 salutatrix

800 2629 947 2661 NOTAE

194 2692 212 2721 l
236 2689 381 2730 Marcus]
401 2690 458 2721 De
474 2700 539 2732 quo
555 2691 616 2724 lib.
633 2701 670 2725 x.
688 2693 786 2734 Epig.
804 2696 858 2726 23.
913 2704 968 2725 sus
981 2699 1048 2735 est,
1063 2694 1117 2726 cui
1133 2695 1265 2726 Tolosae
1283 2698 1361 2726 nato
1377 2703 1565 2735 cognomen
1582 2693 1615 2724 in

149 2745 186 2772 et
201 2743 253 2772 32.
297 2740 478 2771 Suetonius
503 2741 538 2772 in
553 2742 693 2774 Vitellio
718 2753 792 2784 cap.
811 2745 859 2775 ul·
912 2745 1060 2785 pueritia
1082 2745 1198 2776 Becco
1210 2744 1336 2785 fuerat,
1364 2745 1395 2776 id
1414 2746 1504 2776 valet
1522 2744 1616 2785 galli-

149 2791 234 2822 timo
250 2800 259 2821 :
282 2790 292 2807 ‘
308 2789 481 2832 Siquidem
504 2790 547 2821 ab
565 2790 713 2823 Antonio
737 2793 855 2824 Primo
911 2795 1007 2826 nacei
1023 2794 1198 2826 rostrum!

147 2842 417 2874 adversariarum
446 2842 594 2882 partium
618 2842 705 2874 duce
717 2852 857 2884 oppres·
