1893 3225
561 225 964 254 anRAMMA'rUM
1003 225 1093 253 mn.
1130 224 1221 253 ΧΗ.
1526 213 1610 254 1]Ὁὸ

798 413 979 455 XCVI.

740 504 770 533 A
781 504 845 533 DR
865 504 894 533 U
907 504 965 534 FU
979 504 1029 532 M.

275 574 453 615 MUSAEI
476 571 812 626 pathicissimos
835 570 1027 619 libellos,

279 642 369 692 Qui
392 646 559 682 certant
579 639 840 695 Sybariticis
860 639 1042 688 libellis,

275 709 333 749 Et
354 709 513 749 tinctas
536 709 629 748 sale
652 707 873 760 pruriente
894 705 1070 746 chartas

278 777 467 817 Instanti
489 776 597 828 lege,
621 775 762 816 Rufe:
794 773 872 814 sed
893 773 1044 826 puella

276 844 344 885 Sit
366 851 512 885 tecum
535 848 625 892 tua,
647 856 700 883 ne
722 842 1057 883 Thalassionem
1584 856 1612 883 ο

277 912 455 952 Indicas
475 913 676 952 manibus
696 910 959 958 libidinosis,

277 979 334 1020 Et
353 980 434 1020 fias
452 980 546 1020 sine
568 979 748 1020 foemina
769 978 969 1019 maritus.

772 1073 1006 1085 eeeeeeeeeeee

204 1136 255 1166 Ad
272 1136 461 1167 [astantium
477 1136 519 1167 R.
530 1135 584 1167 ed.
602 1136 705 1167 Barb.
739 1136 792 1167 Ad
807 1135 937 1176 Rnffum
955 1134 1032 1165 Ald.
1045 1134 1142 1165 Junt.
1158 1133 1265 1165 Colin.
1289 1138 1324 1165 et
1348 1133 1445 1175 Ruffe
1458 1134 1490 1165 in
1505 1134 1617 1166 medio

162 1178 293 1218 Ep.—-6
316 1180 450 1210 Inducas
465 1178 520 1211 ed.
539 1180 642 1211 Barb.
658 1179 749 1220 quod
767 1183 896 1210 rectum
909 1184 1027 1209 censet
1043 1177 1215 1208 Schrevel.

818 1261 848 1292 N
853 1260 957 1292 OTAE

205 1340 220 1367 1
261 1336 500 1367 pathicissimos
533 1335 664 1376 libellos]
700 1335 862 1366 Mollissi-
918 1335 959 1365 ad
983 1335 1172 1375 Augustum
1187 1347 1193 1366 :
1217 1336 1226 1352 ‘
1244 1335 1319 1366 Nec
1346 1336 1402 1377 qui
1429 1338 1619 1376 composuit

162 1396 234 1417 mos
251 1390 286 1417 et
301 1384 439 1416 nefandi
456 1386 657 1426 argumenti,
674 1385 861 1427 cujusmodi
915 1396 1024 1427 nuper
1038 1385 1235 1427 Sybaritida
1247 1385 1355 1425 fugit!

161 1436 256 1467 fuere
285 1436 544 1476 Elephantidos,
562 1436 664 1476 Epig.
680 1438 734 1467 43.
749 1445 864 1476 supra,
957 1439 976 1468 4
1002 1436 1140 1467 Instanti
1153 1438 1232 1476 lege,
1249 1435 1345 1476 Rufe]
1368 1435 1422 1467 Ad
1438 1437 1526 1468 huuc
1542 1446 1620 1468 eun-

165 1496 251 1517 verS.
268 1489 300 1517 4.
917 1487 994 1518 dem
1010 1487 1070 1518 lib.
1095 1496 1158 1519 vn.
1180 1488 1280 1529 Epig.
1307 1490 1360 1519 68.
1389 1492 1424 1519 et
1448 1488 1507 1519 lib.
1536 1498 1620 1520 vnr.

205 1540 224 1567 2
248 1536 434 1577 Sybariticis
454 1536 579 1576 libellis]
604 1537 715 1568 Libris
740 1537 864 1568 abomi-
918 1539 1019 1579 Epig.
1036 1541 1089 1569 51.
1576 1568 1579 1569 ⁷

164 1589 286 1620 nandae
314 1590 491 1630 nequitiae,
520 1600 603 1631 quos
631 1589 767 1630 scripsit
796 1589 864 1620 He·
961 1593 978 1620 5
1021 1589 1261 1629 Thalassionem]
1300 1589 1486 1631 conjugale
1523 1590 1617 1623 iliud.

164 1640 313 1671 mitheon
338 1640 509 1680 Sybarita,
531 1644 569 1671 ut
592 1645 740 1671 testatur
767 1640 864 1670 Luci·
919 1639 971 1669 De
985 1639 1202 1670 Thalassione
1217 1639 1293 1669 vide
1309 1639 1365 1671 lib.
1382 1649 1406 1670 1.
1423 1641 1521 1679 Epig.
1536 1644 1588 1672 36.

164 1701 260 1731 anus,
284 1690 358 1732 πρὸς
383 1690 574 1723 ἀπαίδευτον.
631 1691 765 1722 Horum
792 1702 861 1722 me·
960 1693 979 1721 7
1006 1690 1133 1732 Etfias‚
1149 1689 1217 1731 afa]
1241 1691 1289 1722 Ut
1306 1690 1363 1722 lib.
1379 1699 1431 1722 lx.
1450 1691 1549 1732 Epig.
1565 1695 1617 1725 42.

164 1741 260 1772 minit
276 1747 310 1772 et
329 1741 472 1772 Ovidius
488 1741 544 1772 lib.
561 1750 603 1772 11.
627 1741 729 1772 Trist.
753 1741 863 1782 Epist.

791 1928 999 1970 XCVII.
1053 1955 1056 1957 v

693 2019 741 2048 IN
778 2019 1092 2049 ZELOTYPAM.

165 2088 279 2130 CUM
304 2088 386 2129 tibi
407 2092 507 2129 nota
524 2089 585 2130 tui
607 2087 665 2128 sit
681 2088 773 2128 vita
792 2087 990 2141 fidesque
1010 2087 1174 2136 mariti,

226 2157 323 2197 Nec
344 2161 513 2210 premat
533 2156 628 2196 ulla
649 2160 768 2206 tuos,
789 2156 1031 2197 solicitetve
1051 2159 1170 2196 toros
1187 2169 1197 2206 ;

169 2224 290 2275 Quid
315 2225 444 2278 quasi
465 2224 700 2278 pellicibus
722 2224 937 2277 torqueris
958 2223 1106 2277 inepta
1125 2222 1350 2271 ministris,

227 2292 278 2333 In
301 2293 458 2345 quibus
478 2297 521 2333 et
539 2292 687 2333 brevis
710 2296 795 2341 est,
816 2295 859 2332 et
877 2291 1066 2344 fugitiva
1084 2289 1273 2331 Venus?

169 2359 276 2399 Plus
297 2361 379 2400 tibi
401 2373 532 2413 quam
555 2360 732 2401 domino
754 2372 914 2413 pueros
933 2363 1145 2413 praestare
1167 2358 1366 2412 probabo
1385 2371 1394 2398 :
1588 2371 1615 2397 ο

228 2426 291 2467 Ηί
313 2427 494 2477 faciunt,
512 2432 559 2468 ut
580 2429 642 2469 sis
661 2428 846 2470 foemina
867 2427 963 2468 sola
985 2427 1090 2467 viro.

172 2494 236 2534 Hi
258 2495 373 2544 dant,
397 2495 511 2548 quod
528 2509 612 2536 non
636 2496 703 2536 vis
724 2508 839 2536 uxor
859 2495 975 2535 dare.
1037 2495 1109 2535 Do
1128 2498 1285 2544 tamen,
1310 2494 1473 2548 inquis,

231 2562 302 2603 Ne
325 2575 505 2615 vagusa
527 2563 733 2604 thalamis
756 2563 958 2617 conjugis
979 2567 1088 2604 erret
1108 2575 1243 2604 amor.

823 2667 966 2699 NOTAE

213 2738 232 2766 3
258 2732 431 2772 Ministris]
455 2732 588 2763 Pueris.
960 2734 980 2762 7
1005 2732 1056 2762 Do
1082 2735 1196 2771 tamen,
1221 2730 1339 2771 inquis]
1362 2729 1448 2760 Vide
1472 2728 1531 2761 lib.
1562 2739 1616 2762 x1.

214 2790 234 2816 6
257 2785 332 2816 Sola
361 2783 444 2823 viro]
482 2784 529 2814 Ut
555 2791 621 2813 non
650 2785 764 2813 utatur
801 2781 866 2813 alia
920 2781 1083 2823 Epignss.

172 2836 311 2868 foemiua
323 2844 421 2877 quam
438 2839 483 2865 te.
