1893 3225
564 238 968 271 EPiGRAMMATUM
1005 239 1100 269 mii.
1134 238 1184 269 x.
1510 226 1594 268 771

151 337 281 378 Hanc
304 336 463 390 aliquis
484 335 643 376 faciem
666 335 787 387 nigra
807 335 971 375 violare
993 335 1143 375 culina

210 404 437 444 Sustinet?
468 404 548 444 has
572 407 699 443 uncto
721 402 881 455 polluit
902 403 1001 453 igne
1021 415 1170 442 comas
1188 403 1206 441 ¹?

155 470 269 521 Quis
290 471 438 524 potius
460 470 659 524 cyathos,
683 474 760 510 aut
781 470 881 523 quis
904 469 1112 523 crystalla
1129 468 1323 509 tenebit?
1573 467 1601 506 5

211 539 313 589 Qua
334 539 509 592 sapient
527 538 684 579 melius
707 538 848 578 mixta
871 537 1059 577 Falerna
1078 536 1241 577 manu?

154 607 201 647 Si
226 612 315 646 tam
334 606 530 646 sidereos
550 608 695 645 manet
710 605 856 645 exitus
877 605 963 644 iste
985 604 1221 653 ministros,

210 674 387 727 Jupiter
409 677 553 714 utatur
567 671 661 726 jam
681 671 940 726 Ganymede
963 683 1088 711 coco.

154 800 237 831 rai-it
254 804 284 830 te
295 800 374 841 fieri
390 809 493 830 cocum
504 797 520 830 ἲ)
545 798 710 838 Aliquisne
726 801 829 838 potest
846 798 970 837 soedare
985 799 1066 829 hunc
1080 799 1200 829 vultum
1221 797 1317 837 nigra
1331 794 1462 828 culina?
1493 794 1547 826 An
1558 796 1605 825 iri-

154 845 260 883 qui‘iiat
276 844 329 873 lios
343 844 468 882 capillos
481 852 573 872 manu
586 845 678 872 uncta
689 839 705 872 2?
731 842 810 877 Quis
820 842 993 881 elegantius
1005 841 1119 872 tenebit
1134 841 1276 881 cyathos,
1288 844 1342 872 aut
1357 839 1425 881 quis
1435 836 1605 880 crystalla?

159 888 229 921 (Qua
246 897 335 916 manu
348 886 456 916 melius
475 885 596 924 sapient
611 885 713 914 mixta
728 883 888 916 Falerna?
912 885 948 915 Si
963 885 1043 916 servi
1059 888 1123 915 tam
1131 884 1265 922 formosi
1280 884 1505 914 nanciscuntur
1526 882 1606 912 hunc

156 932 306 968 eventum,
320 929 451 968 Jupiter
466 927 649 965 utaturjam
667 927 847 968 Ganymede
862 938 943 959 coco.

773 1009 1012 1021 “enno-eno

199 1073 216 1100 3
243 1069 380 1108 Coquina
406 1068 493 1098 Mss.
523 1067 614 1108 qnod
637 1066 772 1105 legend.
797 1071 917 1098 censet
933 1066 1205 1098 Beverland.-4
1231 1065 1347 1097 Polluit
1362 1074 1463 1104 ungue
1478 1063 1512 1094 in
1529 1062 1608 1094 Ald.

157 1114 253 1146 Jiiiit.
283 1112 390 1142 Colin.
415 1111 560 1141 Fan-nab.
587 1110 718 1150 Laiigii‚
743 1109 865 1149 Delpii.
910 1110 989 1148 Igne
1011 1110 1175 1142 exhibent
1203 1110 1320 1141 Maitt.
1344 1107 1492 1139 Bai-hou.
1518 1106 1608 1147 quod

157 1157 257 1187 etiam
275 1155 376 1186 Grut.
393 1153 478 1194 legit
493 1163 534 1184 ex
551 1153 663 1184 Paiat.
697 1151 765 1184 Alii
780 1155 869 1182 uncto
878 1153 1040 1193 polligine.

802 1248 947 1279 NOTAE

201 1321 220 1348 4
247 1316 361 1347 Polluit
374 1313 463 1354 igne]
488 1313 618 1345 Culinae
632 1312 775 1344 scilicet.
908 1311 1010 1353 Epig.
1028 1315 1081 1344 37.
1098 1311 1155 1343 lib.
1173 1319 1226 1341 ix.

199 1371 216 1398 7
235 1364 392 1404 sidereos]
408 1365 485 1396 Hoc
501 1368 565 1404 est,
580 1363 751 1404 pulchros.
767 1361 857 1396 Vide

790 1539 997 1583 LXVII.

586 1631 899 1663 EPiTAPHlUM
922 1626 1148 1658 VETULAE.

277 1704 510 1744 PYRRHAE
526 1702 634 1752 filia,
654 1700 866 1742 Nestoris
885 1709 1093 1745 noverca,

277 1771 425 1822 Quam
445 1770 553 1811 vidit
574 1769 725 1810 Niobe
748 1767 899 1821 puella
920 1776 1095 1810 canam,

279 1837 465 1879 Laertes
486 1836 630 1877 aviam
654 1847 792 1876 senex
811 1831 1008 1880 vocavit,

280 1905 514 1947 Nutricem
536 1903 758 1952 Priamus,
782 1912 956 1942 socrum
975 1898 1218 1952 Thyestes;
1239 1921 1247 1928 .

279 1974 383 2016 Jam
405 1972 653 2014 cornicibus
672 1970 876 2012 omnibus
898 1968 1137 2021 superstes,

281 2042 385 2082 Hoc
407 2039 584 2095 tandem
607 2039 692 2079 sita
713 2037 852 2091 prurit
872 2036 917 2076 in
939 2032 1146 2087 sepulcro

282 2107 423 2149 Calvo
444 2106 595 2148 Plotia
614 2118 716 2147 cum
741 2102 1054 2145 Melanthione.

1593 1953 1621 1993 01

216 2225 302 2257 Filia
318 2224 467 2266 Pyrr-lice,
488 2231 618 2253 noverca
636 2219 793 2258 Nestoris,
816 2226 906 2258 quam
921 2224 1029 2246 cunam
1040 2211 1120 2244 vidit
1139 2211 1174 2241 N
1177 2210 1242 2259 iolge
1255 2207 1373 2249 puella,
1390 2204 1518 2236 Laertes
1531 2211 1624 2251 senex

169 2268 334 2310 appellavit
355 2267 470 2305 avium,
494 2266 643 2296 Priamus
673 2262 839 2299 nutricem,
874 2260 1021 2300 Tltyestes
1048 2264 1179 2290 socrum,
1202 2262 1273 2291 Jam
1301 2251 1457 2290 superstes
1487 2245 1625 2292 omnibns

170 2310 356 2350 cornicibus,
379 2309 488 2341 Plotia
510 2307 616 2348 prurit
647 2306 772 2337 tandem
797 2303 908 2343 jacens
938 2302 971 2332 iu
1000 2300 1056 2331 hoc
1086 2297 1223 2338 sepulcro
1255 2304 1323 2325 cum
1345 2292 1429 2323 calvo
1453 2288 1625 2320 Melanthi-

171 2365 237 2385 one.
827 2386 968 2420 NOTAE

217 2465 233 2491 1
262 2460 394 2501 Pyrrhae
411 2458 502 2500 filia]
539 2457 639 2497 Epig.
672 2459 724 2487 39.
758 2463 873 2495 supra,
970 2453 988 2481 5
1003 2450 1078 2481 Jam
1089 2443 1273 2484 cornicibus]
1282 2439 1507 2497 Hyperbolen
1524 2436 1630 2492 conti-

175 2511 263 2553 quod
280 2515 334 2541 est
355 2510 458 2541 etiam
486 2510 520 2540 in
544 2508 712 2539 vetulam:
737 2504 874 2547 Pyrrha
929 2505 1011 2532 nuat
1026 2498 1161 2530 Poeta:
1186 2494 1340 2526 cornices
1363 2491 1554 2521 diutissime
1582 2496 1629 2517 vi-

174 2572 255 2594 vero
272 2559 492 2592 Deucalionis
506 2568 590 2589 uxor
605 2556 682 2598 fuit,
697 2557 791 2597 cujus
806 2555 873 2585 his·
928 2557 1024 2584 vunt.
1069 2550 1199 2582 Plinius
1214 2548 1274 2579 lib.
1286 2554 1352 2576 vn.
1367 2553 1443 2584 cap.
1454 2545 1508 2574 48.

175 2613 264 2645 toria
280 2611 362 2642 satis
376 2615 470 2646 nota,
498 2610 586 2640 sicut
612 2613 649 2638 et
673 2617 788 2638 eoruni
806 2616 875 2637 om·
971 2607 992 2635 6
1009 2600 1138 2640 Prurit]
1154 2598 1314 2629 Vetulani
1331 2601 1401 2626 tam
1416 2592 1630 2647 libidinosam

176 2665 266 2694 nium
298 2671 437 2703 quorum
467 2660 520 2691 liic
553 2659 760 2690 mentionem
793 2656 876 2689 facit
929 2653 1032 2685 fuisse
1049 2652 1145 2690 dicit,
1160 2654 1197 2681 ut
1210 2648 1314 2680 etiam
1338 2649 1473 2676 mortua
1488 2645 1630 2683 pruriat.

177 2712 296 2744 Poi³ta.
