1893 3225
270 227 356 269 688
747 237 797 266 M.
833 236 944 267 VAL.
977 236 1251 266 MAR'mALis

906 407 1113 450 LXVII.

806 498 872 528 Ao
907 496 1200 528 FABULLUM.

278 568 429 609 UXOR
451 581 549 609 cum
569 568 649 609 tibi
670 567 728 608 sit
748 566 959 617 formosa,
980 567 1161 621 pudica,
1179 566 1345 621 puella,

336 637 441 687 Quo
464 636 545 677 tibi
564 639 764 677 natorum
781 635 898 689 jura,
921 633 1124 684 Fabulle,
1147 635 1278 679 trium
1294 634 1313 673 ‘l

279 705 412 756 Quod
434 706 550 758 petis
570 718 597 746 a
616 708 763 745 nostro
785 703 979 757 supplex
1001 702 1281 756 Dominoque
1304 702 1508 756 Deoque,

333 774 405 814 Tu
429 773 558 814 dabis
580 773 676 826 ipse
696 772 793 820 tibi,
817 771 854 811 si
876 774 1006 824 potes
1028 770 1231 823 arrigere.

323 891 354 922 Ο
371 891 508 928 Fabulle,
527 899 593 920 cum
609 888 721 919 habeas
732 887 893 927 pulchram
907 886 1078 926 conjugem,
1089 890 1220 926 castam,
1223 886 1383 925 juvenem,
1393 887 1467 926 quid
1479 886 1538 918 tibi
1555 885 1743 927 proderunt

271 936 348 974 jura
360 935 456 965 trium
473 929 661 965 liberm-um?
684 932 763 971 quod
777 931 907 972 supplex
922 939 1017 970 rogas
1031 933 1169 960 nostrum
1185 931 1355 970 dorreinum,
1376 933 1405 960 et
1423 930 1537 964 Deum.
1554 932 1665 969 tuipse
1679 940 1697 960 a
1713 934 1743 959 te

278 981 344 1019 ipso
361 977 555 1018 impetrabis.
579 976 597 992 *
621 975 640 992 *²

891 1025 1131 1036 oeemmm

324 1079 343 1105 2
361 1074 431 1106 Alii
446 1074 530 1110 Quid
546 1072 615 1113 tibi,
631 1076 667 1103 ut
683 1072 715 1102 in
732 1070 811 1102 Ald.
829 1071 938 1102 Colin.
955 1070 1087 1111 Gryph.
1102 1071 1228 1112 Delpli.
1242 1072 1308 1102 &c-

941 1156 1082 1189 NOTAE

326 1241 345 1269 2
372 1237 456 1278 Quo]
473 1237 550 1268 Hoc
566 1242 632 1274 est,
650 1245 809 1277 quorsum
824 1233 885 1266 tibi
903 1244 988 1275 opus
1043 1234 1141 1274 eujus
1158 1238 1393 1274 argumentum
1410 1232 1482 1263 fere
1495 1231 1585 1263 idem
1601 1236 1666 1262 est.

284 1295 336 1319 est
348 1289 428 1329 jure
444 1288 544 1319 trium
561 1287 767 1318 liberorum?
789 1285 832 1317 de
847 1295 912 1327 quo
930 1285 988 1317 lib.
1087 1288 1106 1316 3
1129 1287 1159 1317 A
1172 1285 1292 1326 nostro]
1313 1284 1369 1315 Sic
1384 1283 1618 1314 Domitianum
1634 1282 1750 1323 appel-

285 1349 324 1370 11.
357 1340 457 1380 Epig.
482 1342 535 1370 91.
559 1343 594 1369 et
620 1338 678 1369 lib.
705 1346 785 1369 vm.
813 1336 913 1378 Epig.
935 1338 988 1369 31.
1043 1336 1128 1368 lavit
1142 1334 1402 1373 dominum‚lib.
1420 1343 1452 1366 v.
1473 1333 1570 1375 Epig.
1588 1336 1619 1364 8.

902 1466 1136 1509 LXVIII.

827 1557 875 1586 lN
915 1555 1213 1587 AESGHYLUM.

288 1627 437 1667 LAsci
451 1637 470 1663 v
482 1637 511 1665 A
522 1636 551 1664 Μ
576 1629 668 1666 tota
689 1625 878 1678 possedi
898 1630 1031 1667 nocte
1052 1625 1263 1679 puellam,

347 1693 490 1747 Cujus
512 1694 734 1747 nequitias
756 1694 927 1734 vincere
948 1706 1076 1734 nemo
1099 1697 1263 1747 potest.

292 1762 455 1803 Fessus
477 1762 599 1802 mille
619 1762 779 1811 modis,
801 1761 911 1802 illud
932 1762 1102 1816 puerile
1123 1759 1344 1814 poposci:

349 1829 467 1870 Antc
490 1842 648 1883 preces
671 1834 802 1879 totas,
826 1829 1058 1883 primaque
1080 1829 1217 1869 verba
1237 1827 1370 1868 dedit.

295 1897 550 1950 Improbius
572 1897 782 1950 quiddam
806 1897 1045 1950 ridensque
1065 1899 1323 1949 rubensque
1347 1895 1525 1948 rogavi:
1732 1895 1759 1933 ζ)

350 1965 562 2005 Pollicita
584 1969 652 2004 est
674 1965 796 2005 nulla
818 1964 1052 2006 luxuriosa
1069 1978 1204 2022 mora.

293 2032 381 2072 Sed
402 2033 509 2073 mihi
528 2046 640 2086 pura
662 2032 768 2082 fuit;
803 2033 882 2073 tibi
903 2045 992 2073 non
1015 2033 1110 2083 erit,
1133 2031 1369 2085 AEschyle:
1404 2033 1441 2071 si
1466 2032 1548 2080 vis,

351 2099 523 2154 Accipe
544 2103 587 2140 et
609 2100 695 2140 hoc
719 2113 876 2141 munus
899 2100 1156 2142 conditione
1178 2100 1308 2140 mala.

909 2195 967 2205 οΝ
972 2194 1105 2206 “eae“
1111 2195 1124 2205 ι
1129 2196 1147 2206 e*

340 2241 453 2281 Huius
472 2241 734 2282 Epigramniatis
761 2242 945 2273 lectionem
968 2250 1035 2272 non
1059 2242 1191 2273 variant
1209 2241 1414 2273 membranae
1433 2248 1491 2272 aut
1510 2242 1585 2272 libri
1603 2247 1763 2282 typogra-

294 2285 396 2324 pinei.

340 2395 358 2421 3
384 2392 467 2422 Illud
500 2393 617 2432 puerile
651 2392 788 2432 poposci]
835 2390 1005 2431 Δύσφημον
1059 2391 1119 2421 illa
1133 2391 1239 2422 multa
1259 2391 1457 2431 tamjocosa
1473 2391 1624 2424 fiebant.’
1649 2395 1766 2426 Graeci

297 2444 406 2481 ἐκεῖνο,
433 2441 500 2472 ὅττι
524 2441 701 2481 πάσχουσιν
731 2443 759 2473 οἱ
784 2445 901 2474 παῖδες.
948 2443 1004 2474 Sic
1059 2442 1159 2471 ταῦτα
1192 2442 1245 2471 vel
1276 2441 1377 2471 ἐκεῖνα
1400 2443 1515 2473 eodem
1542 2444 1654 2475 modo.
1700 2446 1767 2476 He-

298 2503 390 2532 saepc
425 2494 489 2523 hoc
516 2503 700 2532 pronomen
731 2494 869 2534 ponitur
894 2494 1001 2524 relato
1055 2495 1172 2526 raldus.

297 2544 552 2574 subintellecto.
599 2544 775 2575 Catullus:
815 2545 824 2561 ‘
844 2545 888 2575 Et
912 2554 1003 2585 quae-
1103 2547 1121 2574 5
1148 2543 1334 2583 Improbt'us,
1349 2543 1419 2583 lisa]
1444 2545 1515 2574 Ore
1533 2546 1745 2584 morigerari.

301 2595 444 2624 rendum
472 2595 561 2624 unde
588 2594 677 2624 unde
716 2593 805 2624 foret
831 2595 1004 2625 nervosius
1103 2597 1123 2624 7
1147 2592 1210 2624 Sed
1227 2593 1318 2632 milii,
1334 2594 1404 2634 ἑγὼ]
1446 2595 1520 2625 Nec
1545 2602 1658 2626 tamen
1689 2595 1769 2634 feci,

301 2644 404 2674 illud?
456 2645 512 2675 Sic
527 2646 537 2660 ‘
551 2654 604 2675 res
620 2645 694 2674 illas
708 2644 715 2656 '
732 2644 819 2676 dixit
835 2645 1007 2676 Arnobius
1064 2644 1175 2685 pretio
1190 2644 1389 2684 deterritus,
1401 2655 1460 2676 sen
1478 2646 1527 2676 rei
1542 2646 1769 2685 turpitudine.

302 2697 338 2725 τὸ
350 2696 494 2735 ἀνδρεῖον,
518 2694 692 2726 Dicebant
709 2695 1010 2736 aliquando‘Mul-
1107 2697 1127 2725 S
1153 2694 1336 2726 conditione
1359 2696 1456 2736 mala]
1496 2697 1622 2736 Magno
1647 2697 1771 2737 pretio,

304 2752 339 2775 ta
366 2746 446 2785 illa,⁷
473 2745 505 2776 id
529 2751 594 2783 est,
621 2745 763 2775 lascivas
794 2746 868 2776 illas
897 2751 932 2776 et
953 2746 1010 2777 ob·
1067 2755 1146 2776 caro
1162 2750 1302 2778 emtum.

304 2807 433 2827 scoenas
459 2797 667 2837 voluptates.
715 2796 890 2827 Catullus:
916 2797 923 2811 ‘
943 2796 1009 2827 Ubi
