1924 3225
536 260 942 291 EPIGRAMMATUM
979 261 1073 291 Llss.
1106 262 1192 291 VH.
1508 256 1592 298 531

133 356 267 398 Hunc
286 357 391 398 licet
413 370 440 398 a
460 357 631 399 decima
650 357 755 413 (nec
777 358 889 398 enim
913 359 1022 399 satis
1045 361 1145 399 ante
1168 358 1364 413 vacabit)

188 425 422 467 Solicites:
454 427 602 478 capiet
623 425 803 466 coenula
824 437 961 478 parva
983 425 1111 467 duos.

131 491 215 533 Ille
236 493 367 546 leget,
388 494 492 534 bibe
511 499 583 534 tu:
615 494 730 534 nolis
748 493 869 544 licet,
893 494 969 534 ilie
991 495 1186 536 sonabit:

186 560 246 601 Et
266 574 381 612 cum,
403 561 431 602 J
436 574 507 601 am
528 561 637 602 satis
652 566 735 611 est,
756 561 925 602 dixeris
943 574 954 612 3
985 561 1059 602 ille
1080 561 1213 615 leget.

126 683 210 714 enim
238 684 328 724 prins
349 684 409 714 erit
430 683 492 725 ipsi
513 683 591 714 satis
615 683 718 722 otii:)
740 684 857 723 exigua
880 684 996 714 coenula
1013 687 1185 724 apponetur
1212 684 1369 717 ambobus.
1414 686 1474 717 Ille
1493 687 1588 726 leget,

127 730 276 801 gunziagza:
298 727 436 768 quamvis
458 726 537 758 nolis
559 727 612 757 ille
637 726 806 758 recitabit:
844 730 875 758 et
902 737 970 758 cum
989 727 1059 766 jam
1089 727 1221 767 (limeris,
1238 727 1390 770 Sufficit‚·
1422 730 1475 760 ille
1506 732 1586 769 lvgtt

736 822 979 834 ‘meum

128 881 228 908 antur
256 876 299 908 ab
330 876 502 910 usu.’—11
527 877 622 909 Nunc
649 877 724 910 licet
754 878 964 910 Beverlandi
993 879 1149 911 Ms.—l2
1184 878 1343 911 Sollicitos
1372 879 1480 912 codex
1506 879 1588 912 Pni-

129 920 256 951 manni.

786 964 926 997 NOTAE

167 1030 205 1059 ll
230 1027 490 1069 Licetadecima]
514 1028 714 1060 Priusenim
727 1039 826 1070 prop·
881 1029 982 1071 Epig.
1003 1033 1035 1062 8.
1079 1030 1204 1061 Sensus
1242 1035 1316 1062 est:
1359 1030 1395 1062 Si
1436 1030 1588 1062 Auctum

123 1083 177 1111 ter
200 1089 260 1111 sua
277 1080 415 1120 negotia
431 1090 497 1112 non
510 1080 657 1112 vacabat
674 1079 824 1113 Auctus.
881 1081 1055 1121 rogaveris
1080 1086 1117 1112 ut
1133 1091 1208 1112 inea
1235 1081 1393 1113 Carmina
1418 1081 1521 1122 legat,
1552 1090 1586 1112 te

122 1131 221 1162 Hora
246 1141 326 1163 vero
352 1141 439 1163 nona
460 1142 595 1164 coenare
612 1132 826 1172 incipiebant
881 1131 924 1162 ad
941 1141 1072 1163 coenam
1096 1131 1270 1168 invitabit,
1287 1136 1322 1163 et
1338 1132 1431 1172 leget
1449 1131 1490 1163 ad
1508 1141 1588 1162 nau·

123 1183 264 1225 antiqui.
320 1184 377 1216 De
406 1184 496 1216 horis
523 1183 653 1216 dictum
681 1183 741 1215 lib.
773 1192 825 1215 ιν.
880 1192 971 1214 seam
989 1191 1110 1223 usque.

800 1337 904 1379 LII.

690 1428 756 1457 AD
791 1426 1018 1457 AUCTUM.

124 1496 302 1538 GRA'rU
310 1507 344 1536 M
369 1501 454 1547 est,
477 1495 599 1549 quod
621 1494 763 1536 Celeri
783 1498 957 1536 nostros
978 1494 1106 1548 legis,
1126 1493 1289 1545 Aucta,
1311 1495 1513 1548 libellos;

180 1564 228 1605 Si
249 1568 394 1605 tamen
415 1567 458 1605 et
478 1562 672 1604 Celerem
693 1562 813 1615 quod
833 1562 959 1615 legis,
981 1561 1143 1613 Aucte‚
1160 1563 1304 1616 juvat.

124 1632 202 1673 Ille
223 1645 347 1673 meas
368 1636 538 1684 gentes,
560 1634 602 1670 et
623 1629 778 1670 Celtas
798 1630 914 1669 rexit
931 1629 1098 1679 Iberos,

180 1700 224 1741 N
228 1714 278 1742 ec
297 1700 381 1740 fuit
396 1700 442 1740 in
464 1703 616 1740 nostro
638 1699 801 1739 certior
823 1698 928 1738 orbe
949 1697 1075 1738 fides.

124 1767 271 1821 Major
290 1781 359 1808 me
379 1771 503 1808 tanto
523 1766 769 1807 reverentia
791 1766 957 1817 turbat3
989 1770 1032 1807 et
1051 1779 1179 1807 aures

176 1835 281 1877 Non
302 1835 532 1884 auditoris,
546 1834 716 1888 judicis
735 1847 833 1874 esse
853 1838 980 1889 puto.

1558 1770 1586 1808 0¹

163 1947 194 1979 Ο
211 1948 326 1985 Aucta,
333 1946 506 1985 jucundum
518 1949 562 1976 est
576 1947 655 1986 quod
666 1946 780 1976 recitas
793 1945 895 1976 Celeri
907 1947 1026 1975 nostros
1035 1944 1142 1982 libros,
1152 1944 1180 1975 si
1197 1948 1299 1976 tamen
1314 1947 1343 1976 et
1351 1946 1451 1986 placet
1468 1946 1583 1984 Celeri,

117 1992 195 2031 quod
209 1991 333 2021 recitas.
381 1990 438 2020 Ille
453 1989 688 2020 administravit
705 1999 801 2019 meam
811 1988 981 2026 nationem,
997 1992 1027 2018 et
1040 1989 1147 2019 Cellas
1161 1988 1278 2026 Iberos,
1289 1988 1436 2030 necfides
1447 1990 1584 2019 sanctior

108 2034 177 2072 fuit
191 2034 226 2064 in
240 2036 345 2064 nostro
359 2032 441 2063 orbe.
486 2031 592 2069 Major
615 2031 811 2062 observantia
842 2032 876 2062 z'n
892 2035 1015 2062 tantum
1035 2031 1144 2062 virum
1160 2034 1257 2062 terret
1273 2040 1320 2062 me
1332 2041 1344 2068 ;
1367 2035 1459 2072 atque
1474 2032 1584 2062 existi-

119 2087 167 2108 mo
179 2086 269 2107 aures
285 2074 554 2116 essejudicis,non
565 2074 730 2106 auditoris.

729 2149 966 2161 eeeeeeeeeeee

160 2199 178 2226 5
203 2194 310 2233 Major
337 2204 384 2226 me
413 2193 508 2225 tanti*
524 2193 604 2226 Ald.
633 2194 732 2227 Junt.
767 2195 876 2226 Colin.
908 2194 1042 2234 Gryph.
1074 2192 1249 2224 calderia.
1276 2192 1434 2224 Puiman.
1465 2193 1582 2224 Plani.

118 2239 258 2270 Junian.
275 2239 381 2277 Lang.
399 2237 526 2277 Delph.
543 2238 632 2269 aliae.
679 2237 786 2277 Major
801 2248 847 2268 me
864 2238 946 2269 tanti
963 2236 1064 2267 codd.
1080 2236 1214 2267 Thuan.
1239 2236 1353 2267 Palat.
1379 2243 1414 2268 et
1432 2237 1584 2268 Florent.

117 2282 227 2321 Major
242 2291 289 2313 me
304 2284 394 2312 tanta
409 2280 521 2312 codex
538 2281 805 2312 Vaticanus—6
830 2281 900 2312 Non
917 2280 1074 2311 auditores
1092 2279 1299 2310 Beverlandi
1316 2279 1383 2311 Ms.

786 2367 927 2399 NOTAE

159 2435 177 2463 1
204 2433 296 2468 Quod
310 2431 428 2472 Celeri]
452 2433 505 2464 De
522 2431 637 2463 Aucto
650 2432 727 2463 vide
741 2433 823 2472 Epi·
879 2431 1042 2466 colentes,
1059 2429 1144 2461 dicti
1160 2434 1238 2461 sunt
1253 2429 1431 2461 Ceitiberi.

117 2493 268 2523 gramma
305 2483 518 2523 praecedens.
579 2483 709 2514 Celeris
739 2492 822 2513 vero
919 2484 938 2512 4
962 2482 1002 2512 In
1028 2484 1132 2512 nostro
1163 2479 1249 2521 orbe]
1271 2480 1311 2511 In
1341 2480 1510 2520 Hispania
1528 2490 1584 2521 pa-

117 2533 322 2564 mentionem
348 2532 432 2565 facit
460 2534 593 2564 Plinius
615 2534 739 2566 Junior
763 2533 822 2565 lib.
878 2532 945 2563 tria
977 2541 1066 2569 mea,
1097 2541 1172 2572 quae
1208 2531 1293 2562 mari
1333 2535 1368 2562 et
1404 2531 1582 2570 Pyrenaeis

117 2592 165 2615 iv.
183 2584 294 2624 Epist.
307 2587 360 2615 ll.
372 2584 427 2626 qui
438 2585 479 2616 ob
491 2584 682 2616 Corneliam
699 2585 822 2615 Vesta-
877 2582 1049 2613 montibus
1065 2582 1191 2620 clausa,
1203 2580 1299 2621 quasi
1312 2579 1402 2610 orbis
1415 2580 1503 2610 alter
1517 2585 1583 2610 est.

118 2634 317 2665 lemincesti
334 2639 530 2665 accusatam
543 2636 577 2665 in
593 2634 741 2666 Comitio
755 2635 820 2665 vir-
919 2635 938 2663 6
964 2633 1035 2663 Non
1062 2632 1230 2672 auditoris]
1269 2631 1344 2661 Nee
1369 2631 1460 2661 enim
1488 2631 1581 2661 audi-

119 2686 169 2726 gis
185 2695 293 2717 caesus
316 2690 386 2716 est:
413 2686 454 2716 de
477 2695 543 2727 quo
569 2695 651 2716 sane
677 2686 730 2717 hic
751 2695 817 2716 non
875 2689 984 2715 toi-em
1011 2688 1157 2722 tantum,
1180 2681 1240 2712 sed
1263 2686 1301 2712 ut
1317 2681 1582 2720 Celtiberorum,

117 2736 269 2777 loquitur
295 2734 419 2775 Poeta,
449 2735 510 2766 sed
542 2735 584 2766 de
611 2736 730 2775 altero,
760 2736 817 2776 qui
873 2735 919 2765 sic
937 2739 973 2765 et
989 2735 1164 2765 Musarum
1188 2732 1341 2773 jndicem
1370 2741 1491 2762 vereor
1515 2731 1579 2762 Ce-

117 2785 820 2827 praesectusfuitHispaniae,pat1·iaeMar-
873 2786 991 2815 ierem.
1050 2784 1092 2815 In
1121 2783 1290 2824 superiori
1320 2792 1419 2814 versu
1447 2782 1502 2813 alii
1533 2782 1578 2812 le—

117 2837 221 2868 tialis.
268 2836 376 2868 Celtae
400 2841 513 2867 autem
538 2834 628 2867 Iberi
656 2836 746 2876 ripas
773 2836 820 2866 in-
874 2839 958 2875 gunt
975 2838 1075 2873 tanto,
1092 2844 1153 2875 pro
1169 2834 1263 2865 tanti.
