1893 3225
249 239 334 281 (552

740 247 787 275 M.
822 245 932 275 VAL.
967 243 1240 274 MARTIAMS

248 344 435 385 Albanae
458 344 592 384 livere
613 346 759 397 potest
779 342 856 396 pia
876 354 1066 395 quercus
1088 341 1232 389 olivae,
1680 339 1708 378 5

307 411 509 452 Cinxerit
529 411 740 452 invictum
764 411 884 464 quod
906 411 1026 464 prior
1046 409 1123 450 illa
1143 412 1290 462 caput.

245 523 298 552 hos
311 522 444 562 capillos.
490 522 553 552 Pia
568 532 695 562 quercus
713 526 816 562 potest
833 522 971 553 invidere
987 522 1116 553 Albanae
1131 521 1233 560 υἱέι-α’,
1249 520 1327 560 qnod
1350 519 1404 549 illa
1421 518 1525 559 potior
1541 517 1710 549 circumda.

247 566 328 595 derit
345 565 493 595 invictum
506 568 608 605 caput.

862 617 1098 629 eueeoemeo

290 675 310 702 6
336 672 472 702 s'inceric
495 672 645 703 invictum
669 673 768 706 Juut.
792 675 961 704 an.1512.

248 715 311 746 boc
328 716 598 755 Epigrammate.

1006 671 1145 712 Cetera,
1159 670 1252 702 nulla
1267 673 1318 701 est
1329 667 1487 701 lectionis
1505 667 1653 699 varietas
1670 667 1702 698 in

895 823 1062 865 XXV.

819 914 885 943 AD
921 913 1147 943 EUNDEM.

250 982 376 1033 QUIS
399 983 643 1025 Pallatinos
661 983 855 1023 imitatus
874 982 1063 1034 imagine
1084 981 1234 1022 vultus

308 1052 569 1093 Phidiacum
592 1052 719 1092 Latio
741 1063 955 1091 marmore
984 1050 1092 1090 vicit
1113 1050 1250 1090 ebur?

249 1119 364 1161 Haec
386 1120 537 1160 mundi
559 1119 724 1170 sacie53
755 1118 851 1158 haec
874 1121 972 1158 sunt
992 1117 1123 1158 Jovis
1147 1130 1224 1158 ora
1245 1116 1411 1158 sereni:

307 1187 383 1228 Sic
405 1191 528 1229 tonat
547 1188 618 1227 ille
641 1187 779 1235 Deus,
802 1199 899 1226 cum
924 1187 1014 1226 sine
1035 1186 1148 1225 nube
1171 1189 1306 1226 tonat.

250 1254 353 1295 Non
375 1256 517 1296 solam
538 1255 693 1295 tribuit
716 1254 872 1295 Pallas
889 1254 985 1301 tibi,
1008 1253 1138 1301 Care,
1162 1266 1393 1294 coronam:
1681 1251 1710 1292 5

307 1322 510 1376 Effigiem
533 1322 714 1371 domini,
736 1334 870 1375 quam
890 1321 1016 1370 colis,
1038 1321 1115 1361 illa
1133 1320 1267 1361 dedit.

292 1443 373 1478 Quis
392 1444 527 1474 Romano
544 1454 694 1474 marmore
708 1443 863 1483 superavit
880 1443 954 1473 ebur
972 1442 1153 1473 Phidiacum
1164 1442 1308 1473 imitatus
1322 1442 1485 1473 simulacro
1497 1441 1599 1471 vultus
1616 1440 1710 1471 Pala·

246 1487 328 1516 tinas
343 1497 352 1516 .·
375 1487 439 1516 hoec
462 1491 506 1518 est
524 1487 626 1525 facies
641 1487 758 1524 mumii,
773 1487 839 1516 Izaec
854 1489 925 1516 sunt
948 1496 1002 1515 ora
1019 1486 1110 1515 Jovis
1128 1486 1264 1524 placidi.-
1287 1486 1333 1516 sic
1348 1486 1400 1515 ille
1420 1485 1509 1515 Deus
1524 1486 1624 1519 tonat,
1639 1493 1708 1513 cum

246 1532 333 1558 tonat
353 1539 489 1560 serenus.
535 1530 565 1560 Ο
589 1530 680 1566 Care,
709 1539 768 1559 ηοη
785 1532 906 1559 tautum
923 1529 1071 1559 Minerva
1095 1529 1154 1559 tibi
1169 1529 1318 1560 concessit
1333 1537 1486 1568 coronam,
1508 1528 1564 1557 illa
1580 1525 1708 1558 donavit

248 1581 382 1612 quoque
394 1572 560 1611 imaginem
576 1572 703 1612 domini,
718 1582 807 1612 quam
823 1572 992 1602 veneraris.

863 1651 980 1661 ‘eme
984 1651 1105 1664 ΝΝῶι

291 1707 311 1735 6
335 1704 452 1735 Codex
478 1705 683 1736 Pnlmanni:
709 1716 798 1745 quam
822 1706 905 1737 colit.
951 1706 1151 1737 Lectionem
1173 1709 1322 1736 nostram
1340 1704 1500 1736 exhibent
1516 1702 1597 1736 Ald.
1612 1703 1711 1736 Junt.

250 1747 358 1779 Colin.
375 1747 508 1788 Gryph.
525 1748 698 1779 Calderin.
716 1749 832 1780 Plaut.
848 1749 988 1781 ,inuiam
1005 1750 1111 1790 Laug.
1129 1748 1254 1789 Delph.
1271 1750 1334 1779 ἃς.

909 1844 1050 1877 NOTAE

293 1911 308 1938 l
335 1907 511 1938 Pallatinos
525 1907 641 1947 vultus]
681 1907 758 1939 Hoc
790 1912 854 1947 est,
877 1909 952 1950 quis

248 1958 433 1988 statuarius
472 1958 658 1988 Domitiani
698 1958 840 1990 formam
883 1965 951 1991 tam

250 2008 337 2038 bene
362 2008 543 2048 expressit,
578 2013 614 2039 ut
654 2009 765 2049 ipsum
792 2010 950 2041 Phidiam

247 2057 401 2088 coelando
426 2058 527 2089 ebore
555 2065 786 2099 praestantem,
821 2061 862 2092 de
885 2071 950 2102 quo

250 2108 307 2140 lib.
320 2117 368 2139 V1.
386 2109 487 2148 Epig.
506 2112 558 2140 13.
577 2111 800 2150 superaveiit.

292 2162 310 2190 3
338 2160 416 2190 Hoec
432 2160 552 2200 mundi]
575 2161 651 2191 Hoc
675 2166 739 2200 est,
759 2162 817 2193 illa
839 2162 950 2202 imago

249 2218 415 2240 marmore
451 2219 611 2250 expressa
647 2211 734 2242 nitet
773 2217 811 2243 ut
844 2212 950 2244 facies

250 2260 378 2301 mnndi,
390 2270 449 2291 seu
467 2261 537 2300 Sol,
554 2262 782 2302 meojudicio.

1051 1911 1071 1939 4
1098 1909 1177 1939 Cum
1204 1908 1270 1939 sine
1296 1906 1374 1938 nube
1397 1906 1500 1947 tonat]
1536 1906 1615 1937 Hoc
1644 1912 1710 1946 est,

1005 1960 1077 1991 sine
1117 1961 1180 1999 ira,
1217 1970 1292 2001 quae
1326 1958 1449 1990 frontis
1474 1956 1708 1989 ‘serenitatem

1005 2011 1131 2042 turbet.

1048 2066 1065 2092 5
1094 2062 1165 2093 Non
1179 2061 1291 2101 solam]
1329 2061 1486 2092 Minerva
1502 2058 1599 2090 dedit
1615 2069 1710 2090 coro-

1006 2122 1082 2143 nam
1114 2112 1158 2144 de
1180 2123 1247 2154 qua
1282 2112 1382 2152 Epig.
1408 2110 1559 2151 praeced.
1586 2110 1645 2141 sed
1672 2114 1710 2142 et

1004 2163 1091 2193 hanc
1107 2163 1296 2194 Domitiani
1308 2166 1468 2200 statuam,
1480 2161 1577 2201 cujus
1587 2162 1709 2193 mirum

1005 2213 1186 2244 artificium
1204 2213 1285 2244 nulli
1299 2217 1413 2254 potest
1430 2212 1492 2243 nisi
1509 2212 1573 2253 ipsi
1591 2211 1709 2243 tribui.

882 2361 1078 2402 XXVI.

808 2451 821 2480 1
840 2452 869 2481 N
918 2453 947 2482 A
965 2453 989 2482 F
1007 2453 1036 2482 R
1055 2452 1084 2482 U
1104 2453 1154 2480 M.

252 2515 472 2556 DANTEM
495 2517 598 2558 vina
617 2522 737 2559 tuum
760 2521 934 2572 quoties
957 2520 1213 2574 aspeximus
1236 2517 1437 2573 Hyllum,

308 2582 492 2624 Lumine
514 2598 606 2635 nos,
627 2586 749 2636 Afer,
771 2588 1008 2628 turbidiore
1026 2591 1167 2627 notas.

294 2680 325 2712 Ο
350 2680 443 2720 Afer,
470 2682 588 2723 quoties
606 2685 715 2715 intuiti
729 2696 834 2717 sumus
851 2687 982 2728 Hyllum
1006 2690 1092 2718 tuum
1114 2686 1343 2717 ministrantem
1358 2685 1442 2725 vina,
1455 2684 1580 2723 conjicis
1603 2684 1636 2715 in
1652 2694 1707 2715 nos

862 2768 977 2780 “a-‘N

981 2770 1096 2781 eeeeee

295 2814 310 2842 1
338 2810 458 2852 Hylam
474 2811 505 2842 in
529 2811 728 2854 quibusdam
747 2820 833 2847 vett.
860 2816 959 2848 etsie
984 2816 1081 2848 codd.
1096 2815 1350 2848 Juvenaiis.—6
1375 2815 1536 2855 Porrigat,
1557 2817 1586 2845 et
1602 2814 1707 2845 vultus
