1893 3225
523 237 924 269 EPlGRAMMATUM
960 237 1051 266 mu.
1086 237 1153 269 ix.
1480 223 1565 265 695

562 465 624 494 DE
659 465 855 494 EFFIGIE
888 465 1098 494 CAMONI.

107 532 228 574 HAEc
253 537 353 574 sunt
373 532 448 574 illa
468 534 570 582 mei,
593 546 692 587 quae
714 535 904 583 cernitis,
925 547 1003 575 ora
1024 534 1235 575 Camoni:

165 601 281 642 Haec
304 603 427 654 pueri
448 602 585 641 facies
608 602 837 655 primaque
860 602 997 643 forma
1019 603 1110 642 fuit.

107 667 317 710 Creverat
337 669 408 710 hie
429 669 577 709 vultus
598 669 667 709 bis
689 669 814 709 denis
837 670 989 710 fortior
1011 670 1167 719 annis3

166 736 493 789 Gaudebatque
515 749 619 777 suas
636 737 812 789 pingere
833 737 973 777 barba
993 749 1150 789 genas:

106 802 163 844 Et
181 803 321 844 libata
342 804 474 844 semel
495 816 689 844 summos
710 803 840 843 modo
863 816 1059 856 purpura
1079 804 1241 844 cultros
1538 818 1566 844 o

163 870 414 924 Sparserat:
450 872 610 913 invidit
628 872 684 912 de
706 873 849 912 tribus
870 885 957 912 una
979 884 1116 912 soror.

106 938 162 978 Et
182 938 407 980 festinatis
430 938 583 980 incidit
604 939 797 980 stamina
818 940 996 992 pensis3

162 1004 489 1058 Absentemque
510 1006 622 1059 patri
645 1006 793 1046 retulit
813 1018 922 1045 urna
941 1019 1105 1058 rogum.

106 1072 194 1113 Sed
214 1085 268 1112 ne
289 1074 386 1113 sola
406 1078 553 1114 tamen
575 1087 755 1126 puerum
778 1075 955 1127 pictura
975 1074 1197 1126 loquatur,

164 1138 211 1180 H
216 1152 279 1180 aec
301 1140 384 1180 erit
404 1140 450 1180 iu
470 1140 634 1181 chartis
652 1141 792 1194 major
811 1142 956 1194 imago
978 1142 1102 1181 meis.
1505 1140 1560 1181 10

151 1249 230 1280 Haec
244 1253 315 1280 sunt
330 1249 385 1280 illa
395 1259 449 1279 ora
465 1250 524 1280 mei
546 1250 686 1285 Camoni,
709 1260 775 1290 quw
791 1250 921 1281 videtis:
943 1251 992 1281 hic
1008 1251 1109 1281 vultus
1124 1249 1265 1288 infantis,
1288 1252 1318 1281 et
1332 1249 1434 1289 prima
1447 1249 1562 1289 ³pecies

98 1291 178 1329 fuit.
225 1293 304 1323 Hoec
317 1292 419 1328 facies
432 1291 553 1328 fortior
566 1296 705 1323 creverat
728 1293 844 1332 viginti
860 1294 965 1330 annis,
988 1296 1018 1323 et
1046 1293 1142 1323 barba
1164 1293 1320 1330 gaudebat
1342 1292 1471 1332 pingere
1489 1302 1560 1322 suas

103 1345 213 1373 genas,
234 1338 264 1365 et
280 1336 366 1365 modo
387 1336 498 1373 lanugo
513 1336 604 1365 semel
619 1338 735 1365 resecta
756 1340 911 1375 sparserat
928 1346 1077 1366 summum
1097 1337 1205 1366 decus:
1226 1344 1287 1365 una
1312 1335 1409 1365 trium
1423 1344 1560 1365 sororum

106 1378 232 1416 invidit,
253 1381 283 1408 et
306 1377 436 1407 resecuit
454 1378 585 1407 stamina
594 1377 762 1414 festinatis
776 1379 889 1417 pensis,
910 1383 1002 1419 atque
1018 1389 1094 1408 urna
1109 1379 1279 1418 reportavit
1293 1378 1431 1416 genitori
1454 1378 1561 1408 absen-

105 1424 168 1451 tem
184 1430 301 1458 rogum.
336 1420 399 1450 Sed
413 1420 622 1459 nihilominus,
639 1431 675 1451 ne
686 1422 749 1450 sola
761 1422 883 1460 pictura
898 1422 1026 1452 celebret
1041 1431 1177 1461 puerum,
1193 1421 1256 1451 hoec
1272 1420 1333 1451 erit
1344 1419 1442 1458 major
1457 1420 1559 1459 imago

105 1463 139 1494 in
150 1464 225 1494 meis
236 1463 333 1494 libris.

717 1525 950 1537 benetune&

149 1572 168 1601 4
193 1569 232 1600 In
260 1569 413 1609 margine
438 1569 495 1600 ed.
520 1569 684 1600 Scriverii
708 1570 781 1600 haec
810 1570 915 1600 verba
957 1580 1057 1600 manu
1085 1570 1215 1610 scripta
1238 1574 1368 1603 extant,
1409 1569 1418 1586 ‘
1434 1570 1559 1608 cingere

106 1613 140 1643 in
153 1612 467 1654 quibusdan1‚n1ale
481 1611 501 1640 :'
526 1621 609 1642 voce
630 1612 761 1651 pingere
779 1613 810 1642 in
829 1617 927 1643 textu
944 1613 1094 1653 ejusdem
1112 1613 1167 1643 ed.
1190 1612 1466 1652 subscripta.—5
1491 1611 1560 1643 Alii

104 1656 213 1694 cultus,
237 1655 291 1686 vel
304 1656 485 1686 vultus.—-9
508 1654 577 1685 Pro
599 1656 663 1685 sola
677 1659 780 1685 tamen
803 1655 835 1685 in
859 1655 1065 1686 Beverlandi
1081 1655 1145 1686 Ms.
1160 1655 1323 1686 sublatum.

766 1731 904 1762 NOTAE

152 1786 167 1814 l
193 1783 273 1813 Hcec
283 1782 373 1823 sunt]
394 1782 481 1813 vide
499 1783 597 1823 Epig.
613 1785 664 1814 76.
681 1793 792 1823 supra.
860 1787 912 1815 54.
936 1784 945 1801 ‘
960 1785 1005 1815 Et
1021 1793 1156 1824 semper
1171 1784 1213 1814 de
1230 1783 1338 1814 tribus
1355 1792 1422 1814 una
1436 1782 1560 1814 necat!

150 1837 168 1864 3
191 1834 253 1864 Bis
266 1834 353 1864 denis
374 1833 478 1873 annis]
502 1833 580 1865 Hoc
604 1838 668 1870 est,
685 1834 807 1873 viginti
904 1838 923 1865 8
946 1834 1184 1874 Absentemque]
1209 1834 1327 1874 Longe
1355 1834 1444 1864 enim
1461 1843 1480 1864 a
1499 1843 1558 1873 pa-

106 1895 211 1917 annos
228 1890 325 1916 natus
341 1885 485 1916 interiit.
861 1889 913 1916 tre
929 1890 1079 1916 mortuns
1102 1890 1138 1916 et
1162 1889 1333 1916 crematus
1358 1883 1471 1915 fuerat
1497 1885 1560 1915 Ca-

150 1940 168 1966 5
195 1937 240 1966 Et
256 1935 369 1975 libata]
393 1936 518 1966 Sensus
535 1939 599 1973 est,
616 1935 724 1976 inquit
740 1935 805 1966 Ra-
858 1945 988 1967 monus.

107 1987 218 2027 derus,
247 1991 283 2018 et
310 1987 414 2017 semel
443 1987 491 2017 illi
531 1986 637 2017 barba
671 1992 805 2017 resecta
902 1988 942 2015 10
966 1985 1047 2015 Haec
1062 1985 1121 2015 erit
1135 1984 1168 2015 in
1182 1983 1315 2023 chartis]
1338 1983 1416 2015 Non
1431 1984 1560 2024 peritu-

107 2042 195 2069 erat.
241 2038 390 2077 Purpura
406 2036 513 2067 barba
541 2035 629 2067 forte
647 2036 803 2074 subrufa,
860 2036 904 2066 ris
931 2036 1075 2066 scilicet.
1111 2035 1164 2065 Sic
1194 2033 1253 2065 lib.
1285 2043 1349 2064 vn.
1380 2034 1480 2074 Epig.
1504 2037 1557 2066 84.

107 2092 166 2118 aut
183 2087 291 2127 prima
313 2087 451 2127 lanugo,
475 2096 550 2127 quae
572 2084 725 2116 flavescit
750 2096 805 2126 po·
858 2087 867 2103 ‘
886 2086 1023 2117 Certior
1053 2086 1088 2116 in
1120 2090 1238 2116 nostro
1269 2084 1419 2115 carmine
1448 2085 1559 2116 vultus

106 2138 183 2169 tius.
207 2136 351 2168 Videtur
366 2141 479 2167 tamen
497 2135 605 2167 rufam
622 2137 803 2167 insinnare.
859 2136 948 2168 erit.’

148 2190 168 2218 ὓ
193 2187 241 2218 De
256 2186 356 2218 tribus
371 2186 446 2226 mia]
481 2187 536 2218 Sic
565 2187 623 2218 lib.
642 2197 689 2218 ιν.
706 2188 806 2228 Epig.

697 2301 987 2344 LXXVIII.

561 2393 624 2423 DE
657 2393 749 2422 coN
760 2392 894 2421 Vivio
929 2392 1102 2422 rursm.

166 2460 311 2511 QUOD
332 2461 544 2514 optimum
567 2461 625 2501 sit
645 2460 846 2514 disputat
867 2461 1120 2502 convivium

223 2527 435 2567 Facunda
456 2527 600 2568 Prisci
625 2529 811 2581 pagina:

166 2594 224 2635 Et
243 2595 379 2635 multa
398 2595 532 2644 dulci,
553 2597 691 2636 multa
709 2597 889 2637 sublimi
909 2596 1059 2645 refert,

222 2661 310 2702 Sed
331 2668 490 2703 cuncta
512 2664 645 2704 docto
673 2668 865 2718 pectore.

153 2769 303 2800 Disereun
324 2769 400 2801 liber
426 2770 529 2801 Prisci
552 2771 703 2812 disputat,
723 2773 800 2812 quod
821 2772 994 2804 convivium
1019 2771 1168 2811 optimum
1190 2772 1252 2802 sit.-
1275 2774 1304 2802 et
1328 2774 1437 2802 narrat
1461 2769 1557 2803 multa
