1893 3225
251 270 338 312 602
733 284 780 314 M.
815 283 924 312 VAL.
959 282 1235 313 MARTIALIS

255 377 449 428 Defluat,
471 383 514 419 et
535 379 657 421 lento
682 379 970 433 splendescat
990 379 1169 422 turbida
1191 380 1282 420 liuo

310 444 541 500 Amphora
563 452 741 489 centeno
763 450 940 490 consule
960 449 1081 490 facta
1101 448 1258 489 minor.

254 510 491 568 Continget
511 529 603 556 nox
624 517 803 569 quando
824 518 935 558 meis
953 521 1043 557 tam
1065 514 1258 557 candida
1274 513 1467 555 mensis?
1687 513 1715 553 5

310 580 420 621 Tam
435 582 564 636 justo
585 584 763 624 dabitur
779 584 956 637 quando
979 584 1120 625 calere
1140 583 1290 624 mero?

254 645 365 688 Cum
387 654 442 699 te,
466 651 644 702 Flacce,
665 653 771 693 mihi
791 652 946 693 reddet
968 651 1198 707 Cythereia
1216 650 1405 705 Cypros,

310 715 522 759 Luxuriae
544 720 620 761 fiet
640 726 731 762 tam
752 722 871 762 bona
893 734 1031 762 causa
1050 733 1175 762 meae.

251 819 304 846 net
327 816 408 848 hunc
422 819 513 851 diem.
560 821 604 851 Et
630 822 741 861 lagena
764 822 929 853 imminuta
947 825 1067 853 centum
1090 822 1180 853 annis
1200 822 1327 861 defluat,
1341 823 1370 851 et
1385 818 1511 850 turbida
1526 818 1717 858 splendescat

250 860 332 890 lento
344 861 427 892 limo.
476 864 604 897 Quando
620 874 694 895 meae
709 876 821 896 mensoe
830 868 1048 896 nanciscentur
1059 869 1179 896 noctem
1195 868 1258 895 tam
1267 864 1393 902 felicem
1406 861 1422 893 :2
1470 862 1600 897 Quando
1612 860 1718 891 licebit

249 903 386 944 calefieri
402 905 470 935 vino
486 906 671 944 tamjusto?
719 909 797 939 Cum
812 912 861 947 tu,
874 919 892 939 ο
913 909 1032 947 Flacco,
1048 908 1164 940 redibis
1176 909 1274 939 adme
1289 917 1329 938 ex
1346 908 1452 948 Cypro
1468 903 1648 946 Cythereia,
1661 903 1717 935 ha·

252 944 324 976 bebo
339 950 404 977 tam
427 948 535 980 bonam
558 961 681 982 causam
696 962 772 982 mecz‘
788 952 1050 992 intemperanlioe.

865 1036 1105 1048 eeeeeeeeeeee

250 1086 350 1119 Junt.
367 1088 475 1120 Colin.
491 1090 622 1131 Gryph.
640 1095 702 1124 ἃς.
729 1094 854 1125 turbida
869 1095 954 1132 limo,
970 1093 1059 1135 quod
1079 1093 1172 1125 varie
1189 1091 1372 1134 torquebat
1387 1089 1642 1130 exercebatque
1660 1087 1718 1118 In-

253 1135 435 1170 terpretes.
480 1134 599 1166 Lectio
623 1142 739 1167 nostra
753 1137 897 1169 debetur
917 1137 1165 1169 Scriveri0.--5
1191 1136 1288 1169 Junt.
1305 1145 1357 1166 an.
1384 1137 1480 1166 1512.
1504 1137 1569 1165 tam
1584 1131 1717 1164 candida

251 1174 381 1215 mansis,
393 1176 444 1207 vel
460 1178 587 1209 mansis.

915 1246 946 1277 N
953 1245 1056 1277 OTAE

295 1318 312 1346 1
341 1316 482 1358 Priscus]
516 1318 570 1350 Ad
600 1330 698 1362 quem
716 1322 827 1354 Po'eta
848 1323 956 1354 mittit
1010 1326 1148 1354 centum
1183 1332 1348 1354 annorum
1374 1331 1417 1353 ex
1447 1320 1611 1361 amphora
1633 1317 1718 1349 effu-

250 1365 374 1398 librum
403 1368 651 1402 duodecimum.
699 1373 812 1414 Hujus
849 1373 958 1405 Prisci
1011 1384 1096 1413 sum,
1114 1374 1141 1405 si
1166 1378 1452 1411 commoveretur,
1469 1370 1642 1404 turbidum
1656 1368 1718 1400 fie-

249 1416 407 1448 Tereutii
432 1419 578 1451 reditum
607 1433 648 1453 ex
675 1424 806 1463 Sicilia,
831 1425 888 1456 ubi
906 1430 958 1456 est
1011 1425 1083 1456 bat.
1122 1425 1178 1455 De
1195 1425 1359 1466 amphora
1375 1433 1501 1455 annosa
1519 1422 1597 1453 vide
1612 1420 1673 1452 lib.
1691 1430 1718 1452 1.

249 1475 345 1498 mous
363 1468 476 1508 AEtua,
489 1471 642 1503 celebrat
659 1474 840 1506 Martialis.
1014 1476 1116 1516 Epig.
1136 1479 1210 1506 106.

292 1520 313 1548 2
330 1519 444 1550 Lactea
456 1523 593 1563 gemma]
619 1523 707 1555 Albo
719 1527 851 1558 calculo
869 1538 959 1569 pros·
1057 1530 1076 1558 4
1102 1527 1202 1558 Facta
1216 1526 1332 1567 minor]
1357 1525 1447 1560 Quia
1459 1524 1603 1557 subinde
1616 1525 1719 1566 longo

250 1579 365 1609 perOS‚
391 1571 488 1610 nigro
512 1573 583 1604 dies
611 1574 776 1608 infaustos
793 1580 959 1611 notabant
1015 1577 1109 1608 sen'10
1126 1577 1251 1617 aliquid
1269 1576 1417 1617 deperit·

250 1622 394 1662 antiqui:
431 1633 529 1663 quem
546 1635 672 1657 morem
690 1628 744 1658 alii
771 1638 789 1659 a
812 1631 961 1673 Scythis,
1057 1632 1075 1658 5
1103 1627 1288 1668 Continget]
1326 1627 1404 1659 Hoc
1420 1630 1485 1666 est,
1505 1624 1639 1667 quando
1654 1623 1722 1655 erit

250 1682 269 1702 a
286 1673 473 1705 Thracibus
491 1676 545 1706 alii
574 1683 683 1708 ortuiu
711 1683 844 1718 putant.
881 1682 954 1714 Lib.
1013 1689 1114 1710 causa
1131 1679 1305 1719 tamjsssta
1320 1679 1413 1710 laute
1435 1676 1610 1709 coenandi?

250 1732 303 1753 Jx.
324 1724 421 1764 Epig.
439 1727 492 1755 53.
510 1731 545 1756 et
563 1727 620 1757 lib.
640 1738 693 1761 XI.
711 1729 810 1770 Epig.
827 1733 879 1762 36.
1054 1734 1073 1762 7
1101 1731 1285 1772 Cythereia]
1312 1731 1447 1771 Cyprus
1465 1728 1592 1771 quippe
1609 1726 1718 1758 inSUlfl

293 1776 311 1803 3
339 1775 381 1806 Et
398 1776 478 1806 lento
494 1778 699 1819 splendescat]
723 1780 847 1812 Vinum
865 1782 952 1813 enim
1011 1783 1140 1813 Veneri
1155 1792 1253 1814 sacra
1269 1787 1336 1814 est.

892 1931 1074 1973 XLVI.

701 2032 769 2061 AD
803 2032 998 2063 CESTUM
1034 2035 1091 2064 PU
1104 2035 1259 2065 ERUM.

251 2110 471 2160 QUANTA
491 2114 565 2151 tua
588 2113 656 2153 est
676 2112 893 2165 probitas,
917 2117 1082 2166 quanta
1105 2119 1172 2156 est
1192 2114 1380 2156 infantia.
1399 2115 1565 2165 formae,

309 2177 442 2219 Ceste
465 2192 590 2231 puer,
612 2192 749 2232 puero
770 2180 931 2221 castior
952 2181 1230 2236 Hippolyto!

249 2246 316 2286 Te
338 2259 487 2287 secum
510 2247 659 2288 Diana
680 2249 801 2298 velit,
825 2249 1048 2302 Dorisque
1070 2255 1249 2293 natare:

306 2314 371 2355 Te
395 2313 560 2368 Cybele
582 2319 721 2356 totum
741 2316 892 2357 mallet
912 2316 1072 2357 habere
1103 2317 1290 2372 Phryga.

862 2405 1099 2416 eeeeeeeeeeee

291 2446 343 2477 Aa
369 2446 496 2477 Cestum
521 2446 722 2478 inscribitur
750 2447 782 2478 in
814 2447 893 2479 Ald.
918 2448 1014 2481 Junt.
1044 2449 1155 2480 Colin.
1176 2449 1316 2490 Gryph.
1342 2449 1491 2480 aliis.——l
1518 2448 1558 2480 In
1577 2448 1716 2481 iisdem:

249 2493 364 2530 quanta
388 2493 432 2520 est
445 2490 635 2530 praestanlz'a
660 2490 797 2528 sormoe:
821 2491 854 2522 in
880 2492 998 2523 codice
1015 2492 1199 2523 Pulmanni
1218 2503 1225 2523 τ
1250 2496 1364 2532 quanta
1378 2496 1423 2523 est
1442 2492 1594 2523 instantia
1603 2493 1716 2531 farnoe.

249 2533 437 2564 1⁴'aruabius
462 2533 605 2573 legerit:
653 2534 753 2565 Tanta
776 2537 831 2565 tua
857 2539 903 2566 est
930 2536 1083 2575 probitas,
1105 2539 1219 2576 quanta
1235 2540 1280 2566 est
1302 2536 1441 2573 infantia
1456 2535 1583 2574 formoe.
1628 2537 1717 2566 Vide

251 2576 310 2607 lib.
328 2585 378 2607 31.
410 2576 512 2616 Epig.
535 2579 566 2607 5.
613 2577 732 2607 Lectio
757 2582 874 2609 nostra
905 2578 1050 2610 debetur
1078 2578 1308 2610 Gruter0.-3
1327 2579 1416 2610 Edd.
1441 2584 1526 2610 vett.
1551 2580 1718 2619 doceatque

248 2622 369 2651 nutare.
393 2618 428 2650 in
445 2618 670 2660 quibusdam:
694 2620 856 2662 Dorosque
868 2625 991 2654 natare.
1036 2622 1227 2655 Scriverius
1244 2622 1347 2663 legit:
1372 2622 1529 2663 Dori-sque
1553 2625 1718 2655 natare.—

905 2694 1054 2726 NOTAE

294 2759 310 2787 1
339 2757 464 2792 Quanta
494 2760 548 2788 tua
574 2760 632 2797 est,
663 2757 733 2798 ἔξω]
780 2758 957 2799 Legerim:
1056 2762 1076 2790 2
1102 2758 1227 2790 Castior
1265 2759 1454 2801 Hippolyto]
1498 2759 1585 2791 Vide
1622 2768 1718 2799 argu-

252 2807 356 2838 Tanta
382 2810 434 2837 tua
458 2810 502 2837 est
527 2807 680 2849 probum,
707 2812 823 2848 quanta
846 2812 902 2849 est,
920 2813 957 2840 ut
1013 2816 1166 2843 mentum
1185 2810 1369 2852 Hippolyti
1383 2811 1503 2842 Senec.
1519 2810 1621 2851 Trag.

250 2858 308 2890 lib.
327 2867 379 2889 xl.
395 2858 496 2899 Epig.
514 2862 545 2890 5.
1053 2865 1072 2893 3
1097 2862 1205 2893 Diana
1221 2861 1309 2903 velit]
1344 2862 1426 2902 Ipsa
1442 2860 1612 2893 castitatis
1631 2860 1718 2892 Dea.
