1893 3225
243 189 328 230 (322
722 200 773 229 M.
807 200 915 229 vAi..
952 200 1227 229 MAR'rIALls

420 296 635 347 Ignoscas
656 294 863 348 polimus,
884 294 1081 335 Vacerra
1101 309 1109 335 :
1145 295 1253 335 tanti

420 363 522 403 Non
546 366 628 412 est,
650 367 696 404 ut
717 363 919 416 placeam
939 364 1032 412 tibi,
1055 364 1214 416 perire.

238 473 367 511 functos
379 474 498 514 poetas.
544 473 574 504 Ο
595 474 739 514 Vacerra,
753 484 1043 514 rogamusfflorcas:
1059 483 1117 504 non
1134 473 1217 504 tanti
1222 473 1310 512 facio
1326 477 1465 513 mortem,
1481 477 1516 504 ut
1528 474 1586 504 cibi
1599 479 1712 514 gratus

245 517 314 547 sim.

908 560 938 591 N
946 559 1050 591 01¹AE

289 626 308 654 2
334 625 401 655 Nec
417 624 536 666 laudas]
552 624 630 656 Lib.
642 634 677 657 v.
689 625 791 665 Epig.
811 627 862 655 10.
876 625 885 641 ‘
902 624 951 655 Hi

245 682 323 708 sunt
339 677 476 708 invidiae
490 677 657 716 nimirum,
671 677 813 716 Regale,
826 686 952 716 mores,

247 729 420 761 Praeferat
459 729 616 770 antiquos
648 738 783 769 semper
822 733 860 759 ut
892 728 951 759 illa

246 779 368 811 novis.'

289 832 307 860 3
335 830 427 861 Tanti
452 830 524 861 Non
545 829 604 869 est]
628 829 753 860 Sensus
769 833 841 860 est:
868 829 948 860 Non

1007 624 1094 656 tanti
1107 624 1196 656 facio
1214 630 1289 656 tuas
1304 623 1433 661 laudes,
1450 629 1486 656 ut
1499 625 1584 656 mori
1598 625 1713 667 velim,

1006 686 1072 717 quo
1089 687 1107 707 a
1124 680 1158 707 te
1177 676 1306 706 laudari
1334 675 1470 716 possim.
1514 676 1620 707 Forte
1645 687 1710 707 non

1003 727 1093 757 male
1111 727 1250 766 legeris:
1274 726 1357 757 tanti
1373 726 1445 756 Non
1458 730 1517 766 est,
1529 730 1564 757 ut
1573 736 1711 768 peream,

1004 777 1065 808 tibi
1079 779 1212 818 placere.

893 937 1056 979 LXX.

829 1028 893 1059 DE
927 1029 1110 1058 NERVA.

247 1095 467 1146 QUANTA
493 1096 621 1149 quies
643 1095 826 1149 placidi,
848 1100 977 1137 tanta
1002 1099 1071 1137 est
1090 1095 1298 1137 facundia
1323 1095 1487 1137 Nervae
1507 1110 1516 1137 :

305 1163 392 1205 Sed
415 1163 593 1204 cohibet
613 1164 727 1204 vires
748 1164 1055 1216 ingeniumque
1077 1163 1234 1217 pudor.

247 1232 361 1273 Cum
383 1231 550 1273 siccare
571 1244 742 1272 sacram
763 1231 885 1285 largo
907 1231 1195 1273 Permessida
1216 1236 1369 1287 posset

305 1300 408 1349 Ore,
429 1299 721 1341 verecundam
742 1299 901 1340 maluit
919 1313 1019 1340 esse
1041 1300 1184 1351 sitim;

246 1367 436 1410 Pieriam
459 1368 582 1409 tenui
602 1367 785 1408 frontem
806 1367 1007 1408 redimire
1028 1381 1187 1409 corona
1684 1369 1713 1409 5

303 1435 562 1484 Contentus,
586 1435 717 1475 famae
734 1448 813 1475 nec
837 1435 941 1475 dare
962 1436 1064 1476 vela
1085 1449 1195 1478 suae.

245 1504 334 1545 Sed
356 1507 501 1544 tamen
520 1502 637 1543 hunc
656 1502 798 1542 nostri
821 1503 908 1542 scit
929 1504 1144 1556 temporis
1163 1517 1264 1545 esse
1281 1504 1526 1554 Tibullum,

303 1570 512 1612 Carmina
532 1570 609 1624 qui
631 1569 753 1611 docti
770 1574 875 1612 nota
899 1570 1092 1612 Neronis
1113 1572 1257 1614 habet.

291 1684 417 1718 Quanta
429 1683 526 1723 quies,
544 1684 632 1712 tanta
648 1685 693 1711 est
709 1681 883 1721 eloquentia
898 1680 986 1710 mitis
1005 1682 1137 1712 Nerroe:
1161 1686 1195 1713 at
1210 1683 1292 1713 vires
1305 1686 1334 1713 et
1359 1681 1519 1721 ingenium
1534 1680 1713 1712 coercentur

246 1727 407 1757 modestia.

457 1726 534 1755 Cum
560 1726 649 1763 largo
670 1733 722 1754 ore
750 1727 850 1764 posset
891 1724 1058 1754 esi-haurire
1087 1735 1210 1756 sacrum
1242 1726 1457 1764 Parmessz‘da,
1486 1725 1595 1755 maluit
1623 1725 1713 1756 sitire

244 1771 399 1806 modesle;
421 1771 582 1799 contentus
597 1768 749 1797 adornare
769 1766 911 1804 frontem
927 1767 1077 1806 poeticam
1095 1768 1209 1807 exigua
1225 1778 1348 1807 corona,
1363 1779 1415 1798 nec
1432 1768 1635 1798 obsecundare
1651 1778 1714 1798 suae

242 1813 364 1851 glorian
411 1813 453 1842 At
477 1811 678 1842 nihilominus
703 1810 757 1849 (μιὶ
773 1812 860 1840 norit
883 1819 986 1840 tersus
997 1811 1094 1850 periti
1111 1811 1259 1851 Neronis,
1274 1812 1359 1842 notit
1382 1811 1461 1842 Ιιιιιιε
1478 1820 1539 1841 esse
1558 1810 1714 1841 Tibullum

244 1857 345 1886 nostri
356 1855 424 1886 (τι-ἰ.

856 1904 974 1914 ‘mue

979 1905 1097 1916 “N“

296 1954 315 1982 3
343 1952 423 1982 Cum
443 1951 558 1981 siccare
574 1959 696 1980 sacmem
714 1949 746 1979 in
765 1949 843 1980 edd.
862 1955 948 1980 vett.
997 1951 1074 1980 Cum
1086 1951 1201 1982 siccare
1215 1961 1334 1982 sacram
1351 1951 1458 1981 codex
1477 1949 1714 1981 Pulmanni.—-

245 1998 266 2025 6
291 1995 445 2026 Contenta
471 1997 514 2024 est
531 1993 632 2031 samse
654 1992 1003 2024 RevertandiMs.—8
1029 1994 1178 2024 Carmina
1207 1995 1260 2035 qui
1287 1995 1370 2026 (loeti
1397 1997 1501 2025 nostra
1527 1994 1560 2024 in
1578 1994 1712 2024 eodem.

249 2038 400 2069 Carmina
414 2038 466 2078 qui
482 2036 581 2067 nostri
593 2038 684 2066 docta
699 2035 807 2066 codex
827 2036 1023 2067 Pulmanni.

908 2113 1046 2145 NOTAE

289 2182 305 2210 1
334 2180 461 2214 Quanta
487 2177 589 2218 quies]
626 2177 776 2208 Nervam
803 2178 952 2218 Impera·

246 2234 356 2261 torem
374 2227 477 2258 fuisse
496 2227 632 2267 poetam
655 2231 805 2258 testatur
823 2228 952 2259 Plinius

245 2282 368 2314 ,Iunior
385 2280 497 2321 Epist.
510 2283 540 2311 3.
576 2281 663 2311 Vide
680 2281 756 2312 Lib.
776 2290 826 2312 ix.
850 2281 951 2321 Epig.

245 2335 299 2364 27.
349 2331 471 2362 Animo
511 2335 680 2372 practerea
717 2331 948 2372 placidissimo

247 2382 314 2413 fuit
327 2383 455 2413 Nerva.

289 2436 307 2464 3
335 2433 413 2464 Cum
425 2433 541 2463 siccare
554 2442 674 2463 sacram
686 2433 838 2474 [sacrum]
862 2433 947 2464 Par-

247 2484 364 2516 messis
378 2482 452 2514 fons
470 2483 597 2514 labitur
613 2493 654 2514 ex
672 2485 860 2515 Parnasso:
885 2485 948 2516 hoc

246 2540 312 2575 est,
327 2534 461 2565 modice
484 2533 573 2564 bibit
591 2542 633 2564 ex
649 2533 742 2565 fonte
758 2535 947 2574 Musarum,

246 2597 305 2618 seu
327 2595 437 2627 pauca
452 2585 570 2616 scribit
589 2586 749 2624 carmina,
766 2597 840 2617 cum
866 2588 947 2619 alio-

248 2638 305 2680 qui
322 2638 431 2678 plura,
445 2640 479 2667 et
493 2635 626 2676 quidem
641 2638 778 2678 egregia
796 2638 948 2669 scribere

249 2692 375 2730 posset.
402 2687 563 2718 Scribunt
579 2687 783 2728 alii‚sacram
804 2688 946 2719 Permes-

246 2741 327 2771 sida.

292 2795 309 2821 5
338 2788 436 2822 Tenui
453 2786 578 2827 corona]
604 2789 653 2820 Ex
671 2789 796 2821 hedera
814 2800 950 2831 nempe,

1007 2189 1072 2220 qua
1091 2179 1241 2211 leviores
1253 2179 1378 2220 poetae,
1391 2178 1478 2219 epici
1495 2187 1574 2208 vero
1587 2186 1714 2219 querna

1007 2240 1132 2262 corona
1172 2231 1413 2271 cingebantur,
1442 2229 1502 2260 lib.
1534 2238 1584 2260 lv.
1613 2229 1714 2269 Epig.

1005 2283 1059 2312 54.
1084 2281 1262 2313 Juvenalis
1277 2281 1346 2311 Sat.
1364 2290 1412 2312 Vl.
1425 2282 1499 2311 386.
1522 2279 1575 2310 De
1587 2289 1712 2310 corona

1005 2340 1134 2372 querna
1152 2330 1226 2362 fuse
1243 2331 1396 2370 Scaliger
1410 2329 1594 2360 Ausonian.
1613 2330 1711 2360 Lect.

1004 2382 1103 2414 lib.1.
1132 2393 1207 2423 cap.
1239 2385 1290 2413 10.
1329 2381 1543 2413 Carminibus
1566 2380 1712 2411 heroicis

1003 2443 1167 2474 quernam
1191 2442 1350 2464 coronam
1382 2431 1544 2472 consequi
1575 2435 1713 2472 poterat

1006 2485 1133 2524 Nerva,
1156 2484 1215 2515 sed
1244 2484 1367 2523 Elegiis
1392 2488 1428 2514 et
1451 2482 1714 2524 Epigrammati-

1005 2535 1066 2566 bus
1102 2535 1328 2566 hederaceam
1372 2534 1493 2565 mereri
1531 2537 1712 2565 contentus

1006 2584 1083 2617 fuit.

1047 2640 1066 2668 8
1093 2636 1242 2667 Carmina
1263 2637 1315 2677 qui
1344 2635 1442 2676 docti]
1466 2635 1497 2667 A
1525 2635 1711 2666 dulcedine

1004 2687 1159 2718 carminis
1201 2686 1352 2717 Nervam
1395 2696 1489 2717 suum
1534 2685 1707 2717 Tibullum

1003 2738 1137 2769 dixerat
1152 2738 1244 2770 Nero
1263 2737 1296 2768 in
1307 2738 1376 2768 suis
1393 2736 1559 2769 versibus.
