1893 3225
271 221 355 263 623

757 232 806 262 Μ.
842 232 953 263 VAL.
989 232 1053 262 MA
1066 232 1265 263 R'I'IALIS

864 396 1125 438 LXXVII.

712 487 778 517 An
813 487 1038 517 LIBERUM
1072 486 1286 516 AMicUM.

272 554 391 595 LlssE
402 566 444 605 R,
467 555 708 596 amicorum
730 554 986 595 dulcissima
1005 567 1107 594 cura
1127 558 1315 602 tuorum,

329 624 474 674 Liber,
496 625 539 664 in
561 627 721 664 aeterna
742 623 891 663 vivere
913 622 1039 675 digne
1061 635 1187 671 rosa3

271 691 319 731 Si
340 693 476 745 sapis,
499 691 687 745 Assyrio
710 702 883 743 semper
904 690 985 730 tibi
1007 690 1138 729 crinis
1161 701 1335 729 amomo

329 759 582 813 Splendeat,
605 762 649 799 et
669 758 840 811 cingant
859 756 991 797 florea
1012 761 1128 796 serta
1149 759 1294 809 caput.

271 825 472 867 Candida
492 827 737 879 nigrescant
758 824 907 865 vetulo
929 823 1141 876 crystalla
1162 822 1367 871 Falerno,
1697 820 1724 860 5

328 895 384 935 Et
404 895 548 935 caleat
566 893 731 934 blando
753 892 898 933 mollis
920 904 1065 932 amore
1087 896 1222 931 torus.

272 962 362 1013 Qui
383 962 447 1002 sic
469 963 537 1002 vel
559 961 700 1002 medio
721 960 866 1000 finitus
888 960 998 1000 vixit
1019 961 1064 999 in
1087 971 1202 1007 aeVO,

327 1031 519 1084 Longior
538 1031 638 1072 huic
658 1030 775 1071 facta.
794 1033 873 1078 est,
897 1041 1030 1082 quam
1052 1028 1156 1069 data
1175 1028 1269 1069 vita
1289 1027 1382 1067 fuit.

312 1131 343 1161 O
372 1130 479 1169 Liber,
497 1130 711 1161 suavissimum
725 1129 864 1160 studium
879 1132 1000 1159 tuorum
1016 1129 1196 1166 amicorum,
1211 1127 1318 1164 Liber,
1335 1127 1428 1165 digne
1440 1126 1540 1157 vivere
1552 1125 1585 1156 in
1598 1126 1724 1157 aeteruis

267 1173 367 1209 rosis;
391 1174 418 1203 si
432 1174 526 1214 sapis,
537 1173 641 1213 capilli
655 1183 774 1213 semper
788 1172 846 1203 tibi
862 1173 980 1202 niteant
994 1171 1124 1212 Assyrio
1141 1181 1268 1209 amomo,
1290 1174 1319 1201 et
1336 1180 1454 1200 coronoe
1471 1169 1581 1209 florea>
1596 1169 1724 1199 circum-

268 1218 340 1247 dent
355 1220 458 1256 caput.
506 1217 659 1256 Crystalla
673 1216 741 1246 alba
758 1216 935 1254 nigrescant
947 1216 1047 1245 vetulo
1064 1214 1094 1244 F
1093 1215 1208 1251 aterno,
1220 1217 1249 1244 et
1263 1213 1391 1244 blandus
1402 1214 1496 1242 lectus
1507 1212 1602 1242 calent
1620 1216 1722 1242 tenero

268 1269 380 1290 amore.
428 1259 490 1294 Qui
514 1259 558 1289 sic
582 1259 663 1289 vixit
685 1262 822 1290 mortuus
836 1259 884 1288 vel
907 1259 1006 1289 media
1021 1260 1127 1297 oetate,
1143 1257 1193 1287 hic
1204 1256 1311 1287 habuit
1322 1255 1489 1294 longiorem
1504 1255 1613 1295 vitam,
1633 1265 1723 1295 quum

270 1311 408 1333 concessa
417 1301 498 1340 suit.

872 1353 1104 1365 mm

308 1411 327 1439 4
369 1408 409 1439 In
437 1406 644 1439 Beverlandi
675 1407 741 1438 Ms.
769 1405 885 1448 florea]
909 1409 992 1436 serta
1027 1409 1197 1437 comoe.—8
1230 1405 1367 1446 Largior
1392 1406 1462 1437 huic
1485 1406 1575 1444 facta
1604 1409 1652 1437 est
1686 1405 1720 1436 in

927 1490 1067 1522 NOTAE

265 1451 395 1483 eodem.

308 1561 327 1588 2
352 1557 389 1588 In
406 1560 520 1588 oeterna
536 1556 622 1596 rosa]
646 1556 723 1587 Hoc
750 1559 818 1595 est,
834 1556 866 1586 in
891 1565 965 1596 per·

268 1607 381 1648 petuis
399 1607 642 1646 voluptatibus.

307 1661 324 1688 3
349 1658 492 1698 Assyrio]
516 1657 592 1688 Hoc
623 1664 686 1698 est,
716 1661 890 1698 unguento
922 1666 964 1688 ex

265 1707 403 1749 Assyrio
421 1718 562 1739 amomo.

307 1762 324 1789 5
341 1759 483 1789 Candida
495 1759 684 1798 nigrescant]
698 1758 862 1790 Poculum
874 1758 963 1789 enim

267 1818 309 1839 ex
327 1809 488 1850 crystallo
510 1809 578 1839 vini
601 1808 702 1839 infusi
725 1810 874 1839 colorem
902 1813 966 1840 tra·

264 1859 334 1891 hit:
361 1860 541 1890 Falernum
559 1869 637 1890 vero
655 1859 786 1900 nigrum
804 1863 866 1890 est.

1062 1558 1080 1586 7
1112 1556 1167 1587 Vel
1183 1556 1299 1595 medio]
1326 1556 1394 1588 Qui
1420 1556 1649 1596 voluptatibus
1675 1556 1722 1588 sic

1018 1616 1053 1637 se
1067 1607 1259 1647 immiscuit,
1274 1608 1376 1638 etiam
1389 1607 1416 1637 si
1433 1608 1483 1638 vel
1499 1607 1721 1640 mediaaetate

1019 1657 1167 1695 occidat,
1197 1658 1325 1688 diutius
1352 1662 1462 1688 tamen
1492 1658 1589 1696 vixit,
1621 1668 1721 1699 quam

1017 1707 1078 1739 Dii
1091 1708 1340 1739 concesserint:
1356 1708 1466 1739 Poe'ta
1478 1709 1567 1738 enim
1581 1718 1646 1739 non
1664 1718 1722 1739 nu-

1018 1767 1112 1788 mero
1125 1758 1270 1796 dierum,
1289 1758 1347 1788 sed
1367 1759 1599 1798 voluptatibus
1619 1759 1721 1790 vitam

1019 1808 1204 1848 longiorem
1223 1807 1383 1840 aestimat.
1408 1808 1482 1839 Lib.
1500 1817 1523 1840 1.
1537 1809 1636 1849 Epig.
1650 1812 1699 1842 16.

847 1953 1136 1996 LXXVIIL

738 2045 801 2074 DE
835 2044 983 2074 LUDIS
1017 2045 1231 2075 STELLAE.

265 2111 402 2162 QUOS
426 2116 600 2166 cuperet
621 2111 854 2164 Phlegraea
876 2125 981 2152 suos
1001 2112 1184 2153 victoria
1202 2112 1347 2162 ludos,

321 2180 480 2221 Indica
499 2193 611 2233 quos
629 2185 806 2234 cuperet
827 2194 1006 2234 pompa,
1028 2180 1180 2234 Lyaee,
1202 2184 1319 2230 tuos,

303 2278 400 2310 Stella
413 2278 581 2310 celebrator
596 2279 745 2321 triumphi
767 2280 965 2322 Hyperborei
981 2281 1122 2313 exhibuit
1138 2282 1237 2321 ludos,
1267 2291 1338 2321 quos
1359 2290 1428 2312 suos
1441 2284 1561 2322 optaret
1587 2281 1718 2314 victoria

867 2355 907 2366 σο

305 2400 325 2428 2
352 2397 459 2429 Indica
475 2407 547 2438 quos
572 2401 708 2440 cuperet,
728 2398 935 2439 Pompiliane,
960 2401 1026 2429 tuos
1047 2409 1087 2429 ex
1113 2398 1256 2440 quodam
1281 2397 1401 2430 codice
1424 2397 1560 2439 profert
1589 2400 1717 2433 Bever-

917 2472 1057 2504 NOTAE

306 2538 322 2566 1
348 2535 514 2574 Phlegraea
538 2535 621 2576 suos]
649 2535 837 2567 Victoriam
861 2535 963 2567 Phle-

266 2597 390 2627 graeam
408 2587 573 2626 intellige,
590 2598 687 2628 quan]
710 2588 751 2618 de
769 2589 962 2629 gigantibus

265 2637 383 2668 retulit
408 2637 574 2668 Hercules
591 2638 623 2667 in
646 2638 786 2678 planitie
813 2639 961 2679 Cumaea,

264 2697 338 2728 quae
356 2687 434 2718 olim
451 2687 632 2727 Phlegraea
657 2688 837 2720 dicebatur
860 2699 959 2730 prop-

264 2742 317 2768 ter
332 2736 482 2768 flammas
506 2738 573 2768 illic
588 2743 818 2779 erumpentes.
856 2740 961 2770 Nata-

263 2787 303 2818 lis
320 2787 440 2819 Comes
467 2787 524 2819 lib.
540 2797 604 2820 v11.
628 2798 702 2829 cap.
720 2792 750 2821 2.
786 2789 961 2821 Videndus

1018 2542 1052 2568 et
1068 2537 1193 2568 Strabo
1208 2537 1265 2570 lib.
1284 2547 1318 2570 v.

1059 2590 1079 2618 2
1104 2587 1212 2618 Indica
1225 2588 1353 2629 pompa]
1376 2589 1470 2622 Quos
1497 2589 1600 2621 etiam
1616 2589 1714 2621 ludos

1016 2643 1160 2679 cuperet
1186 2639 1341 2670 Bacchus
1364 2640 1474 2672 editos
1491 2641 1524 2671 in
1542 2641 1713 2682 triumpho

1017 2699 1115 2729 quem
1144 2689 1186 2720 de
1211 2690 1311 2721 India
1327 2691 1408 2731 egit,
1430 2692 1489 2723 hos
1505 2692 1610 2723 Stella
1626 2692 1718 2722 exhi·

1017 2740 1102 2778 buit,
1127 2746 1164 2771 ut
1180 2741 1364 2777 Domitiani
1388 2743 1562 2774 victoriam
1579 2742 1621 2774 de
1638 2743 1714 2774 Sar-

1017 2791 1116 2823 matis
1133 2792 1336 2825 celebraret.
1381 2793 1602 2835 Triumphum
1627 2794 1712 2825 Bac-
