1893 3225
511 280 912 310 EPIGRAMMATUM
955 282 1046 310 Llss.
1070 282 1160 310 ΧΗ.

1488 272 1572 312 915

284 378 389 419 Albi
412 391 511 432 quae
532 391 718 432 superas
740 391 847 420 oves
869 378 1044 429 Galesi,

286 446 426 488 Nullo
445 447 627 497 murice,
649 459 732 487 nec
753 459 906 487 cruore
927 447 1138 497 mendax,

288 514 378 555 Sed
397 515 541 556 tinctis
558 515 765 568 gregibus
788 515 934 556 colore
955 515 1059 557 vivo
1078 530 1089 557 t

1547 518 1574 557 Cn

285 583 371 624 Dic
393 588 553 633 vestro,
575 596 694 635 rogo,
716 583 771 624 sit
786 583 926 637 pudor
946 583 1111 637 politae,

292 651 362 692 Ne
381 652 516 705 gratis
537 651 697 692 recitet
717 664 843 692 meos
863 651 1039 693 libellos
1059 666 1070 694 :

289 719 479 769 Ferrem,
502 720 541 760 si
562 720 722 761 faceret
742 720 886 760 bonus
908 719 1053 773 poeta,

287 786 370 827 Cui
392 800 573 841 possem
594 787 700 829 dare
724 792 901 828 mutuos
921 787 1114 829 honores
1132 802 1141 828 t

287 854 537 910 Corrumpit
552 855 645 896 sine
667 854 829 897 talione
851 856 1031 897 coelebs.

1526 858 1579 898 10

292 922 456 964 Caecus
478 923 662 977 perdere
684 936 770 964 non
792 928 954 977 potest,
976 923 1094 978 quod
1112 902 1267 965 aufert.

288 990 367 1031 Nil
387 996 457 1032 est
479 991 674 1033 deterius
694 991 865 1032 latrone
884 991 1002 1032 nudo
1019 1005 1029 1032 ε

290 1058 371 1099 Nil
394 1060 591 1101 securius
612 1064 678 1101 est
697 1059 816 1100 malo
837 1057 985 1113 poeta.

116 1176 241 1206 candidi
258 1175 378 1214 Galesi,
392 1177 473 1206 nullo
488 1178 603 1208 murice
618 1187 673 1208 nec
687 1177 838 1216 sanguine
847 1176 968 1215 fallax,
984 1178 1036 1207 sed
1050 1177 1198 1216 gregibus
1210 1177 1318 1208 tinctis
1335 1178 1433 1208 colore
1448 1178 1554 1208 nativo
1566 1189 1577 1214 ;

116 1219 180 1257 dic,
195 1228 307 1259 qaoeso,
322 1223 424 1250 restro
444 1219 556 1259 poem,
572 1221 671 1260 ipsum
684 1222 810 1259 pudeat,
826 1229 862 1249 ne
878 1220 1002 1259 impune
1016 1220 1126 1250 recitet
1141 1229 1221 1251 rmeos
1236 1220 1340 1252 libros,
1389 1221 1532 1259 paterer,
1548 1222 1576 1251 si

116 1263 208 1292 bonas
220 1261 313 1301 poeta
328 1261 487 1301 recitaret,
503 1262 553 1292 cui
580 1263 716 1293 tribuere
731 1272 851 1302 possem
872 1272 931 1301 par
952 1264 1054 1294 decus.
1102 1263 1220 1293 Coelebs
1239 1264 1409 1304 corrumpit
1425 1264 1490 1294 sine
1505 1264 1577 1294 tali-

120 1314 186 1335 one.

120 1350 166 1378 est
182 1347 286 1387 inepto
300 1347 402 1388 poeta.

241 1304 347 1335 Caecus
362 1305 466 1345 nequit
487 1305 631 1337 amittere
647 1306 726 1345 quod
745 1304 868 1345 adimit,
884 1305 962 1335 nihil
977 1309 1021 1336 est
1030 1304 1118 1346 peJ'us
1132 1306 1251 1336 latrone
1266 1308 1358 1346 malo,
1374 1306 1454 1336 nihil
1476 1308 1574 1337 tutius

734 1411 878 1422 eva-‘een‘
888 1411 967 1423 aeae-‘e

163 1478 213 1508 De
235 1478 314 1508 malo
333 1477 425 1518 po'e'ta
446 1478 514 1508 Ms.
537 1477 570 1508 in
588 1487 693 1518 marg.
713 1478 768 1509 ed.
787 1478 868 1510 Par.
885 1480 1045 1509 1617.-2
1059 1477 1177 1508 Lustra
1193 1477 1269 1509 cod.
1283 1478 1483 1509 Beve1·l.—-3
1497 1478 1585 1510 Soles

121 1529 182 1560 pro
196 1530 266 1551 oves
281 1519 393 1551 id.—6
416 1519 453 1551 Si
471 1530 531 1561 pro
547 1522 590 1551 sit
605 1521 705 1552 aliter
723 1521 919 1561 legium—7
939 1521 1005 1552 Nec
1022 1521 1136 1550 Palat.

785 1616 924 1648 NOTAE

165 1686 178 1713 1
209 1681 368 1722 Corduba]
391 1682 482 1713 Urbs
497 1682 676 1723 Hispaniae
689 1682 729 1714 ad
746 1683 823 1714 Bae-

123 1733 196 1772 tim,
232 1731 330 1763 ferax
358 1733 522 1772 olearum,
561 1743 660 1774 quam
696 1733 824 1772 laudat,

122 1784 233 1814 civem
269 1784 342 1824 ejus
373 1784 653 1823 vituperaturus:
684 1788 824 1814 unctum

122 1839 235 1865 autem
267 1834 420 1874 appellat
448 1833 637 1864 Venafrum
666 1834 708 1864 ab
739 1834 822 1865 oleis

120 1896 196 1926 quae
220 1886 255 1916 in
281 1883 474 1916 Venafrano
513 1884 710 1925 Campaniae
743 1893 824 1924 agro

122 1940 306 1967 nascuntur
321 1936 470 1975 optimae.

163 1990 183 2017 2
211 1985 342 2025 Histra]
363 1985 497 2016 Histria
513 1990 566 2016 est
580 1985 695 2016 Italiae
715 1985 826 2016 termi-

123 2046 184 2068 nus
210 2036 351 2077 Illyrico
381 2036 423 2067 ad
450 2040 563 2067 ortum
580 2034 732 2074 confinis,
745 2035 829 2066 oleis

123 2086 313 2118 abundans.
337 2086 426 2117 Vide
443 2086 594 2116 Plinium
607 2085 663 2115 lib.
678 2094 739 2115 xv.
754 2095 829 2125 cap.

123 2140 155 2167 2.

169 2191 187 2219 3
232 2188 356 2228 Galesi]
391 2188 503 2220 Italiae
537 2186 657 2218 fluvius
697 2192 751 2219 est
788 2188 830 2219 ad

122 2240 321 2279 Tarentum,
346 2239 403 2270 ubi
428 2249 509 2271 oves
534 2240 641 2270 lanam
658 2238 831 2270 habebant

126 2289 399 2321 candidissimam
413 2301 420 2321 ε
434 2290 494 2321 lib.
510 2299 552 2321 11.
571 2289 673 2330 Epig.
689 2292 745 2321 43.

168 2343 188 2371 4
224 2341 319 2371 Nullo
349 2340 480 2381 murice]
504 2341 711 2372 Baeticarum
742 2341 831 2371 enim

128 2391 240 2422 ovium
259 2391 336 2423 lana
360 2391 452 2422 nullo
483 2390 562 2422 fuco
593 2391 736 2431 imbuta,
768 2391 830 2422 sed

878 1682 994 1713 nativo
1007 1682 1118 1713 colore
1136 1687 1211 1713 erat
1237 1683 1367 1714 tincta:
1387 1684 1486 1725 Epig.
1506 1688 1581 1717 100.

879 1731 976 1763 infra.

921 1785 941 1812 9
967 1782 1028 1813 Cui
1051 1782 1184 1822 possem]
1210 1784 1292 1824 Ejus
1315 1774 1444 1826 quippe
1472 1796 1584 1818 versus

882 1841 942 1872 pro
955 1833 1039 1863 meis
1056 1833 1214 1873 recitans,
1228 1843 1343 1875 parem
1359 1836 1425 1876 ipsi
1441 1837 1585 1876 gratiam

883 1882 1059 1914 referrem.

932 1937 970 1964 10
997 1934 1128 1974 Caetebs]
1145 1935 1212 1968 Qui
1229 1936 1255 1966 si
1282 1936 1426 1967 alienam
1444 1947 1583 1969 uxorem

885 1989 1094 2024 corrumpat,
1124 1994 1200 2015 cum
1232 1995 1336 2016 uxore
1360 1987 1435 2027 ipse
1453 1993 1584 2027 careat,

888 2034 1022 2064 talionis
1050 2044 1199 2075 poenam,
1215 2046 1280 2077 qua
1304 2047 1366 2077 par
1383 2038 1454 2078 pari
1479 2038 1585 2070 refer-

886 2089 952 2124 tur,
968 2085 1080 2116 subire
1097 2087 1229 2126 nequit.

927 2140 965 2167 11
991 2137 1209 2178 Quodaufert]
1234 2138 1271 2170 Si
1286 2148 1407 2180 nempe
1420 2140 1519 2171 alteri
1536 2141 1585 2171 ef-

886 2187 997 2219 fodiat
1013 2189 1159 2219 oculum.

930 2241 969 2268 12
1006 2237 1143 2269 Latrone
1168 2239 1263 2279 nudo]
1293 2240 1356 2271 Cui
1383 2241 1465 2272 nillil
1494 2242 1582 2282 eripi

885 2292 1011 2329 potest.

927 2344 967 2372 13
1002 2341 1062 2372 Nil
1085 2341 1223 2373 securius
1252 2342 1312 2383 est]
1350 2343 1440 2374 Nam
1479 2344 1584 2385 inepti

887 2392 998 2432 po'etae
1023 2392 1173 2423 carmina
1188 2393 1262 2434 quis
1276 2392 1433 2425 furetur?

772 2526 808 2566 L
820 2526 964 2569 XIV.

690 2617 719 2645 D
736 2616 761 2644 E
807 2617 832 2646 c
850 2617 864 2645 1
883 2617 909 2646 N
939 2617 967 2647 N
986 2617 1031 2646 A.

130 2681 433 2723 V1NCENTEM
455 2694 607 2722 roseos
625 2681 832 2736 facieque
856 2697 1070 2737 comaque
1094 2684 1318 2726 ministros

187 2749 328 2790 Cinna
349 2761 505 2789 cocum
522 2748 641 2790 fecit.

704 2748 847 2791 Cinna
868 2752 1051 2803 gulosus
1074 2751 1202 2792 homo
1225 2756 1308 2792 est.

177 2858 278 2889 Cinna
302 2858 466 2890 constituit
493 2868 596 2889 cocum
621 2863 819 2899 superantem
845 2870 946 2891 servos
970 2870 1084 2901 roseos,
1107 2863 1135 2891 et
1152 2860 1281 2891 rultuet
1304 2859 1434 2900 capillis.
1483 2861 1583 2892 Cinna

134 2901 219 2931 homo
235 2904 278 2932 est
295 2902 403 2932 helluo.
