1893 3225
288 215 394 256 1010
760 227 805 255 M.
843 226 949 256 vAi..
986 226 1259 257 MARwAms

919 396 1097 438 LXIV.

900 488 927 516 T
944 487 958 516 1
979 489 1002 516 Β
1019 488 1033 517 1
1051 488 1105 518 sn

282 558 442 598 EBR1A
465 569 547 598 nos
565 555 756 597 madidis
779 555 938 608 rumpit
960 555 1143 596 tibicina
1164 557 1342 597 buccis:

337 625 466 679 Saepe
489 625 598 666 duas
618 625 798 678 pariter,
822 636 942 677 saepe
960 625 1193 665 monaulon
1214 625 1358 665 habet.

324 753 502 784 Temulenta
517 752 645 783 tibicina
660 751 760 782 buccis
782 751 875 782 ebriis
900 750 991 792 inflat
1017 761 1090 781 nos:
1113 761 1194 792 soepe
1217 751 1308 782 habet
1331 752 1406 782 duas
1428 761 1529 792 pares,
1549 760 1631 792 saepe
1646 761 1729 782 mon·

284 797 387 827 aulon.

886 845 1119 858 eeeeeeeeeeee

323 907 338 934 l
367 904 439 934 Nou
455 901 530 933 cod.
548 901 749 932 BeverL-—2
773 900 874 941 Sepon
889 902 980 932 aulon
996 901 1073 933 cod.
1089 902 1221 932 Thumi.

934 992 1076 1025 NOTAE

322 1058 434 1098 Tibiae]
459 1058 511 1088 De
535 1056 637 1087 variis
665 1056 824 1087 tibiarum
845 1057 977 1096 generi·
1076 1061 1090 1088 1
1122 1058 1218 1088 Ebria
1247 1058 1392 1099 tibicina]
1443 1057 1571 1088 Mulier
1597 1067 1734 1098 nempe,

278 1112 341 1142 bus
367 1108 487 1140 scribit
509 1107 642 1138 Solinus
669 1117 744 1147 cap.
767 1110 818 1139 ll.
840 1108 976 1147 Forma,
1032 1118 1107 1149 quae
1136 1109 1219 1139 tibia
1245 1118 1368 1139 canens
1406 1107 1563 1138 convivio
1600 1107 1732 1139 aderat.

278 1171 345 1192 non
368 1159 521 1199 materia,
536 1156 698 1190 differunt
711 1168 730 1188 a
741 1157 873 1189 fistulis.
923 1159 978 1189 De
1031 1160 1040 1175 ‘
1058 1158 1221 1199 Rumpit‚'
1237 1159 1271 1190 id
1285 1164 1350 1198 est,
1367 1156 1475 1194 inflat,
1492 1163 1529 1188 ut
1543 1158 1622 1189 mihi
1638 1158 1731 1188 vide-

277 1212 327 1242 his
344 1211 447 1241 etiam
463 1208 537 1239 fuse
557 1209 628 1249 agit
643 1208 830 1239 Beroaldus
847 1209 889 1239 ad
906 1209 978 1240 liaec
1033 1214 1099 1241 tur.

280 1262 419 1303 Apuleii
448 1260 550 1291 verba
579 1259 678 1290 Asini
713 1258 819 1290 Aurei
851 1259 907 1291 lib.
940 1269 975 1291 x.
1074 1262 1094 1290 2
1117 1259 1206 1300 Saepe
1221 1258 1312 1298 duas]
1330 1258 1406 1289 Hoc
1420 1264 1493 1289 est:
1517 1258 1732 1298 Saepehabet

277 1316 286 1332 ‘
299 1314 376 1346 Jam
394 1311 485 1343 tibiae
502 1309 762 1341 multiforabiles
779 1314 900 1341 cantus
913 1311 975 1351 Ly.
1032 1309 1148 1340 tibiam
1167 1309 1346 1349 geminam,
1368 1314 1403 1341 et
1430 1319 1523 1350 saepe
1537 1310 1731 1348 monaulon,

278 1366 351 1396 dios
367 1362 514 1394 dulciter
529 1360 742 1392 consonant!
1030 1361 1092 1392 hoc
1109 1366 1163 1391 est
1178 1360 1376 1400 simplicem.

924 1540 1081 1583 LXV.

789 1631 955 1660 soLEAE
992 1630 1218 1662 LANATAE.

283 1698 546 1739 DEFUERIT
568 1700 604 1740 si
626 1697 739 1739 forte
762 1711 884 1751 puer,
907 1698 1141 1752 soleasque
1161 1697 1314 1738 libebit

338 1767 521 1807 Sumere
539 1780 550 1818 3
581 1780 661 1820 pro
682 1780 819 1820 puero
841 1780 922 1820 pes
943 1767 1023 1807 erit
1045 1768 1144 1820 ipse
1164 1766 1265 1807 sibi.

327 1877 364 1908 Si
372 1876 458 1915 forte
473 1877 610 1909 carueris
624 1887 722 1917 servo,
746 1880 776 1908 et
785 1877 920 1917 placebit
935 1878 1071 1917 accipere
1085 1877 1182 1907 soleas
1193 1886 1205 1913 ;
1226 1875 1292 1916 ipse
1308 1874 1366 1906 tibi
1376 1884 1452 1915 puer
1465 1875 1537 1906 eris.

875 1961 992 1972 emer
996 1960 1113 1971 ‘seme

322 2016 341 2044 2
366 2014 513 2045 Proderit
532 2024 592 2054 pro
605 2024 659 2054 pes
678 2015 738 2045 erit
763 2014 840 2045 edd.
867 2018 950 2045 vett.
971 2013 979 2030 ‘
995 2014 1055 2044 Pes
1070 2013 1151 2043 erit:
1185 2021 1231 2042 sc.
1249 2012 1330 2042 παῖς.
1344 2011 1515 2042 Martialis
1533 2014 1635 2042 aetate
1661 2012 1732 2041 παῖς

280 2060 316 2087 et
333 2056 432 2096 ‘pes'
459 2056 535 2087 eod.
561 2057 705 2088 sonabat
727 2057 850 2088 modo:
885 2057 916 2087 ai
941 2061 979 2088 ut
1002 2066 1018 2087 e
1042 2050 1339 2096 pronuntiabatur.
1387 2055 1442 2085 Sic
1472 2064 1527 2094 ap.
1558 2053 1669 2085 AEoles
1697 2059 1732 2085 et

280 2100 468 2139 Spartanos
483 2099 541 2140 πὸρ
557 2105 592 2131 et
606 2110 749 2141 puerum
765 2105 801 2131 et
830 2100 951 2140 pedem
969 2097 1161 2139 significat!
1190 2098 1316 2129 Beverl.
1361 2096 1429 2128 Adi
1452 2097 1532 2128 var.
1550 2097 1633 2128 Not.

932 2194 1072 2227 NOTAE

323 2266 339 2293 1
365 2262 486 2303 Soleus]
509 2263 641 2294 Gellius
663 2263 722 2294 lib.
741 2272 822 2295 xm.
839 2273 913 2304 cap.
926 2266 979 2296 20.
1075 2266 1095 2295 2
1119 2264 1193 2303 Pes,
1207 2265 1260 2304 &a
1285 2262 1526 2303 [Pr-oderisipse
1539 2261 1613 2301 tibi]
1647 2261 1731 2300 Alii,

281 2313 424 2344 ‘Omnia
439 2313 528 2344 enim
544 2312 652 2344 ferme
666 2314 699 2344 id
715 2323 834 2354 genus,
856 2314 979 2355 quibus
1028 2324 1082 2355 pes
1095 2315 1156 2345 erit
1177 2315 1242 2354 ipse
1263 2313 1333 2344 tibi.
1379 2313 1455 2344 Hoc
1482 2318 1551 2343 est:
1587 2313 1639 2343 Tu
1663 2313 1729 2343 eris

280 2366 471 2405 plantarum
495 2365 605 2396 calces
631 2369 762 2395 tantum
787 2364 901 2396 infime
927 2370 976 2396 te·
1031 2365 1092 2395 tibi
1107 2374 1223 2396 servus
1240 2375 1258 2395 a
1274 2365 1429 2405 pedibus.
1475 2364 1620 2396 Veteres
1640 2365 1732 2396 codi-

279 2420 417 2455 guntur,
429 2419 546 2447 cetera
560 2424 666 2456 prope
686 2416 788 2455 nuda,
805 2421 841 2447 et
856 2416 974 2447 tereti·
1029 2424 1085 2445 ces
1101 2414 1238 2454 habent,
1259 2415 1398 2455 proderit
1413 2415 1477 2455 ipse
1491 2414 1562 2446 tibi.
1605 2415 1731 2446 Salma-

280 2466 342 2497 bus
360 2466 499 2497 habenis
521 2466 644 2506 juncta
665 2471 754 2506 sunt,
769 2467 875 2497 soleas
900 2467 974 2497 dix-
1030 2465 1096 2495 sius
1117 2464 1211 2504 legit,
1237 2474 1290 2504 pes
1314 2464 1374 2494 erit
1395 2465 1460 2504 ipse
1475 2464 1554 2495 sibi.-
1577 2464 1639 2495 hoc
1655 2470 1729 2495 est:

275 2520 373 2546 erunt
388 2527 395 2546 :
420 2525 659 2558 nonnunquam
671 2525 754 2547 voce
768 2516 892 2548 Graeca
903 2525 974 2548 cre·
1031 2517 1097 2548 Pes
1114 2516 1146 2547 in
1163 2517 1263 2548 soleis
1280 2517 1402 2549 lanatis
1418 2518 1526 2550 vicem
1543 2517 1638 2559 pueri
1651 2527 1729 2557 snp-

278 2566 436 2608 pidulas.’
1030 2567 1148 2609 plebit-
