1893 3225
475 295 879 326 EPIGRAMMATUM
917 296 1010 324 LlB.
1045 295 1152 324 vlu.
1460 284 1542 326 587

747 389 884 421 NOTAE

134 458 153 485 7
176 455 293 494 Ager-et
309 455 365 486 sub
379 454 534 495 curribus]
571 455 708 495 Captivi
732 464 789 485 no·
843 455 929 486 tenis
946 454 1049 485 vincti
1066 454 1266 485 catervatim
1284 452 1464 495 praeibant.

92 506 177 537 biles
192 507 348 538 curribus
366 506 585 545 vehebantur,
603 506 710 537 ceteri
734 516 790 537 ca-

709 627 928 669 XXVII.

650 719 715 749 AD
749 717 976 748 GAURUM.

96 785 145 825 M
155 797 216 826 CN
229 796 325 826 ΕΒΑ
348 786 423 840 qui
446 785 526 826 tibi
549 785 626 826 dat
645 785 880 839 locupleti,
902 784 1066 834 Gaure,
1089 784 1290 838 senique,

153 853 201 893 Si
223 855 362 907 sapis,
383 859 427 896 et
447 855 596 903 sentis,
617 853 689 895 hic
710 854 790 895 tibi
812 855 899 895 ait:
931 853 1122 894 Morere.

96 952 170 1026 HQ
186 952 304 1025 Ῐζῦαιινε,
318 954 369 994 qui
385 954 519 993 largitur
543 955 621 984 dona
636 952 696 984 tibi
718 954 811 985 diviti
824 957 855 985 et
868 954 946 993 seni,
967 953 995 984 sz'
1014 952 1136 993 sapiens
1158 955 1188 983 et
1212 960 1314 991 sagax
1337 959 1380 990 es,
1407 948 1458 979 hie
1472 948 1551 980 dicit

113 1005 168 1034 ιη,
224 1005 321 1027 orere.

708 1049 946 1061 “moe-'sene

136 1090 228 1123 Nihil
245 1091 376 1122 variant
390 1092 599 1133 exemplaria
615 1092 745 1134 scripta
762 1095 821 1123 aut
836 1102 962 1124 excusa
979 1092 1010 1123 in
1033 1092 1095 1124 hoc
1113 1091 1378 1133 Epigrammate,

747 1165 891 1197 NOTAE

136 1231 156 1259 2
180 1228 319 1269 Morere]
344 1227 391 1259 Hi
406 1229 496 1259 enim
513 1233 796 1260 testamentorum
848 1229 931 1260 nihil
948 1229 1039 1260 aliud
1062 1239 1189 1271 cupere
1210 1238 1309 1271 quam
1333 1232 1371 1259 ut
1388 1237 1485 1259 senes
1503 1228 1551 1258 illi

94 1283 302 1320 captatoreS‚
315 1289 390 1310 cum
408 1288 548 1310 munera
568 1279 729 1311 divitibus
746 1289 796 1310 se·
849 1285 1075 1320 morerentur,
1092 1285 1129 1312 ut
1153 1281 1187 1311 in
1203 1289 1317 1311 eorum
1335 1278 1421 1310 bona
1437 1287 1551 1309 succe-

94 1329 191 1361 nibus
205 1334 240 1361 et
255 1329 347 1361 orbis
361 1330 796 1372 mitterent,significabant
850 1329 984 1362 dei-ent.
1027 1330 1117 1362 vide
1133 1330 1190 1362 lib.
1207 1340 1257 1362 vx.
1273 1330 1375 1371 Epig.
1391 1331 1444 1360 03.

705 1474 951 1516 XXVIII.

506 1564 569 1592 DE
606 1563 968 1594 PARTHENIANA
1001 1565 1143 1594 ToeA.

100 1632 192 1672 Dic
215 1638 317 1684 toga
336 1630 515 1672 facundi
537 1637 709 1684 gratum
729 1631 836 1672 mihi
857 1645 1014 1672 munus
1038 1633 1186 1680 amici,

155 1698 267 1739 Esse
287 1699 400 1739 velis
423 1698 548 1753 cujus
566 1698 686 1739 sama
707 1698 933 1752 decusque
954 1699 1125 1751 gregis?

97 1767 249 1821 Apula
271 1767 422 1808 Ledaei
443 1767 521 1807 tibi
542 1767 691 1807 floruit
711 1766 845 1807 herba
870 1766 1085 1816 Phalanti,

155 1834 260 1885 Qua
279 1838 450 1876 saturat
470 1833 675 1875 Calabris
697 1833 823 1874 culta
843 1832 1038 1874 Galesus
1060 1833 1218 1887 aquis?

96 1901 169 1944 An
190 1903 499 1944 Tartessiacus
521 1901 684 1943 stabuli
700 1901 884 1942 nutritor
904 1901 1024 1942 Iberi
1525 1898 1555 1938 5

154 1971 295 2012 Baetis
315 1971 360 2010 in
382 1969 603 2024 Hesperia
624 1973 668 2010 te
690 1981 870 2023 quoque
890 1968 999 2010 lavit
1020 1969 1136 2010 ove?

142 2081 173 2111 O
189 2084 274 2119 toga,
282 2079 453 2118 jucundum
475 2079 588 2108 donum
603 2077 697 2108 amici
712 2077 835 2115 diserti,
850 2077 984 2117 loquere,
997 2077 1083 2115 cujus
1094 2076 1204 2116 gregis
1210 2077 1304 2114 fama
1320 2079 1349 2106 et
1362 2075 1466 2114 gloria
1490 2084 1555 2106 esse

98 2121 197 2155 velis?
245 2122 299 2153 An
315 2122 407 2152 herba
431 2121 537 2161 Apula
563 2121 715 2151 Phalanti
735 2120 963 2150 Lacedaemonii
972 2120 1088 2161 floruit
1111 2120 1181 2156 tihi,
1207 2129 1267 2159 qua
1294 2119 1425 2150 Galesus
1439 2119 1557 2158 irrigat

97 2168 194 2199 mltos
205 2175 298 2205 agros
313 2165 403 2196 undis
420 2163 563 2195 Calabris
577 2161 593 2194 ἰ)
636 2163 688 2194 Αη
707 2163 918 2194 Tartessiacas
938 2163 1043 2194 Baetis
1057 2162 1196 2194 nutritor
1211 2163 1313 2192 otium
1330 2161 1496 2202 His-punice
1512 2162 1556 2191 la-

709 2236 944 2249 eeeeeeeeeee

140 2289 159 2317 4
184 2285 374 2318 Gronovius
391 2293 432 2315 ex
457 2282 558 2315 codd.
574 2283 680 2323 legit:
706 2283 833 2313 Calabri
847 2284 944 2319 culta,
968 2281 989 2312 i.
1006 2291 1036 2313 e.
1061 2281 1218 2322 agricolae
1241 2279 1453 2311 Calabri.-—5
1481 2279 1557 2311 Tar-

94 2330 233 2370 pesiacus
249 2328 349 2359 codd.
367 2328 447 2358 Vat.
464 2332 500 2357 et
512 2327 727 2357 Florem—6
744 2326 861 2357 Codex
878 2325 1052 2356 Palatinus
1069 2324 1205 2355 habuit:
1229 2327 1258 2353 te
1274 2333 1388 2363 quoque
1399 2322 1556 2359 lanitone;

100 2372 188 2403 unde
213 2371 414 2412 Rutgersius
432 2370 560 2410 optime
585 2374 621 2400 et
647 2369 819 2410 ingeniose
844 2367 1018 2399 restituit:
1043 2370 1073 2398 te
1098 2377 1212 2408 quoque
1232 2367 1309 2397 luz-it
1334 2376 1397 2398 ove.
1441 2364 1556 2396 Antea

758 2442 898 2474 NOTAE

145 2515 162 2542 l
188 2511 254 2542 Dic
268 2511 356 2551 toga]
376 2510 506 2550 Togam
518 2510 720 2548 interrogat,
734 2518 800 2549 quo
856 2508 956 2549 Epig.
972 2510 1025 2538 38.
1072 2507 1215 2538 Galesus
1229 2504 1352 2537 fluvius
1371 2505 1555 2536 Tarentum

102 2570 224 2601 nempe
241 2561 389 2592 lanarum
406 2569 530 2600 genere
551 2559 595 2590 sit
611 2564 788 2590 contexta.
855 2558 986 2599 irrigat.

146 2614 164 2642 3
187 2611 292 2651 Apula
304 2611 422 2651 Ledaez']
444 2611 630 2641 Enumerat
646 2609 738 2639 varia
755 2609 800 2639 la·
897 2614 915 2640 5
940 2610 992 2640 An
1004 2607 1232 2647 Tartessiucus]
1255 2606 1364 2637 Baetis
1381 2605 1556 2646 Hispaniae

100 2672 220 2694 narum
237 2671 371 2702 genera.
414 2661 455 2691 In
472 2660 596 2700 Apulia
612 2664 666 2690 est
679 2660 802 2690 Taren·
855 2659 991 2700 fluvius,
1018 2659 1134 2698 hodie,
1168 2656 1409 2697 Getadalquz'vz'r,
1440 2657 1498 2696 qui
1520 2661 1556 2687 et

103 2720 175 2746 tum
190 2713 363 2745 conditum
380 2722 399 2742 a
419 2712 585 2743 Phalanto
602 2711 726 2742 Ledaeo
744 2721 801 2742 seu
855 2712 1035 2742 Tartessus
1051 2721 1069 2741 a
1084 2709 1251 2741 Strabone
1267 2707 1470 2748 appellatur.

105 2762 374 2801 Lacedaemonio,
402 2762 450 2792 sic
479 2762 572 2793 dicto
589 2772 607 2793 a
624 2761 716 2792 Leda
740 2762 802 2792 La·
899 2761 1024 2793 Stabulz'
1039 2760 1140 2801 Iberi]
1163 2760 1240 2791 Hoc
1257 2762 1320 2797 est,
1339 2757 1453 2788 ovium
1478 2757 1558 2787 His-

106 2814 335 2850 cedaemouia3
380 2812 457 2842 lana
505 2821 585 2842 vero
617 2812 803 2842 Tarentina
856 2821 1036 2852 panarum,
1057 2822 1131 2853 quae
1158 2818 1281 2850 nempe
1307 2811 1492 2849 pascuntur
1514 2806 1555 2838 ad

107 2876 236 2899 summo
258 2865 324 2897 fuit
341 2865 374 2896 in
401 2864 524 2905 pretio.
567 2862 656 2893 vide
681 2862 740 2894 lib.
767 2872 802 2895 v.
857 2862 1006 2893 Iberum.
