<?xml version="1.0" encoding="UTF-8"?>
<!DOCTYPE html PUBLIC "-//W3C//DTD XHTML 1.0 Transitional//EN"
    "http://www.w3.org/TR/xhtml1/DTD/xhtml1-transitional.dtd">
<html xmlns="http://www.w3.org/1999/xhtml" xml:lang="en" lang="en">
 <head>
  <title>
</title>
<meta http-equiv="Content-Type" content="text/html;charset=utf-8" />
  <meta name='ocr-system' content='tesseract 3.04.00' />
  <meta name='ocr-capabilities' content='ocr_page ocr_carea ocr_par ocr_line ocrx_word'/>
</head>
<body>
  <div class='ocr_page' id='page_1' title='image "./epigrammataexedi02martuoft_0111.png"; bbox 0 0 1893 3225; ppageno 0'>
   <div class='ocr_carea' id='block_1_1' title="bbox 0 0 4 230">
    <p class='ocr_par' dir='ltr' id='par_1_1' title="bbox 0 0 4 272">
     <span class='ocr_line' id='line_1_1' title="bbox 0 0 4 230; baseline 0 0"><span class='ocrx_word' id='word_1_1' title='bbox 0 0 4 230; x_wconf 58' lang='lat' dir='ltr'>J</span> 
     </span>
    </p>
   </div>
   <div class='ocr_carea' id='block_1_2' title="bbox 636 430 1046 561">
    <p class='ocr_par' dir='ltr' id='par_1_2' title="bbox 636 430 1046 561">
     <span class='ocr_line' id='line_1_2' title="bbox 776 430 910 471; baseline -0.007 0"><span class='ocrx_word' id='word_1_2' title='bbox 776 430 910 471; x_wconf 90' lang='lat' dir='ltr'>XLI.</span> 
     </span>
     <span class='ocr_line' id='line_1_3' title="bbox 636 531 1046 561; baseline -0.002 0"><span class='ocrx_word' id='word_1_3' title='bbox 636 533 702 561; x_wconf 81' lang='lat' dir='ltr'><strong>An</strong></span> <span class='ocrx_word' id='word_1_4' title='bbox 737 531 1046 561; x_wconf 62' lang='lat' dir='ltr'><strong>MUSTmUM.</strong></span> 
     </span>
    </p>
   </div>
   <div class='ocr_carea' id='block_1_3' title="bbox 3 434 1257 867">
    <p class='ocr_par' dir='ltr' id='par_1_3' title="bbox 3 434 1257 800">
     <span class='ocr_line' id='line_1_4' title="bbox 3 434 1257 663; baseline -0.002 -11"><span class='ocrx_word' id='word_1_5' title='bbox 3 434 7 647; x_wconf 58' lang='lat' dir='ltr'><strong>i</strong></span> <span class='ocrx_word' id='word_1_6' title='bbox 113 611 317 653; x_wconf 76' lang='lat' dir='ltr'><strong>Tmsrls</strong></span> <span class='ocrx_word' id='word_1_7' title='bbox 341 610 645 663; x_wconf 82' lang='lat' dir='ltr'><strong>Athenagoras</strong></span> <span class='ocrx_word' id='word_1_8' title='bbox 666 623 755 651; x_wconf 91' lang='lat' dir='ltr'><strong>non</strong></span> <span class='ocrx_word' id='word_1_9' title='bbox 775 610 898 651; x_wconf 84' lang='lat' dir='ltr'><strong>misit</strong></span> <span class='ocrx_word' id='word_1_10' title='bbox 915 622 1091 650; x_wconf 85' lang='lat' dir='ltr'><strong>munera</strong></span> <span class='ocrx_word' id='word_1_11' title='bbox 1110 609 1257 660; x_wconf 80' lang='lat' dir='ltr'><strong>nobiS,</strong></span> 
     </span>
     <span class='ocr_line' id='line_1_5' title="bbox 3 653 1155 730; baseline -0.003 -9"><span class='ocrx_word' id='word_1_12' title='bbox 3 653 6 708; x_wconf 55' lang='grc' dir='ltr'>Ι</span> <span class='ocrx_word' id='word_1_13' title='bbox 171 679 288 730; x_wconf 82' lang='lat' dir='ltr'><strong>Quae</strong></span> <span class='ocrx_word' id='word_1_14' title='bbox 311 680 458 720; x_wconf 86' lang='lat' dir='ltr'><strong>medio</strong></span> <span class='ocrx_word' id='word_1_15' title='bbox 478 680 645 720; x_wconf 83' lang='lat' dir='ltr'><strong>brumae</strong></span> <span class='ocrx_word' id='word_1_16' title='bbox 666 678 836 718; x_wconf 88' lang='lat' dir='ltr'><strong>mittere</strong></span> <span class='ocrx_word' id='word_1_17' title='bbox 856 690 1002 718; x_wconf 85' lang='lat' dir='ltr'><strong>mense</strong></span> <span class='ocrx_word' id='word_1_18' title='bbox 1024 678 1155 718; x_wconf 86' lang='lat' dir='ltr'><strong>solet.</strong></span> 
     </span>
     <span class='ocr_line' id='line_1_6' title="bbox 114 744 1243 800; baseline -0.002 -12"><span class='ocrx_word' id='word_1_19' title='bbox 114 746 186 788; x_wconf 92' lang='lat' dir='ltr'><strong>An</strong></span> <span class='ocrx_word' id='word_1_20' title='bbox 209 749 267 788; x_wconf 85' lang='lat' dir='ltr'><strong>sit</strong></span> <span class='ocrx_word' id='word_1_21' title='bbox 288 746 593 800; x_wconf 80' lang='lat' dir='ltr'><strong>Athenagoras</strong></span> <span class='ocrx_word' id='word_1_22' title='bbox 616 746 776 796; x_wconf 82' lang='lat' dir='ltr'><strong>tristis,</strong></span> <span class='ocrx_word' id='word_1_23' title='bbox 800 745 1029 795; x_wconf 68' lang='lat' dir='ltr'><strong>Faustffie,</strong></span> <span class='ocrx_word' id='word_1_24' title='bbox 1051 744 1214 786; x_wconf 87' lang='lat' dir='ltr'><strong>videbo</strong></span> <span class='ocrx_word' id='word_1_25' title='bbox 1234 758 1243 786; x_wconf 88' lang='lat'><strong>:</strong></span> 
     </span>
    </p>

    <p class='ocr_par' dir='ltr' id='par_1_4' title="bbox 172 812 1043 867">
     <span class='ocr_line' id='line_1_7' title="bbox 172 812 1043 867; baseline -0.002 -11"><span class='ocrx_word' id='word_1_26' title='bbox 172 815 248 856; x_wconf 90' lang='lat' dir='ltr'><strong>Me</strong></span> <span class='ocrx_word' id='word_1_27' title='bbox 265 820 383 856; x_wconf 89' lang='lat' dir='ltr'><strong>certe</strong></span> <span class='ocrx_word' id='word_1_28' title='bbox 404 816 571 857; x_wconf 85' lang='lat' dir='ltr'><strong>tristem</strong></span> <span class='ocrx_word' id='word_1_29' title='bbox 591 815 698 855; x_wconf 85' lang='lat' dir='ltr'><strong>fecit</strong></span> <span class='ocrx_word' id='word_1_30' title='bbox 718 812 1043 867; x_wconf 83' lang='lat' dir='ltr'><strong>Athenagoras.</strong></span> 
     </span>
    </p>
   </div>
   <div class='ocr_carea' id='block_1_4' title="bbox 109 934 1574 1054">
    <p class='ocr_par' dir='ltr' id='par_1_5' title="bbox 109 934 1574 1054">
     <span class='ocr_line' id='line_1_8' title="bbox 156 934 1571 975; baseline -0.003 -9"><span class='ocrx_word' id='word_1_31' title='bbox 156 936 288 967; x_wconf 70' lang='lat' dir='ltr'><strong>Illoestus</strong></span> <span class='ocrx_word' id='word_1_32' title='bbox 303 936 522 975; x_wconf 72' lang='lat' dir='ltr'><em>Athenagoras</em></span> <span class='ocrx_word' id='word_1_33' title='bbox 547 946 606 967; x_wconf 83' lang='lat' dir='ltr'><strong>non</strong></span> <span class='ocrx_word' id='word_1_34' title='bbox 632 935 719 966; x_wconf 75' lang='lat' dir='ltr'><strong>misit</strong></span> <span class='ocrx_word' id='word_1_35' title='bbox 741 937 820 967; x_wconf 77' lang='lat' dir='ltr'><em>dona</em></span> <span class='ocrx_word' id='word_1_36' title='bbox 835 937 874 967; x_wconf 83' lang='lat' dir='ltr'><strong>ad</strong></span> <span class='ocrx_word' id='word_1_37' title='bbox 891 945 950 973; x_wconf 86' lang='lat' dir='ltr'><strong>me,</strong></span> <span class='ocrx_word' id='word_1_38' title='bbox 970 945 1037 975; x_wconf 82' lang='lat' dir='ltr'><strong>quoe</strong></span> <span class='ocrx_word' id='word_1_39' title='bbox 1047 934 1202 966; x_wconf 76' lang='lat' dir='ltr'><strong>consuevit</strong></span> <span class='ocrx_word' id='word_1_40' title='bbox 1219 934 1345 965; x_wconf 76' lang='lat' dir='ltr'><strong>mittere</strong></span> <span class='ocrx_word' id='word_1_41' title='bbox 1358 934 1457 966; x_wconf 76' lang='lat' dir='ltr'><strong>medio</strong></span> <span class='ocrx_word' id='word_1_42' title='bbox 1470 942 1571 964; x_wconf 70' lang='lat' dir='ltr'><strong>mense</strong></span> 
     </span>
     <span class='ocr_line' id='line_1_9' title="bbox 113 976 1574 1020; baseline -0.001 -11"><span class='ocrx_word' id='word_1_43' title='bbox 113 979 240 1010; x_wconf 70' lang='lat' dir='ltr'><strong>bruma».</strong></span> <span class='ocrx_word' id='word_1_44' title='bbox 268 979 298 1009; x_wconf 92' lang='grc' dir='ltr'>Ο</span> <span class='ocrx_word' id='word_1_45' title='bbox 322 980 482 1020; x_wconf 59' lang='lat' dir='ltr'><strong>Faunine,</strong></span> <span class='ocrx_word' id='word_1_46' title='bbox 495 979 676 1011; x_wconf 77' lang='lat' dir='ltr'><em>examinabo</em></span> <span class='ocrx_word' id='word_1_47' title='bbox 689 990 729 1010; x_wconf 84' lang='lat' dir='ltr'><strong>an</strong></span> <span class='ocrx_word' id='word_1_48' title='bbox 740 979 961 1019; x_wconf 80' lang='lat' dir='ltr'><em>Athenagoras</em></span> <span class='ocrx_word' id='word_1_49' title='bbox 976 979 1099 1009; x_wconf 81' lang='lat' dir='ltr'><strong>doleat:</strong></span> <span class='ocrx_word' id='word_1_50' title='bbox 1114 978 1333 1018; x_wconf 79' lang='lat' dir='ltr'><em>Athenagoras</em></span> <span class='ocrx_word' id='word_1_51' title='bbox 1348 988 1395 1009; x_wconf 84' lang='lat' dir='ltr'><strong>me</strong></span> <span class='ocrx_word' id='word_1_52' title='bbox 1406 987 1480 1009; x_wconf 83' lang='lat' dir='ltr'><strong>sane</strong></span> <span class='ocrx_word' id='word_1_53' title='bbox 1492 976 1574 1018; x_wconf 79' lang='lat' dir='ltr'><strong>affe-</strong></span> 
     </span>
     <span class='ocr_line' id='line_1_10' title="bbox 109 1022 330 1054; baseline 0.005 -1"><span class='ocrx_word' id='word_1_54' title='bbox 109 1023 155 1053; x_wconf 85' lang='lat' dir='ltr'><strong>cit</strong></span> <span class='ocrx_word' id='word_1_55' title='bbox 171 1022 330 1054; x_wconf 77' lang='lat' dir='ltr'><strong>moestitz&#39;a.</strong></span> 
     </span>
    </p>
   </div>
   <div class='ocr_carea' id='block_1_5' title="bbox 721 1074 959 1086">
    <p class='ocr_par' dir='ltr' id='par_1_6' title="bbox 721 1074 959 1086">
     <span class='ocr_line' id='line_1_11' title="bbox 721 1074 959 1086; baseline 0 0"><span class='ocrx_word' id='word_1_56' title='bbox 721 1074 959 1086; x_wconf 50' lang='lat' dir='ltr'><strong>‘mom</strong></span> 
     </span>
    </p>
   </div>
   <div class='ocr_carea' id='block_1_6' title="bbox 110 1128 1574 1582">
    <p class='ocr_par' dir='ltr' id='par_1_7' title="bbox 155 1128 1573 1171">
     <span class='ocr_line' id='line_1_12' title="bbox 155 1128 1573 1171; baseline 0 -11"><span class='ocrx_word' id='word_1_57' title='bbox 155 1129 269 1170; x_wconf 82' lang='lat' dir='ltr'><strong>Hujus</strong></span> <span class='ocrx_word' id='word_1_58' title='bbox 305 1129 568 1171; x_wconf 82' lang='lat' dir='ltr'><strong>Epigrammatis</strong></span> <span class='ocrx_word' id='word_1_59' title='bbox 604 1130 787 1161; x_wconf 89' lang='lat' dir='ltr'><strong>lectionem</strong></span> <span class='ocrx_word' id='word_1_60' title='bbox 816 1139 883 1161; x_wconf 88' lang='lat' dir='ltr'><strong>non</strong></span> <span class='ocrx_word' id='word_1_61' title='bbox 929 1130 1062 1161; x_wconf 86' lang='lat' dir='ltr'><strong>variant</strong></span> <span class='ocrx_word' id='word_1_62' title='bbox 1104 1129 1312 1171; x_wconf 77' lang='lat' dir='ltr'><strong>exemplaria</strong></span> <span class='ocrx_word' id='word_1_63' title='bbox 1354 1128 1484 1170; x_wconf 87' lang='lat' dir='ltr'><strong>scripta</strong></span> <span class='ocrx_word' id='word_1_64' title='bbox 1513 1132 1573 1160; x_wconf 84' lang='lat' dir='ltr'><strong>aut</strong></span> 
     </span>
    </p>

    <p class='ocr_par' dir='ltr' id='par_1_8' title="bbox 111 1182 915 1247">
     <span class='ocr_line' id='line_1_13' title="bbox 111 1182 252 1205; baseline 0 -1"><span class='ocrx_word' id='word_1_65' title='bbox 111 1182 252 1205; x_wconf 86' lang='lat' dir='ltr'><strong>excusa.</strong></span> 
     </span>
     <span class='ocr_line' id='line_1_14' title="bbox 768 1215 915 1247; baseline -0.007 0"><span class='ocrx_word' id='word_1_66' title='bbox 768 1215 915 1247; x_wconf 84' lang='lat' dir='ltr'><strong>NOTAE</strong></span> 
     </span>
    </p>

    <p class='ocr_par' dir='ltr' id='par_1_9' title="bbox 110 1285 1574 1582">
     <span class='ocr_line' id='line_1_15' title="bbox 155 1285 1386 1326; baseline -0.002 -8"><span class='ocrx_word' id='word_1_67' title='bbox 155 1289 173 1318; x_wconf 91' lang='lat' dir='ltr'><strong>l</strong></span> <span class='ocrx_word' id='word_1_68' title='bbox 200 1285 317 1318; x_wconf 78' lang='lat' dir='ltr'><strong>Tristis</strong></span> <span class='ocrx_word' id='word_1_69' title='bbox 331 1285 566 1326; x_wconf 83' lang='lat' dir='ltr'><em>Athenagoras]</em></span> <span class='ocrx_word' id='word_1_70' title='bbox 591 1286 644 1317; x_wconf 87' lang='lat' dir='ltr'><strong>De</strong></span> <span class='ocrx_word' id='word_1_71' title='bbox 661 1296 728 1326; x_wconf 86' lang='lat' dir='ltr'><strong>quo</strong></span> <span class='ocrx_word' id='word_1_72' title='bbox 752 1286 810 1317; x_wconf 89' lang='lat' dir='ltr'><strong>lib.</strong></span> <span class='ocrx_word' id='word_1_73' title='bbox 866 1287 1028 1326; x_wconf 79' lang='lat' dir='ltr'><strong>ceperim.</strong></span> <span class='ocrx_word' id='word_1_74' title='bbox 1052 1285 1127 1317; x_wconf 87' lang='lat' dir='ltr'><strong>Lib.</strong></span> <span class='ocrx_word' id='word_1_75' title='bbox 1146 1295 1196 1317; x_wconf 85' lang='lat' dir='ltr'><strong>lv.</strong></span> <span class='ocrx_word' id='word_1_76' title='bbox 1215 1286 1315 1326; x_wconf 79' lang='lat' dir='ltr'><strong>Epig.</strong></span> <span class='ocrx_word' id='word_1_77' title='bbox 1331 1288 1386 1316; x_wconf 88' lang='grc'><strong>46.</strong></span> 
     </span>
     <span class='ocr_line' id='line_1_16' title="bbox 110 1336 1573 1377; baseline -0.002 -9"><span class='ocrx_word' id='word_1_78' title='bbox 110 1346 164 1368; x_wconf 84' lang='lat' dir='ltr'><strong>lx.</strong></span> <span class='ocrx_word' id='word_1_79' title='bbox 182 1337 280 1377; x_wconf 86' lang='lat' dir='ltr'><strong>Epig.</strong></span> <span class='ocrx_word' id='word_1_80' title='bbox 297 1340 349 1368; x_wconf 87' lang='grc'><strong>97.</strong></span> <span class='ocrx_word' id='word_1_81' title='bbox 396 1338 521 1368; x_wconf 84' lang='lat' dir='ltr'><strong>Sensus</strong></span> <span class='ocrx_word' id='word_1_82' title='bbox 553 1342 626 1368; x_wconf 89' lang='lat' dir='ltr'><strong>est:</strong></span> <span class='ocrx_word' id='word_1_83' title='bbox 667 1338 812 1368; x_wconf 67' lang='lat' dir='ltr'><strong>Moestus</strong></span> <span class='ocrx_word' id='word_1_84' title='bbox 911 1340 931 1368; x_wconf 83' lang='lat'>2</span> <span class='ocrx_word' id='word_1_85' title='bbox 954 1337 1062 1368; x_wconf 78' lang='lat' dir='ltr'><strong>Medio</strong></span> <span class='ocrx_word' id='word_1_86' title='bbox 1089 1336 1218 1376; x_wconf 74' lang='lat' dir='ltr'><strong>brumoe]</strong></span> <span class='ocrx_word' id='word_1_87' title='bbox 1264 1337 1342 1367; x_wconf 89' lang='lat' dir='ltr'><strong>Hoc</strong></span> <span class='ocrx_word' id='word_1_88' title='bbox 1366 1338 1431 1374; x_wconf 83' lang='lat' dir='ltr'><strong>est,</strong></span> <span class='ocrx_word' id='word_1_89' title='bbox 1457 1344 1573 1365; x_wconf 88' lang='lat' dir='ltr'><strong>mense</strong></span> 
     </span>
     <span class='ocr_line' id='line_1_17' title="bbox 110 1385 1574 1428; baseline -0.001 -10"><span class='ocrx_word' id='word_1_90' title='bbox 110 1388 190 1419; x_wconf 88' lang='lat' dir='ltr'><strong>mihi</strong></span> <span class='ocrx_word' id='word_1_91' title='bbox 208 1388 342 1418; x_wconf 87' lang='lat' dir='ltr'><strong>videtur</strong></span> <span class='ocrx_word' id='word_1_92' title='bbox 357 1386 609 1427; x_wconf 78' lang='lat' dir='ltr'><strong>Athenagoras,</strong></span> <span class='ocrx_word' id='word_1_93' title='bbox 624 1388 713 1428; x_wconf 85' lang='lat' dir='ltr'><strong>quod</strong></span> <span class='ocrx_word' id='word_1_94' title='bbox 730 1388 812 1418; x_wconf 84' lang='lat' dir='ltr'><strong>nihil</strong></span> <span class='ocrx_word' id='word_1_95' title='bbox 869 1387 1053 1419; x_wconf 86' lang='lat' dir='ltr'><strong>Decembri</strong></span> <span class='ocrx_word' id='word_1_96' title='bbox 1069 1400 1076 1420; x_wconf 91' lang='lat'>:</span> <span class='ocrx_word' id='word_1_97' title='bbox 1093 1387 1214 1418; x_wconf 79' lang='lat' dir='ltr'><strong>bruma</strong></span> <span class='ocrx_word' id='word_1_98' title='bbox 1227 1396 1307 1418; x_wconf 88' lang='lat' dir='ltr'><strong>vero</strong></span> <span class='ocrx_word' id='word_1_99' title='bbox 1318 1385 1488 1427; x_wconf 85' lang='lat' dir='ltr'><strong>significat</strong></span> <span class='ocrx_word' id='word_1_100' title='bbox 1499 1385 1574 1417; x_wconf 84' lang='lat' dir='ltr'><strong>dies</strong></span> 
     </span>
     <span class='ocr_line' id='line_1_18' title="bbox 111 1435 1574 1479; baseline -0.001 -11"><span class='ocrx_word' id='word_1_101' title='bbox 111 1437 155 1469; x_wconf 84' lang='lat' dir='ltr'><strong>ad</strong></span> <span class='ocrx_word' id='word_1_102' title='bbox 171 1447 224 1469; x_wconf 88' lang='lat' dir='ltr'><strong>me</strong></span> <span class='ocrx_word' id='word_1_103' title='bbox 241 1438 372 1469; x_wconf 84' lang='lat' dir='ltr'><strong>miserit</strong></span> <span class='ocrx_word' id='word_1_104' title='bbox 392 1439 618 1470; x_wconf 80' lang='lat' dir='ltr'><strong>Saturnalium</strong></span> <span class='ocrx_word' id='word_1_105' title='bbox 637 1444 812 1479; x_wconf 83' lang='lat' dir='ltr'><strong>tempore:</strong></span> <span class='ocrx_word' id='word_1_106' title='bbox 869 1438 997 1479; x_wconf 83' lang='lat' dir='ltr'><strong>hyemis</strong></span> <span class='ocrx_word' id='word_1_107' title='bbox 1016 1438 1244 1469; x_wconf 84' lang='lat' dir='ltr'><strong>brevissimos.</strong></span> <span class='ocrx_word' id='word_1_108' title='bbox 1289 1437 1411 1468; x_wconf 86' lang='lat' dir='ltr'><strong>Cicero</strong></span> <span class='ocrx_word' id='word_1_109' title='bbox 1428 1435 1470 1467; x_wconf 88' lang='lat' dir='ltr'><strong>de</strong></span> <span class='ocrx_word' id='word_1_110' title='bbox 1489 1437 1574 1467; x_wconf 87' lang='lat' dir='ltr'><strong>Nat.</strong></span> 
     </span>
     <span class='ocr_line' id='line_1_19' title="bbox 110 1487 1573 1530; baseline -0.001 -10"><span class='ocrx_word' id='word_1_111' title='bbox 110 1499 187 1530; x_wconf 81' lang='lat' dir='ltr'><strong>ego,</strong></span> <span class='ocrx_word' id='word_1_112' title='bbox 204 1489 311 1530; x_wconf 87' lang='lat' dir='ltr'><strong>inquit</strong></span> <span class='ocrx_word' id='word_1_113' title='bbox 332 1488 451 1528; x_wconf 66' lang='lat' dir='ltr'><strong>Poeta,</strong></span> <span class='ocrx_word' id='word_1_114' title='bbox 471 1490 587 1520; x_wconf 86' lang='lat' dir='ltr'><strong>nescio</strong></span> <span class='ocrx_word' id='word_1_115' title='bbox 605 1499 646 1519; x_wconf 89' lang='lat' dir='ltr'><strong>an</strong></span> <span class='ocrx_word' id='word_1_116' title='bbox 659 1499 739 1519; x_wconf 87' lang='lat' dir='ltr'><strong>vere</strong></span> <span class='ocrx_word' id='word_1_117' title='bbox 757 1489 814 1519; x_wconf 87' lang='lat' dir='ltr'><strong>do-</strong></span> <span class='ocrx_word' id='word_1_118' title='bbox 869 1490 976 1520; x_wconf 81' lang='lat' dir='ltr'><strong>Deor.</strong></span> <span class='ocrx_word' id='word_1_119' title='bbox 1003 1489 1059 1520; x_wconf 86' lang='lat' dir='ltr'><strong>lib.</strong></span> <span class='ocrx_word' id='word_1_120' title='bbox 1085 1498 1126 1519; x_wconf 80' lang='lat'><strong>11.</strong></span> <span class='ocrx_word' id='word_1_121' title='bbox 1172 1490 1181 1504; x_wconf 91' lang='lat'>‘</span> <span class='ocrx_word' id='word_1_122' title='bbox 1199 1488 1284 1518; x_wconf 84' lang='lat' dir='ltr'><strong>Solis</strong></span> <span class='ocrx_word' id='word_1_123' title='bbox 1309 1497 1483 1518; x_wconf 84' lang='lat' dir='ltr'><strong>accessum</strong></span> <span class='ocrx_word' id='word_1_124' title='bbox 1507 1487 1573 1518; x_wconf 83' lang='lat' dir='ltr'><strong>dis-</strong></span> 
     </span>
     <span class='ocr_line' id='line_1_20' title="bbox 113 1536 1552 1582; baseline -0.002 -11"><span class='ocrx_word' id='word_1_125' title='bbox 113 1541 194 1580; x_wconf 81' lang='lat' dir='ltr'><strong>leat,</strong></span> <span class='ocrx_word' id='word_1_126' title='bbox 210 1544 246 1571; x_wconf 90' lang='lat' dir='ltr'><strong>at</strong></span> <span class='ocrx_word' id='word_1_127' title='bbox 259 1549 322 1580; x_wconf 86' lang='lat' dir='ltr'><strong>ego</strong></span> <span class='ocrx_word' id='word_1_128' title='bbox 345 1548 424 1570; x_wconf 88' lang='lat' dir='ltr'><strong>vere</strong></span> <span class='ocrx_word' id='word_1_129' title='bbox 439 1539 538 1571; x_wconf 87' lang='lat' dir='ltr'><strong>doleo</strong></span> <span class='ocrx_word' id='word_1_130' title='bbox 555 1540 644 1581; x_wconf 79' lang='lat' dir='ltr'><strong>quod</strong></span> <span class='ocrx_word' id='word_1_131' title='bbox 660 1539 742 1569; x_wconf 86' lang='lat' dir='ltr'><strong>nihil</strong></span> <span class='ocrx_word' id='word_1_132' title='bbox 758 1548 813 1569; x_wconf 83' lang='lat' dir='ltr'><strong>ac·</strong></span> <span class='ocrx_word' id='word_1_133' title='bbox 867 1549 1070 1582; x_wconf 83' lang='lat' dir='ltr'><strong>cessumque</strong></span> <span class='ocrx_word' id='word_1_134' title='bbox 1084 1539 1210 1570; x_wconf 85' lang='lat' dir='ltr'><strong>brumis</strong></span> <span class='ocrx_word' id='word_1_135' title='bbox 1222 1537 1442 1579; x_wconf 86' lang='lat' dir='ltr'><strong>solstitiisque</strong></span> <span class='ocrx_word' id='word_1_136' title='bbox 1454 1536 1552 1568; x_wconf 86' lang='lat' dir='ltr'><strong>fieri.’</strong></span> 
     </span>
    </p>
   </div>
   <div class='ocr_carea' id='block_1_7' title="bbox 762 1717 907 1758">
    <p class='ocr_par' dir='ltr' id='par_1_10' title="bbox 762 1717 907 1758">
     <span class='ocr_line' id='line_1_21' title="bbox 762 1717 907 1758; baseline 0 0"><span class='ocrx_word' id='word_1_137' title='bbox 762 1717 907 1758; x_wconf 85' lang='lat' dir='ltr'><strong>XLII</strong></span> 
     </span>
    </p>
   </div>
   <div class='ocr_carea' id='block_1_8' title="bbox 635 1817 1040 1847">
    <p class='ocr_par' dir='ltr' id='par_1_11' title="bbox 635 1817 1040 1847">
     <span class='ocr_line' id='line_1_22' title="bbox 635 1817 1040 1847; baseline -0.002 0"><span class='ocrx_word' id='word_1_138' title='bbox 635 1817 703 1847; x_wconf 88' lang='lat' dir='ltr'><strong>AD</strong></span> <span class='ocrx_word' id='word_1_139' title='bbox 738 1817 1040 1847; x_wconf 81' lang='lat' dir='ltr'><strong>MATHONEM.</strong></span> 
     </span>
    </p>
   </div>
   <div class='ocr_carea' id='block_1_9' title="bbox 0 1114 5 1967">
    <p class='ocr_par' dir='ltr' id='par_1_12' title="bbox 0 1114 5 1967">
     <span class='ocr_line' id='line_1_23' title="bbox 0 1114 5 1967; baseline 0 0"><span class='ocrx_word' id='word_1_140' title='bbox 0 1114 5 1967; x_wconf 95' lang='lat' dir='ltr'><strong> </strong></span> 
     </span>
    </p>
   </div>
   <div class='ocr_carea' id='block_1_10' title="bbox 337 1894 1189 2081">
    <p class='ocr_par' dir='ltr' id='par_1_13' title="bbox 337 1894 1189 2081">
     <span class='ocr_line' id='line_1_24' title="bbox 340 1894 1098 1949; baseline -0.003 -13"><span class='ocrx_word' id='word_1_141' title='bbox 340 1896 390 1936; x_wconf 76' lang='lat' dir='ltr'><strong>Sl</strong></span> <span class='ocrx_word' id='word_1_142' title='bbox 415 1900 458 1936; x_wconf 87' lang='lat' dir='ltr'><strong>te</strong></span> <span class='ocrx_word' id='word_1_143' title='bbox 480 1896 683 1949; x_wconf 79' lang='lat' dir='ltr'><strong>sportula</strong></span> <span class='ocrx_word' id='word_1_144' title='bbox 705 1894 846 1948; x_wconf 84' lang='lat' dir='ltr'><strong>major</strong></span> <span class='ocrx_word' id='word_1_145' title='bbox 867 1894 921 1945; x_wconf 62' lang='lat' dir='ltr'><strong>ad</strong></span> <span class='ocrx_word' id='word_1_146' title='bbox 944 1894 1098 1934; x_wconf 83' lang='lat' dir='ltr'><strong>beatos</strong></span> 
     </span>
     <span class='ocr_line' id='line_1_25' title="bbox 337 1961 1125 2015; baseline -0.001 -12"><span class='ocrx_word' id='word_1_147' title='bbox 337 1962 441 2003; x_wconf 90' lang='lat' dir='ltr'><strong>Non</strong></span> <span class='ocrx_word' id='word_1_148' title='bbox 461 1964 715 2015; x_wconf 85' lang='lat' dir='ltr'><strong>corruperit,</strong></span> <span class='ocrx_word' id='word_1_149' title='bbox 737 1967 787 2003; x_wconf 88' lang='lat' dir='ltr'><strong>ut</strong></span> <span class='ocrx_word' id='word_1_150' title='bbox 807 1962 942 2013; x_wconf 85' lang='lat' dir='ltr'><strong>solet3</strong></span> <span class='ocrx_word' id='word_1_151' title='bbox 973 1961 1125 2003; x_wconf 86' lang='lat' dir='ltr'><strong>licebit</strong></span> 
     </span>
     <span class='ocr_line' id='line_1_26' title="bbox 338 2030 1189 2081; baseline -0.002 -9"><span class='ocrx_word' id='word_1_152' title='bbox 338 2030 409 2073; x_wconf 82' lang='lat' dir='ltr'><strong>De</strong></span> <span class='ocrx_word' id='word_1_153' title='bbox 431 2036 597 2080; x_wconf 86' lang='lat' dir='ltr'><strong>nostro,</strong></span> <span class='ocrx_word' id='word_1_154' title='bbox 624 2031 798 2081; x_wconf 79' lang='lat' dir='ltr'><strong>Matho,</strong></span> <span class='ocrx_word' id='word_1_155' title='bbox 821 2030 989 2071; x_wconf 85' lang='lat' dir='ltr'><strong>centies</strong></span> <span class='ocrx_word' id='word_1_156' title='bbox 1009 2030 1189 2071; x_wconf 80' lang='lat' dir='ltr'><strong>laveris.</strong></span> 
     </span>
    </p>
   </div>
   <div class='ocr_carea' id='block_1_11' title="bbox 111 2150 1571 2226">
    <p class='ocr_par' dir='ltr' id='par_1_14' title="bbox 111 2150 1571 2226">
     <span class='ocr_line' id='line_1_27' title="bbox 151 2150 1571 2225; baseline 0.001 -44"><span class='ocrx_word' id='word_1_157' title='bbox 151 2151 190 2182; x_wconf 82' lang='lat' dir='ltr'><strong>Si</strong></span> <span class='ocrx_word' id='word_1_158' title='bbox 204 2151 342 2224; x_wconf 58' lang='lat' dir='ltr'><strong>sppirtula</strong></span> <span class='ocrx_word' id='word_1_159' title='bbox 350 2150 455 2225; x_wconf 65' lang='lat' dir='ltr'>tmnjor</span> <span class='ocrx_word' id='word_1_160' title='bbox 471 2161 531 2182; x_wconf 82' lang='lat' dir='ltr'><strong>non</strong></span> <span class='ocrx_word' id='word_1_161' title='bbox 545 2154 576 2182; x_wconf 83' lang='lat' dir='ltr'><strong>te</strong></span> <span class='ocrx_word' id='word_1_162' title='bbox 591 2151 790 2182; x_wconf 79' lang='lat' dir='ltr'><strong>transtulerit</strong></span> <span class='ocrx_word' id='word_1_163' title='bbox 805 2152 845 2182; x_wconf 84' lang='lat' dir='ltr'><strong>ad</strong></span> <span class='ocrx_word' id='word_1_164' title='bbox 867 2151 992 2191; x_wconf 78' lang='lat' dir='ltr'><strong>divites,</strong></span> <span class='ocrx_word' id='word_1_165' title='bbox 1006 2153 1040 2181; x_wconf 81' lang='lat' dir='ltr'><strong>ut</strong></span> <span class='ocrx_word' id='word_1_166' title='bbox 1050 2150 1098 2192; x_wconf 85' lang='lat' dir='ltr'><strong>fit</strong></span> <span class='ocrx_word' id='word_1_167' title='bbox 1111 2162 1125 2189; x_wconf 91' lang='lat'><em>;</em></span> <span class='ocrx_word' id='word_1_168' title='bbox 1148 2160 1167 2182; x_wconf 92' lang='grc' dir='ltr'><strong><em>ο</em></strong></span> <span class='ocrx_word' id='word_1_169' title='bbox 1184 2150 1310 2190; x_wconf 76' lang='lat' dir='ltr'><strong>Matho,</strong></span> <span class='ocrx_word' id='word_1_170' title='bbox 1332 2151 1449 2191; x_wconf 83' lang='lat' dir='ltr'><strong>poteris</strong></span> <span class='ocrx_word' id='word_1_171' title='bbox 1467 2152 1571 2182; x_wconf 83' lang='lat' dir='ltr'><strong>lavare</strong></span> 
     </span>
     <span class='ocr_line' id='line_1_28' title="bbox 111 2195 412 2226; baseline 0.003 -2"><span class='ocrx_word' id='word_1_172' title='bbox 111 2195 226 2226; x_wconf 78' lang='lat' dir='ltr'><strong>centies</strong></span> <span class='ocrx_word' id='word_1_173' title='bbox 262 2205 278 2225; x_wconf 82' lang='lat' dir='ltr'><strong>e</strong></span> <span class='ocrx_word' id='word_1_174' title='bbox 293 2204 348 2225; x_wconf 83' lang='lat' dir='ltr'><strong>nos</strong></span> <span class='ocrx_word' id='word_1_175' title='bbox 366 2204 412 2225; x_wconf 89' lang='lat' dir='ltr'><strong>ro.</strong></span> 
     </span>
    </p>
   </div>
   <div class='ocr_carea' id='block_1_12' title="bbox 719 2246 959 2259">
    <p class='ocr_par' dir='ltr' id='par_1_15' title="bbox 719 2246 959 2259">
     <span class='ocr_line' id='line_1_29' title="bbox 719 2246 959 2259; baseline -0.004 0"><span class='ocrx_word' id='word_1_176' title='bbox 719 2246 959 2259; x_wconf 48' lang='lat' dir='ltr'><strong>uteoflmoee</strong></span> 
     </span>
    </p>
   </div>
   <div class='ocr_carea' id='block_1_13' title="bbox 151 2300 1430 2343">
    <p class='ocr_par' dir='ltr' id='par_1_16' title="bbox 151 2300 1430 2343">
     <span class='ocr_line' id='line_1_30' title="bbox 151 2300 1430 2343; baseline 0 -10"><span class='ocrx_word' id='word_1_177' title='bbox 151 2301 274 2343; x_wconf 84' lang='lat' dir='ltr'><strong>Neque</strong></span> <span class='ocrx_word' id='word_1_178' title='bbox 289 2301 323 2332; x_wconf 89' lang='lat' dir='ltr'><strong>in</strong></span> <span class='ocrx_word' id='word_1_179' title='bbox 336 2301 399 2332; x_wconf 90' lang='lat' dir='ltr'><strong>hoc</strong></span> <span class='ocrx_word' id='word_1_180' title='bbox 417 2300 670 2342; x_wconf 81' lang='lat' dir='ltr'><strong>Epigrammate</strong></span> <span class='ocrx_word' id='word_1_181' title='bbox 689 2300 870 2342; x_wconf 85' lang='lat' dir='ltr'><strong>quicquam</strong></span> <span class='ocrx_word' id='word_1_182' title='bbox 881 2300 1014 2332; x_wconf 78' lang='lat' dir='ltr'><strong>variant</strong></span> <span class='ocrx_word' id='word_1_183' title='bbox 1039 2301 1159 2342; x_wconf 81' lang='lat' dir='ltr'><strong>scripti</strong></span> <span class='ocrx_word' id='word_1_184' title='bbox 1182 2306 1241 2332; x_wconf 86' lang='lat' dir='ltr'><strong>aut</strong></span> <span class='ocrx_word' id='word_1_185' title='bbox 1259 2301 1430 2342; x_wconf 83' lang='lat' dir='ltr'><strong>impressi.</strong></span> 
     </span>
    </p>
   </div>
   <div class='ocr_carea' id='block_1_14' title="bbox 770 2388 913 2421">
    <p class='ocr_par' dir='ltr' id='par_1_17' title="bbox 770 2388 913 2421">
     <span class='ocr_line' id='line_1_31' title="bbox 770 2388 913 2421; baseline -0.007 0"><span class='ocrx_word' id='word_1_186' title='bbox 770 2388 913 2421; x_wconf 83' lang='lat' dir='ltr'>NOTAE</span> 
     </span>
    </p>
   </div>
   <div class='ocr_carea' id='block_1_15' title="bbox 111 2452 1573 2647">
    <p class='ocr_par' dir='ltr' id='par_1_18' title="bbox 111 2452 1573 2596">
     <span class='ocr_line' id='line_1_32' title="bbox 155 2452 1572 2495; baseline 0.003 -12"><span class='ocrx_word' id='word_1_187' title='bbox 155 2456 169 2483; x_wconf 83' lang='lat'><em>1</em></span> <span class='ocrx_word' id='word_1_188' title='bbox 194 2452 357 2494; x_wconf 83' lang='lat' dir='ltr'><strong>Sportula]</strong></span> <span class='ocrx_word' id='word_1_189' title='bbox 395 2453 451 2484; x_wconf 90' lang='lat' dir='ltr'><strong>De</strong></span> <span class='ocrx_word' id='word_1_190' title='bbox 482 2453 646 2484; x_wconf 85' lang='lat' dir='ltr'><strong>Mathone</strong></span> <span class='ocrx_word' id='word_1_191' title='bbox 684 2453 813 2493; x_wconf 81' lang='lat' dir='ltr'><strong>egimus</strong></span> <span class='ocrx_word' id='word_1_192' title='bbox 866 2454 1021 2494; x_wconf 85' lang='lat' dir='ltr'><strong>sportula</strong></span> <span class='ocrx_word' id='word_1_193' title='bbox 1036 2458 1173 2486; x_wconf 89' lang='lat' dir='ltr'><strong>centum</strong></span> <span class='ocrx_word' id='word_1_194' title='bbox 1198 2454 1426 2495; x_wconf 75' lang='lat' dir='ltr'><strong>quadrantum</strong></span> <span class='ocrx_word' id='word_1_195' title='bbox 1443 2455 1572 2495; x_wconf 82' lang='lat' dir='ltr'><strong>poteris</strong></span> 
     </span>
     <span class='ocr_line' id='line_1_33' title="bbox 111 2503 1571 2546; baseline 0.001 -12"><span class='ocrx_word' id='word_1_196' title='bbox 111 2503 167 2534; x_wconf 86' lang='lat' dir='ltr'><strong>lib.</strong></span> <span class='ocrx_word' id='word_1_197' title='bbox 186 2511 236 2534; x_wconf 81' lang='grc' dir='ltr'><strong>ιν.</strong></span> <span class='ocrx_word' id='word_1_198' title='bbox 266 2503 368 2544; x_wconf 80' lang='lat' dir='ltr'><strong>Epig.</strong></span> <span class='ocrx_word' id='word_1_199' title='bbox 382 2506 433 2536; x_wconf 89' lang='lat'><strong>80.</strong></span> <span class='ocrx_word' id='word_1_200' title='bbox 478 2504 531 2534; x_wconf 87' lang='lat' dir='ltr'><strong>De</strong></span> <span class='ocrx_word' id='word_1_201' title='bbox 551 2503 704 2545; x_wconf 83' lang='lat' dir='ltr'><strong>sportula</strong></span> <span class='ocrx_word' id='word_1_202' title='bbox 726 2503 814 2535; x_wconf 84' lang='lat' dir='ltr'><strong>dixi·</strong></span> <span class='ocrx_word' id='word_1_203' title='bbox 868 2510 904 2536; x_wconf 90' lang='lat' dir='ltr'><strong>et</strong></span> <span class='ocrx_word' id='word_1_204' title='bbox 921 2506 1050 2544; x_wconf 84' lang='lat' dir='ltr'><strong>lavare,</strong></span> <span class='ocrx_word' id='word_1_205' title='bbox 1063 2510 1166 2546; x_wconf 85' lang='lat' dir='ltr'><strong>atque</strong></span> <span class='ocrx_word' id='word_1_206' title='bbox 1179 2504 1337 2535; x_wconf 84' lang='lat' dir='ltr'><strong>abalneis</strong></span> <span class='ocrx_word' id='word_1_207' title='bbox 1351 2505 1571 2544; x_wconf 80' lang='lat' dir='ltr'><strong>coenare‚nisi</strong></span> 
     </span>
     <span class='ocr_line' id='line_1_34' title="bbox 112 2553 1573 2596; baseline 0.001 -11"><span class='ocrx_word' id='word_1_208' title='bbox 112 2563 185 2585; x_wconf 88' lang='lat' dir='ltr'><strong>mus</strong></span> <span class='ocrx_word' id='word_1_209' title='bbox 200 2553 260 2585; x_wconf 87' lang='lat' dir='ltr'><strong>lib.</strong></span> <span class='ocrx_word' id='word_1_210' title='bbox 278 2564 333 2586; x_wconf 88' lang='lat'><strong>111.</strong></span> <span class='ocrx_word' id='word_1_211' title='bbox 349 2555 450 2596; x_wconf 88' lang='lat' dir='ltr'><strong>Epig.</strong></span> <span class='ocrx_word' id='word_1_212' title='bbox 467 2558 499 2586; x_wconf 83' lang='lat'><strong>7.</strong></span> <span class='ocrx_word' id='word_1_213' title='bbox 866 2555 985 2586; x_wconf 88' lang='lat' dir='ltr'><strong>nidore</strong></span> <span class='ocrx_word' id='word_1_214' title='bbox 1006 2555 1140 2596; x_wconf 79' lang='lat' dir='ltr'><strong>majoris</strong></span> <span class='ocrx_word' id='word_1_215' title='bbox 1157 2555 1279 2586; x_wconf 77' lang='lat' dir='ltr'><strong>cuiinae.</strong></span> <span class='ocrx_word' id='word_1_216' title='bbox 1297 2555 1432 2587; x_wconf 90' lang='lat' dir='ltr'><strong>illectus</strong></span> <span class='ocrx_word' id='word_1_217' title='bbox 1448 2560 1483 2587; x_wconf 89' lang='lat' dir='ltr'><strong>et</strong></span> <span class='ocrx_word' id='word_1_218' title='bbox 1499 2565 1573 2587; x_wconf 81' lang='lat' dir='ltr'><strong>cor-</strong></span> 
     </span>
    </p>

    <p class='ocr_par' dir='ltr' id='par_1_19' title="bbox 154 2604 1277 2647">
     <span class='ocr_line' id='line_1_35' title="bbox 154 2604 1277 2647; baseline 0.003 -12"><span class='ocrx_word' id='word_1_219' title='bbox 154 2607 173 2635; x_wconf 86' lang='lat'><strong>3</strong></span> <span class='ocrx_word' id='word_1_220' title='bbox 198 2605 248 2636; x_wconf 89' lang='lat' dir='ltr'><strong>De</strong></span> <span class='ocrx_word' id='word_1_221' title='bbox 275 2605 394 2645; x_wconf 78' lang='lat' dir='ltr'><strong>nostro]</strong></span> <span class='ocrx_word' id='word_1_222' title='bbox 427 2606 504 2638; x_wconf 88' lang='lat' dir='ltr'><strong>Hoc</strong></span> <span class='ocrx_word' id='word_1_223' title='bbox 530 2610 594 2646; x_wconf 89' lang='lat' dir='ltr'><strong>est,</strong></span> <span class='ocrx_word' id='word_1_224' title='bbox 621 2604 664 2638; x_wconf 89' lang='lat' dir='ltr'><strong>de</strong></span> <span class='ocrx_word' id='word_1_225' title='bbox 695 2610 813 2637; x_wconf 88' lang='lat' dir='ltr'><strong>nostra</strong></span> <span class='ocrx_word' id='word_1_226' title='bbox 868 2612 990 2647; x_wconf 64' lang='lat' dir='ltr'><strong>ruptus.</strong></span> <span class='ocrx_word' id='word_1_227' title='bbox 1005 2606 1128 2638; x_wconf 87' lang='lat' dir='ltr'><strong>divites</strong></span> <span class='ocrx_word' id='word_1_228' title='bbox 1142 2606 1277 2638; x_wconf 83' lang='lat' dir='ltr'><strong>adieris.</strong></span> 
     </span>
    </p>
   </div>
   <div class='ocr_carea' id='block_1_16' title="bbox 523 244 1632 289">
    <p class='ocr_par' dir='ltr' id='par_1_20' title="bbox 523 244 1632 289">
     <span class='ocr_line' id='line_1_36' title="bbox 523 244 1632 289; baseline -0.004 0"><span class='ocrx_word' id='word_1_229' title='bbox 523 256 930 289; x_wconf 73' lang='lat' dir='ltr'><strong>EPIGRAMMATUM</strong></span> <span class='ocrx_word' id='word_1_230' title='bbox 968 257 1061 286; x_wconf 65' lang='lat' dir='ltr'><strong>niis.</strong></span> <span class='ocrx_word' id='word_1_231' title='bbox 1094 256 1199 286; x_wconf 84' lang='lat' dir='ltr'><strong>viii.</strong></span> <span class='ocrx_word' id='word_1_232' title='bbox 1486 244 1573 287; x_wconf 79' lang='lat'><strong>599</strong></span> <span class='ocrx_word' id='word_1_233' title='bbox 1625 278 1632 285; x_wconf 92' lang='lat'><strong>.</strong></span> 
     </span>
    </p>
   </div>
  </div>
 </body>
</html>
