1893 3225
259 230 344 271 662
708 238 755 267 M.
790 239 902 268 vAL.
938 238 1216 268 MAnTmms

259 335 373 383 Scis,
395 334 564 387 quoties
586 334 749 375 Phario
769 333 947 374 madeat
965 333 1081 374 Jove
1104 333 1230 374 fusca
1250 333 1393 387 Syene
1412 346 1422 373 :

316 402 432 451 Scis,
453 408 590 455 quota
609 402 663 443 de
683 402 851 455 Libyco
871 401 1019 442 littore
1041 401 1202 454 puppis
1224 403 1321 441 eat:

260 471 402 525 Cujus
423 471 561 512 Iuleae
584 471 721 523 capiti
741 472 976 510 nascantur
997 468 1150 518 olivae3

317 539 525 579 Destinet
546 538 761 579 aethereus
783 537 855 577 cui
876 549 958 576 sua
980 539 1096 575 serta
1117 540 1258 589 pater.
1662 537 1717 578 10

254 604 386 647 Tolle
408 609 509 646 tuas
530 610 661 655 artes,
680 604 812 645 hodie
835 603 1033 644 coenabis
1056 602 1172 656 apud
1194 616 1278 652 mc,

317 672 421 715 Hac
441 674 554 726 lege,
575 677 622 715 ut
642 686 792 714 narres
811 672 888 722 nil,
910 671 1178 720 Philomusc,
1199 670 1318 711 novi.

257 785 381 815 laurum
394 785 572 825 priusquam
587 785 702 816 veniat.
750 785 877 815 Naristi
898 784 1015 824 quoties
1030 783 1122 821 nigra
1143 782 1244 822 Syene
1262 781 1469 822 perfundatur
1486 782 1639 823 AEgyptia
1651 783 1721 822 plu-

256 828 326 859 via:
365 827 480 858 novisti
494 832 565 868 quot
580 838 671 858 nares
685 829 804 859 solvant
821 838 860 858 em
875 828 979 858 littore
994 827 1107 866 Libyco
1120 836 1128 856 .·
1166 826 1252 864 cnjus
1263 824 1361 865 capiti
1376 829 1545 856 nascantur
1557 826 1646 856 olii-(e
1661 825 1722 856 Ju-

255 871 333 907 leae;
349 872 398 901 cui
418 875 508 911 puter
523 871 672 902 (etherius
689 871 823 901 destinet
836 880 907 901 suns
922 879 1060 900 coronas.
1110 869 1233 899 Omitte
1248 871 1302 899 tua
1313 868 1461 910 artfflcia,
1479 868 1569 899 hodie
1588 868 1721 899 coenabis

256 915 340 954 apud
354 924 412 952 me,
425 925 459 945 eu
475 915 661 954 conditione,
677 924 696 945 o
716 914 905 953 philomuse,
916 917 950 944 ut
960 913 1038 943 nihil
1054 911 1124 943 novi
1138 911 1268 950 referas.

873 998 1106 1010 eeeeeeeeeeee

256 1056 402 1086 mundata
418 1054 525 1086 codex
541 1055 734 1086 Thuau.—--7
759 1053 830 1085 Scis
844 1055 964 1095 quoties
976 1063 1070 1094 parco
1086 1053 1210 1084 mandat
1226 1050 1434 1083 Beverlandi
1449 1051 1516 1083 Ms.

915 1140 1056 1172 NOTAE

297 1204 317 1232 7
342 1200 464 1232 Phario
475 1199 567 1240 Jove]
590 1199 728 1241 Jupiter
741 1200 885 1232 sumitur
898 1210 960 1241 pro
1016 1199 1169 1231 Ascanio
1183 1199 1388 1240 cognomine
1406 1200 1494 1239 Iulo,
1507 1200 1620 1232 AEneae
1637 1200 1720 1241 filio,

255 1252 366 1283 media
383 1251 470 1282 aeris
497 1252 649 1291 regione,
672 1261 714 1282 ex
739 1261 805 1293 qua
834 1251 961 1282 imbres
1016 1261 1036 1281 a
1061 1260 1127 1291 quo
1157 1255 1268 1281 ortum
1294 1259 1330 1281 se
1363 1250 1579 1291 praedicabat
1607 1251 1720 1284 Julius

256 1303 472 1334 emittuntur.
521 1302 624 1333 Fusca
655 1302 769 1342 Syene,
795 1312 813 1332 a
848 1302 961 1333 colore
1017 1301 1145 1332 Caesar.

254 1354 451 1385 incolarum.
495 1353 550 1384 De
566 1353 628 1383 hac
646 1353 729 1383 urbe
742 1353 802 1384 lib.
819 1362 844 1384 1.
862 1352 962 1394 Epig.
1060 1355 1100 1383 10
1123 1353 1286 1383 AEtherz'ns
1299 1353 1402 1393 puter]
1422 1352 1563 1393 Jupiter
1579 1353 1721 1395 Capito-

253 1408 306 1437 87.
352 1405 430 1435 Illic
449 1414 586 1445 perraro
603 1405 702 1445 pluit.
1016 1403 1117 1442 linus,
1132 1403 1186 1434 cui
1210 1408 1246 1434 et
1269 1403 1366 1434 ludos
1388 1403 1535 1435 instituit
1552 1405 1721 1437 Domitia-

303 1459 323 1486 9
347 1456 442 1486 Julvoe
454 1455 558 1495 olivoe]
584 1456 660 1485 Hoc
683 1460 745 1494 est,
761 1455 834 1486 Scis
858 1455 963 1486 nomi·
1014 1462 1088 1484 nus,
1126 1454 1309 1484 Suetonius
1332 1454 1364 1484 in
1381 1454 1579 1486 Domitiano
1595 1466 1669 1496 cap.
1687 1460 1718 1488 4.

252 1518 296 1539 na
309 1516 422 1537 eornm
455 1506 511 1547 qui
533 1506 566 1536 in
592 1505 866 1546 Quinquatribus
895 1506 961 1536 vic·
1061 1508 1096 1536 ll
1127 1505 1210 1535 Tolle
1226 1508 1297 1535 tuas
1312 1504 1410 1544 artes]
1448 1505 1535 1536 Nam
1559 1506 1658 1538 hodie
1685 1512 1719 1538 te

254 1562 346 1589 tores
383 1556 567 1588 coronandi
605 1561 683 1587 sunt
708 1566 726 1586 a
751 1556 959 1587 Domitiano.
1016 1555 1121 1587 invito
1139 1556 1332 1596 ealege‚ut
1348 1555 1460 1588 sileas,

254 1609 350 1640 Iulece
372 1617 508 1642 cormtae;
534 1607 596 1637 hoc
623 1612 686 1646 est,
711 1607 893 1646 Caesareae,
918 1607 959 1637 ab

851 1768 1061 1810 XXXV
1066 1769 1129 1810 ΙΙ.

264 1857 588 1895 COLLOQUIUM
626 1858 928 1889 GANYMEDIS
963 1859 1023 1888 ET
1055 1858 1194 1889 JOVIS
1228 1857 1388 1890 SUPER
1423 1858 1610 1889 EARINO
1646 1859 1705 1888 ET

644 1925 781 1955 ALIIS
818 1925 1090 1955 DOMITIANI
1126 1926 1324 1957 PUERIS.

251 1990 488 2033 VmERAT
510 1992 758 2034 Ausonium
782 1994 929 2047 posito
949 1994 1082 2035 modo
1104 1994 1225 2035 crine
1246 1995 1497 2036 ministrum

309 2060 462 2114 Phryx
482 2073 605 2114 puer,
627 2061 810 2102 alterius
833 2062 996 2112 gaudia
1015 2067 1121 2103 nota
1141 2061 1295 2104 Jovis:

292 2181 408 2223 Phryx
428 2192 506 2222 puer
528 2187 692 2224 aspexerat
705 2183 864 2222 famulum
889 2184 1063 2216 Ausonium
1087 2187 1174 2216 modo
1200 2186 1338 2227 deposita
1361 2195 1457 2225 coma,
1479 2185 1607 2216 delicias
1629 2189 1717 2216 notas

296 2322 348 2353 De
366 2321 545 2363 Ganymede
568 2327 599 2354 et
614 2325 692 2355 Jove
708 2325 888 2367 inscriptio
905 2331 958 2358 est
974 2327 1007 2358 in
1023 2327 1102 2358 edd.
1118 2330 1270 2359 vett.-4
1295 2326 1413 2359 Codex
1431 2326 1611 2358 Pulmanni
1631 2327 1717 2368 legit

292 2447 309 2476 1
334 2444 508 2477 Ausonium
550 2446 746 2489 ministrum]
790 2449 953 2491 Intellige
1050 2452 1192 2483 Alterius
1205 2452 1338 2492 gaudia]
1369 2452 1439 2482 Per
1462 2451 1714 2493 appositionem

249 2496 412 2529 Earinum
430 2495 472 2527 de
494 2507 560 2538 quo
584 2498 687 2539 Epig.
704 2502 755 2533 17.
773 2505 807 2532 et
825 2503 876 2532 18.
900 2511 952 2532 su-
1007 2508 1108 2534 vocat
1141 2503 1304 2534 Earinum
1341 2502 1485 2534 delicias
1512 2502 1716 2541 Domitiani,

247 2558 320 2590 pra.
377 2546 547 2578 Ausonius
586 2548 724 2589 dicitur,
752 2550 842 2592 quod
873 2551 953 2583 duci
1009 2563 1109 2595 quem
1130 2553 1203 2593 jam
1229 2554 1418 2594 appellavit
1447 2553 1582 2593 Jovem,
1613 2554 1714 2593 Epig.

247 2598 397 2630 Ausonio
444 2607 504 2628 seu
543 2598 742 2631 Domitiano
779 2601 837 2633 lib.
870 2612 952 2635 vm.
1006 2608 1059 2636 29.
1075 2615 1190 2645 supra.
1238 2604 1303 2635 Vei
1331 2603 1437 2636 refert
1453 2605 1622 2646 adipsum
1646 2605 1715 2637 Ga·

248 2650 348 2691 Epig.
364 2653 418 2682 21.
433 2650 593 2682 serviret.
1008 2655 1188 2697 nymcdeui
1208 2655 1350 2686 delicias
1374 2656 1515 2687 alterius
1531 2655 1642 2696 Jovis,
1658 2655 1713 2687 cui

290 2704 311 2733 2
333 2701 449 2742 Phryx
476 2701 569 2742 puer]
613 2702 831 2744 Ganymedes
868 2704 953 2737 vidit
1007 2707 1244 2739 Domitianum
1259 2705 1423 2746 praeferre
1442 2705 1591 2737 videtur.

248 2751 411 2784 Earinum
430 2757 577 2791 tonsum,
593 2757 629 2785 et
651 2753 752 2794 petiit
770 2764 789 2785 a
811 2755 898 2787 Jove
913 2760 952 2786 ut
1050 2760 1068 2788 3
1094 2756 1156 2788 Suo
1173 2756 1300 2798 ephebo]
1328 2756 1404 2789 Hoc
1426 2761 1478 2788 est
1503 2756 1624 2798 puberi
1649 2757 1713 2788 Ea-

246 2803 308 2835 sibi
325 2803 455 2845 pariter
471 2803 592 2836 liceret
608 2804 780 2846 deponere
797 2806 951 2847 capillos.
1007 2809 1091 2839 rino.
