1893 3225
245 210 329 250 67&
725 217 774 246 M.
807 216 920 246 vAL.
954 215 1230 247 MART-mnis

811 468 877 497 AD
913 466 1164 496 FLACCUM.

252 534 387 574 Li'CE
409 536 769 589 propinquorum,
793 550 881 589 qua
903 535 1093 589 plurima
1114 535 1305 577 mittitur
1326 536 1434 585 ales,

315 603 429 643 Dum
448 602 596 644 Stellae
621 604 789 654 turdos,
811 605 913 645 dum
935 604 1030 653 tibi,
1057 603 1237 653 Flacce,
1259 617 1384 658 paro,

254 671 479 711 Succurrit
499 672 628 712 nobis
648 672 797 724 ingens
819 684 1091 724 onerosaque
1113 673 1271 723 turba3

317 739 368 779 In
391 752 477 793 qua
498 753 546 780 se
568 741 759 793 primum
780 741 968 794 quisque
988 753 1225 794 meumque
1247 744 1388 794 putat.

256 806 539 848 Demeruisse
562 808 691 858 duos,
713 814 862 849 votum
886 813 981 849 est:
1012 807 1233 849 offendere
1254 808 1422 861 plures,
1686 820 1715 848 o

311 875 405 916 Vix
427 880 563 917 tutum
582 890 591 917 ε
624 877 774 918 multis
796 877 966 917 mittere
988 876 1121 926 dona,
1144 889 1276 929 grave
1294 881 1374 917 est.

256 944 358 994 Qua
378 958 563 999 possum
585 946 682 986 sola
700 946 873 986 veniam
891 945 1061 986 ratione
1082 945 1279 985 merebor
1296 958 1306 985 z

312 1011 411 1054 Nec
433 1012 583 1054 Stellae
606 1013 770 1063 turdos,
791 1026 874 1054 nec
898 1014 995 1062 tibi,
1021 1012 1201 1062 Flacce,
1222 1013 1356 1053 dabo.

298 1124 330 1155 Ο
350 1123 473 1161 Flacce,
486 1125 559 1154 ‹1an
574 1123 645 1161 tibi,
660 1124 735 1154 dum
747 1123 854 1155 Stelloe
868 1133 1011 1164 proeparo
1027 1124 1136 1154 turdos
1151 1124 1202 1154 die
1214 1123 1468 1165 propinquorum,
1479 1132 1537 1163 quo
1552 1122 1721 1153 mittuntur

258 1167 363 1197 maltae
378 1177 461 1205 aves,
481 1166 574 1197 turba
600 1167 721 1206 ingens,
744 1171 774 1198 et
797 1168 924 1198 molesta
943 1177 976 1197 se
990 1167 1086 1208 offert
1102 1167 1201 1207 nobis,
1224 1167 1258 1197 in
1283 1177 1342 1206 qua
1357 1166 1485 1206 quisque
1511 1165 1675 1197 existimat
1689 1175 1722 1196 se

255 1212 404 1250 primum,
429 1214 459 1240 et
475 1219 575 1240 meum
592 1215 786 1249 cognatum.
833 1212 916 1250 Opto
933 1210 1007 1241 bene
1019 1211 1131 1241 mereri
1147 1211 1185 1240 de
1199 1210 1333 1240 duobus.-
1357 1211 1413 1239 vix
1427 1212 1527 1240 tutum
1543 1213 1595 1239 est
1611 1210 1723 1239 Iaedere

257 1255 369 1284 mullos
379 1264 389 1283 .-
414 1253 572 1284 molestum
596 1262 678 1284 vero
702 1254 827 1284 mittere
850 1263 978 1284 munera
1000 1253 1154 1293 pluribus.
1199 1253 1347 1284 Illerebor
1368 1253 1490 1282 veniam
1515 1251 1579 1282 sola
1601 1250 1724 1282 ratione

257 1308 316 1336 qua
330 1306 471 1337 possum:
496 1307 515 1328 ο
534 1296 656 1336 flacce,
668 1306 722 1327 nec
737 1297 808 1336 tibi,
820 1307 874 1328 nec
890 1296 996 1327 Stellae
1012 1295 1128 1327 donabo
1144 1297 1262 1327 turdos.

918 1370 1131 1382 ooaeoeeoene
1137 1371 1153 1381 e

302 1416 432 1446 Omnes
443 1414 651 1446 membranae
668 1419 704 1445 et
716 1413 800 1446 libb.
814 1415 886 1445 sive
903 1415 996 1456 typis
1009 1414 1179 1455 impressi,
1196 1413 1267 1445 sive
1279 1413 1410 1452 excusi,
1429 1412 1462 1443 in
1479 1413 1542 1443 hoc
1557 1412 1724 1453 epigram-

257 1465 349 1490 mate
366 1458 502 1490 omnino
518 1457 748 1489 consentiunt.

922 1501 953 1532 N
959 1500 1062 1532 OTAE

305 1570 319 1596 l
351 1566 432 1596 Luce
448 1564 703 1606 propinquorum]
731 1564 820 1595 Vide
837 1574 965 1605 praece-
1063 1567 1083 1596 2
1107 1565 1194 1596 Dum
1217 1564 1341 1604 Stellae]
1366 1563 1488 1595 Poetae
1506 1562 1549 1594 de
1574 1573 1640 1604 quo
1666 1562 1726 1594 lib.

261 1618 343 1647 dens
371 1615 602 1656 Epigramma.
626 1615 682 1645 De
697 1615 866 1645 charistiis
884 1615 966 1646 Ovi·
1022 1624 1047 1645 1.
1062 1614 1204 1655 Epig.8.
1250 1614 1393 1645 Flaccus
1408 1623 1490 1644 vero
1509 1612 1613 1653 poeta
1623 1613 1727 1653 scrip-

262 1669 337 1698 dius
351 1666 410 1698 lib.
424 1676 449 1697 1.
475 1666 668 1696 Fastorum:
687 1666 696 1682 ‘
710 1665 873 1697 Proxima
889 1676 968 1707 cog·
1023 1666 1068 1696 sit
1082 1664 1328 1705 Argonautica,
1340 1664 1399 1695 lib.
1412 1673 1436 1694 1.
1452 1663 1553 1704 Epig.
1569 1666 1624 1694 77.

261 1719 333 1750 nati
349 1717 468 1748 dixere
485 1716 645 1748 charistia
657 1716 739 1753 cari,
754 1716 800 1747 Et
817 1717 911 1748 venit
926 1716 968 1747 ad
1067 1719 1087 1746 8
1112 1716 1181 1747 Nec
1195 1714 1322 1755 Stellae]
1354 1715 1401 1746 Ut
1418 1715 1528 1745 nullus
1545 1723 1730 1755 conquera-

264 1770 376 1802 socios
393 1768 495 1800 turba
514 1766 705 1808 propinqua
722 1767 843 1799 Deos!
1026 1772 1103 1798 tur:
1128 1767 1177 1798 sic
1189 1765 1314 1798 festive
1329 1776 1364 1797 se
1382 1771 1524 1797 excusat
1539 1765 1662 1797 Poeta.

914 1922 1067 1964 LVII.

767 2015 830 2044 DE
864 2014 1244 2044 SPENDOPHORO.

266 2084 670 2124 SPENDOPHORUS
694 2083 886 2138 Libycas
908 2084 1076 2125 domini
1098 2084 1208 2138 petit
1229 2082 1420 2136 armiger
1438 2081 1572 2123 urbes
1591 2094 1600 2120 ε

325 2151 439 2202 Quae
462 2165 597 2206 puero
620 2152 773 2201 dones,
795 2153 898 2201 tela,
922 2151 1116 2206 Cupido,
1139 2164 1273 2205 para:

270 2220 355 2261 Illa
377 2220 537 2273 quibus
552 2220 741 2274 juvenes
761 2219 875 2272 figis,
898 2220 1143 2273 mollesque
1166 2218 1361 2272 puellas:

326 2289 394 2330 Sit
414 2295 560 2329 tamen
578 2290 620 2330 in
641 2293 790 2329 tenera
804 2289 917 2329 levis
935 2293 977 2330 et
993 2288 1124 2329 hasta
1143 2299 1290 2328 manu.

271 2358 476 2398 Loricam
499 2357 797 2410 clypeumque
813 2356 893 2398 tibi
914 2356 1179 2409 galeamque
1200 2354 1372 2395 remitto
1392 2366 1400 2393 :
1711 2363 1740 2394 o

329 2426 470 2467 Tutus
491 2429 537 2466 ut
557 2424 743 2465 invadat
765 2425 937 2478 praelia,
959 2424 1104 2465 nudus
1127 2430 1210 2464 eat.

320 2547 571 2589 Splendophorus
585 2546 724 2585 armiger
739 2546 855 2576 domim*
875 2546 1084 2588 proficiscitur
1098 2545 1133 2576 in
1148 2545 1238 2575 urbes
1253 2543 1396 2581 Africoe:
1420 2553 1440 2573 o
1466 2541 1600 2583 Cupido,
1625 2542 1741 2572 adorna

280 2594 342 2623 tela
358 2602 425 2632 (μα’
441 2592 494 2621 des
514 2599 628 2630 puero:
649 2589 705 2619 illu
727 2589 836 2629 quibus
862 2590 949 2620 loedis
966 2589 1108 2629 juvenes,
1131 2592 1159 2619 et
1187 2588 1324 2626 virgines
1351 2590 1484 2617 teneras.
1530 2585 1742 2615 Nihilominus

281 2636 391 2666 habeut
414 2634 508 2665 etiam
523 2637 662 2664 teneram
676 2632 798 2663 hastam
810 2633 844 2662 in
861 2631 971 2663 blanda
985 2643 1090 2663 manu.
1135 2631 1188 2663 Ad
1200 2634 1231 2661 te
1252 2630 1376 2661 remitto
1400 2629 1538 2669 thoraca,
1559 2630 1689 2667 scutum,
1711 2631 1742 2657 et

886 2705 1127 2716 moe

320 2758 335 2784 i
366 2752 513 2792 Domini]
535 2751 738 2792 Domitiani,
754 2756 795 2784 ut
810 2752 979 2793 interpre-
1076 2753 1096 2781 G
1120 2750 1232 2781 Nudus
1256 2748 1321 2789 eat]
1344 2749 1468 2779 Forma
1495 2746 1620 2778 eximia
1635 2755 1654 2777 a
1670 2746 1740 2776 vul-

276 2811 391 2838 mutiu-
413 2813 530 2836 omnes
545 2804 765 2845 interpretes.
1035 2800 1174 2832 neribus
1197 2801 1292 2832 illum
1309 2798 1470 2831 tuebitur.
