<?xml version="1.0" encoding="UTF-8"?>
<!DOCTYPE html PUBLIC "-//W3C//DTD XHTML 1.0 Transitional//EN"
    "http://www.w3.org/TR/xhtml1/DTD/xhtml1-transitional.dtd">
<html xmlns="http://www.w3.org/1999/xhtml" xml:lang="en" lang="en">
 <head>
  <title>
</title>
<meta http-equiv="Content-Type" content="text/html;charset=utf-8" />
  <meta name='ocr-system' content='tesseract 3.04.00' />
  <meta name='ocr-capabilities' content='ocr_page ocr_carea ocr_par ocr_line ocrx_word'/>
</head>
<body>
  <div class='ocr_page' id='page_1' title='image "./epigrammataexedi02martuoft_0369.png"; bbox 0 0 1893 3225; ppageno 0'>
   <div class='ocr_carea' id='block_1_1' title="bbox 0 0 35 2391">
    <p class='ocr_par' dir='ltr' id='par_1_1' title="bbox 0 0 35 2391">
     <span class='ocr_line' id='line_1_1' title="bbox 0 0 35 2391; baseline 0 0"><span class='ocrx_word' id='word_1_1' title='bbox 0 0 35 2391; x_wconf 95' lang='lat' dir='ltr'>    </span> 
     </span>
    </p>
   </div>
   <div class='ocr_carea' id='block_1_2' title="bbox 27 571 31 633">
    <p class='ocr_par' dir='ltr' id='par_1_2' title="bbox 27 571 31 633">
     <span class='ocr_line' id='line_1_2' title="bbox 27 571 31 633; baseline 0 0"><span class='ocrx_word' id='word_1_2' title='bbox 27 571 31 633; x_wconf 93' lang='grc' dir='ltr'>Ι</span> 
     </span>
    </p>
   </div>
   <div class='ocr_carea' id='block_1_3' title="bbox 22 270 35 1214">
    <p class='ocr_par' dir='ltr' id='par_1_3' title="bbox 22 270 35 1214">
     <span class='ocr_line' id='line_1_3' title="bbox 22 270 35 1214; baseline 0 0"><span class='ocrx_word' id='word_1_3' title='bbox 22 270 35 1214; x_wconf 95' lang='lat' dir='ltr'> </span> 
     </span>
    </p>
   </div>
   <div class='ocr_carea' id='block_1_4' title="bbox 9 1381 23 2653">
    <p class='ocr_par' dir='ltr' id='par_1_4' title="bbox 9 1381 23 2653">
     <span class='ocr_line' id='line_1_4' title="bbox 9 1381 23 2653; baseline 0 0"><span class='ocrx_word' id='word_1_4' title='bbox 9 1381 23 2653; x_wconf 95' lang='lat' dir='ltr'> </span> 
     </span>
    </p>
   </div>
   <div class='ocr_carea' id='block_1_5' title="bbox 509 228 1565 270">
    <p class='ocr_par' dir='ltr' id='par_1_5' title="bbox 509 228 1565 270">
     <span class='ocr_line' id='line_1_5' title="bbox 509 228 1565 270; baseline 0 -2"><span class='ocrx_word' id='word_1_5' title='bbox 509 239 911 269; x_wconf 64' lang='grc' dir='ltr'>ιενιοηΑΜΜΑΤωι</span> <span class='ocrx_word' id='word_1_6' title='bbox 952 239 1043 268; x_wconf 75' lang='lat' dir='ltr'>mu.</span> <span class='ocrx_word' id='word_1_7' title='bbox 1081 239 1149 270; x_wconf 78' lang='lat' dir='ltr'>xi.</span> <span class='ocrx_word' id='word_1_8' title='bbox 1482 228 1565 269; x_wconf 66' lang='lat'>857</span> 
     </span>
    </p>
   </div>
   <div class='ocr_carea' id='block_1_6' title="bbox 671 376 987 498">
    <p class='ocr_par' dir='ltr' id='par_1_6' title="bbox 671 376 987 498">
     <span class='ocr_line' id='line_1_6' title="bbox 685 376 983 420; baseline -0.003 -1"><span class='ocrx_word' id='word_1_9' title='bbox 685 376 983 420; x_wconf 88' lang='lat' dir='ltr'><strong>LXXXIX.</strong></span> 
     </span>
     <span class='ocr_line' id='line_1_7' title="bbox 671 468 987 498; baseline -0.006 0"><span class='ocrx_word' id='word_1_10' title='bbox 671 470 700 498; x_wconf 80' lang='lat' dir='ltr'><strong>A</strong></span> <span class='ocrx_word' id='word_1_11' title='bbox 710 470 738 498; x_wconf 91' lang='lat' dir='ltr'>D</span> <span class='ocrx_word' id='word_1_12' title='bbox 772 468 930 498; x_wconf 75' lang='lat' dir='ltr'><strong>POLLA</strong></span> <span class='ocrx_word' id='word_1_13' title='bbox 940 468 987 497; x_wconf 86' lang='lat' dir='ltr'>M.</span> 
     </span>
    </p>
   </div>
   <div class='ocr_carea' id='block_1_7' title="bbox 101 535 1218 646">
    <p class='ocr_par' dir='ltr' id='par_1_7' title="bbox 101 535 1218 646">
     <span class='ocr_line' id='line_1_8' title="bbox 101 535 1218 591; baseline 0 -15"><span class='ocrx_word' id='word_1_14' title='bbox 101 535 354 577; x_wconf 59' lang='lat' dir='ltr'>Iuncus</span> <span class='ocrx_word' id='word_1_15' title='bbox 378 548 512 591; x_wconf 84' lang='lat' dir='ltr'>quare</span> <span class='ocrx_word' id='word_1_16' title='bbox 533 536 669 577; x_wconf 84' lang='lat' dir='ltr'>mittis</span> <span class='ocrx_word' id='word_1_17' title='bbox 692 535 811 585; x_wconf 89' lang='lat' dir='ltr'>mihi,</span> <span class='ocrx_word' id='word_1_18' title='bbox 835 535 979 585; x_wconf 86' lang='lat' dir='ltr'>Polla,</span> <span class='ocrx_word' id='word_1_19' title='bbox 1002 536 1218 576; x_wconf 66' lang='lat' dir='ltr'>coronas?</span> 
     </span>
     <span class='ocr_line' id='line_1_9' title="bbox 158 603 929 646; baseline -0.001 -2"><span class='ocrx_word' id='word_1_20' title='bbox 158 603 198 644; x_wconf 87' lang='lat' dir='ltr'><strong>A</strong></span> <span class='ocrx_word' id='word_1_21' title='bbox 219 608 260 646; x_wconf 87' lang='lat' dir='ltr'>te</span> <span class='ocrx_word' id='word_1_22' title='bbox 282 607 466 645; x_wconf 81' lang='lat' dir='ltr'>vexatas</span> <span class='ocrx_word' id='word_1_23' title='bbox 487 604 604 644; x_wconf 86' lang='lat' dir='ltr'>malo</span> <span class='ocrx_word' id='word_1_24' title='bbox 624 609 770 644; x_wconf 88' lang='lat' dir='ltr'>tenere</span> <span class='ocrx_word' id='word_1_25' title='bbox 791 615 929 644; x_wconf 84' lang='lat' dir='ltr'>rosas.</span> 
     </span>
    </p>
   </div>
   <div class='ocr_carea' id='block_1_8' title="bbox 143 713 1562 754">
    <p class='ocr_par' dir='ltr' id='par_1_8' title="bbox 143 713 1562 754">
     <span class='ocr_line' id='line_1_10' title="bbox 143 713 1562 754; baseline 0 -11"><span class='ocrx_word' id='word_1_26' title='bbox 143 714 174 744; x_wconf 86' lang='grc' dir='ltr'><strong>Ο</strong></span> <span class='ocrx_word' id='word_1_27' title='bbox 194 715 298 754; x_wconf 79' lang='lat' dir='ltr'>Polla,</span> <span class='ocrx_word' id='word_1_28' title='bbox 322 724 376 745; x_wconf 78' lang='lat' dir='ltr'>ctu·</span> <span class='ocrx_word' id='word_1_29' title='bbox 393 715 493 746; x_wconf 63' lang='lat' dir='ltr'>’inillis</span> <span class='ocrx_word' id='word_1_30' title='bbox 505 715 545 745; x_wconf 82' lang='lat' dir='ltr'>ad</span> <span class='ocrx_word' id='word_1_31' title='bbox 562 724 608 745; x_wconf 85' lang='lat' dir='ltr'>me</span> <span class='ocrx_word' id='word_1_32' title='bbox 633 715 767 746; x_wconf 71' lang='lat' dir='ltr'>intactas</span> <span class='ocrx_word' id='word_1_33' title='bbox 782 713 932 746; x_wconf 79' lang='lat' dir='ltr'>coronas?</span> <span class='ocrx_word' id='word_1_34' title='bbox 959 715 1046 746; x_wconf 82' lang='lat' dir='ltr'>Malo</span> <span class='ocrx_word' id='word_1_35' title='bbox 1064 718 1166 746; x_wconf 78' lang='lat' dir='ltr'>tenere</span> <span class='ocrx_word' id='word_1_36' title='bbox 1181 724 1267 745; x_wconf 78' lang='lat' dir='ltr'>rosas</span> <span class='ocrx_word' id='word_1_37' title='bbox 1283 715 1469 745; x_wconf 66' lang='lat' dir='ltr'>attrectatas</span> <span class='ocrx_word' id='word_1_38' title='bbox 1486 723 1503 743; x_wconf 78' lang='lat' dir='ltr'>a</span> <span class='ocrx_word' id='word_1_39' title='bbox 1520 716 1562 743; x_wconf 71' lang='lat' dir='ltr'>te.</span> 
     </span>
    </p>
   </div>
   <div class='ocr_carea' id='block_1_9' title="bbox 764 796 903 829">
    <p class='ocr_par' dir='ltr' id='par_1_9' title="bbox 764 796 903 829">
     <span class='ocr_line' id='line_1_11' title="bbox 764 796 903 829; baseline 0 -1"><span class='ocrx_word' id='word_1_40' title='bbox 764 797 794 828; x_wconf 91' lang='lat' dir='ltr'>N</span> <span class='ocrx_word' id='word_1_41' title='bbox 801 796 903 829; x_wconf 78' lang='lat' dir='ltr'>OTAE</span> 
     </span>
    </p>
   </div>
   <div class='ocr_carea' id='block_1_10' title="bbox 97 860 1369 953">
    <p class='ocr_par' dir='ltr' id='par_1_10' title="bbox 97 860 1369 953">
     <span class='ocr_line' id='line_1_12' title="bbox 140 860 1369 902; baseline -0.002 -9"><span class='ocrx_word' id='word_1_42' title='bbox 140 866 159 893; x_wconf 79' lang='lat'><strong>2</strong></span> <span class='ocrx_word' id='word_1_43' title='bbox 184 863 211 893; x_wconf 75' lang='lat' dir='ltr'><strong><em>A</em></strong></span> <span class='ocrx_word' id='word_1_44' title='bbox 231 866 261 893; x_wconf 81' lang='lat' dir='ltr'>te</span> <span class='ocrx_word' id='word_1_45' title='bbox 283 861 426 901; x_wconf 69' lang='lat' dir='ltr'>vexatas]</span> <span class='ocrx_word' id='word_1_46' title='bbox 461 862 504 892; x_wconf 82' lang='lat' dir='ltr'>Et</span> <span class='ocrx_word' id='word_1_47' title='bbox 530 867 604 892; x_wconf 77' lang='lat' dir='ltr'>tuas</span> <span class='ocrx_word' id='word_1_48' title='bbox 619 870 736 892; x_wconf 83' lang='lat' dir='ltr'>manus</span> <span class='ocrx_word' id='word_1_49' title='bbox 750 871 799 892; x_wconf 83' lang='lat' dir='ltr'>re·</span> <span class='ocrx_word' id='word_1_50' title='bbox 857 862 956 892; x_wconf 77' lang='lat' dir='ltr'>tactis</span> <span class='ocrx_word' id='word_1_51' title='bbox 974 860 1054 892; x_wconf 83' lang='lat' dir='ltr'>mibi</span> <span class='ocrx_word' id='word_1_52' title='bbox 1074 860 1240 902; x_wconf 76' lang='lat' dir='ltr'>gratiores</span> <span class='ocrx_word' id='word_1_53' title='bbox 1260 864 1369 890; x_wconf 79' lang='lat' dir='ltr'>erunt.</span> 
     </span>
     <span class='ocr_line' id='line_1_13' title="bbox 97 912 799 953; baseline -0.003 -10"><span class='ocrx_word' id='word_1_54' title='bbox 97 913 251 944; x_wconf 78' lang='lat' dir='ltr'><strong>dolentes</strong></span> <span class='ocrx_word' id='word_1_55' title='bbox 285 923 368 944; x_wconf 87' lang='lat' dir='ltr'>rosae</span> <span class='ocrx_word' id='word_1_56' title='bbox 396 912 590 943; x_wconf 69' lang='lat' dir='ltr'>recentibus</span> <span class='ocrx_word' id='word_1_57' title='bbox 619 917 718 953; x_wconf 79' lang='lat' dir='ltr'>atque</span> <span class='ocrx_word' id='word_1_58' title='bbox 752 912 799 941; x_wconf 88' lang='lat' dir='ltr'>iu—</span> 
     </span>
    </p>
   </div>
   <div class='ocr_carea' id='block_1_11' title="bbox 596 1137 1060 1168">
    <p class='ocr_par' dir='ltr' id='par_1_11' title="bbox 596 1137 1060 1168">
     <span class='ocr_line' id='line_1_14' title="bbox 596 1137 1060 1168; baseline 0.004 -2"><span class='ocrx_word' id='word_1_59' title='bbox 596 1138 643 1166; x_wconf 80' lang='grc' dir='ltr'>ΙΝ</span> <span class='ocrx_word' id='word_1_60' title='bbox 682 1137 1060 1168; x_wconf 75' lang='lat' dir='ltr'><strong>CHRESTILhUM.</strong></span> 
     </span>
    </p>
   </div>
   <div class='ocr_carea' id='block_1_12' title="bbox 91 1204 1321 1737">
    <p class='ocr_par' dir='ltr' id='par_1_12' title="bbox 95 1204 1321 1327">
     <span class='ocr_line' id='line_1_15' title="bbox 95 1204 1321 1258; baseline -0.002 -13"><span class='ocrx_word' id='word_1_61' title='bbox 95 1205 162 1245; x_wconf 65' lang='lat' dir='ltr'>CA</span> <span class='ocrx_word' id='word_1_62' title='bbox 176 1216 337 1246; x_wconf 70' lang='lat' dir='ltr'>RMINA</span> <span class='ocrx_word' id='word_1_63' title='bbox 359 1205 480 1246; x_wconf 83' lang='lat' dir='ltr'>nulla</span> <span class='ocrx_word' id='word_1_64' title='bbox 501 1205 677 1258; x_wconf 84' lang='lat' dir='ltr'>probas,</span> <span class='ocrx_word' id='word_1_65' title='bbox 700 1204 826 1245; x_wconf 89' lang='lat' dir='ltr'>molli</span> <span class='ocrx_word' id='word_1_66' title='bbox 847 1218 948 1258; x_wconf 84' lang='lat' dir='ltr'>quae</span> <span class='ocrx_word' id='word_1_67' title='bbox 967 1204 1107 1245; x_wconf 86' lang='lat' dir='ltr'>limite</span> <span class='ocrx_word' id='word_1_68' title='bbox 1131 1207 1321 1250; x_wconf 83' lang='lat' dir='ltr'>currunt,</span> 
     </span>
     <span class='ocr_line' id='line_1_16' title="bbox 152 1272 1229 1327; baseline -0.002 -13"><span class='ocrx_word' id='word_1_69' title='bbox 152 1274 239 1315; x_wconf 88' lang='lat' dir='ltr'>Sed</span> <span class='ocrx_word' id='word_1_70' title='bbox 262 1287 362 1327; x_wconf 81' lang='lat' dir='ltr'>quae</span> <span class='ocrx_word' id='word_1_71' title='bbox 382 1286 460 1327; x_wconf 90' lang='lat' dir='ltr'>per</span> <span class='ocrx_word' id='word_1_72' title='bbox 477 1273 690 1323; x_wconf 80' lang='lat' dir='ltr'>salebras,</span> <span class='ocrx_word' id='word_1_73' title='bbox 712 1272 892 1326; x_wconf 83' lang='lat' dir='ltr'>altaque</span> <span class='ocrx_word' id='word_1_74' title='bbox 913 1285 1027 1313; x_wconf 82' lang='lat' dir='ltr'>saxa</span> <span class='ocrx_word' id='word_1_75' title='bbox 1049 1272 1229 1314; x_wconf 84' lang='lat' dir='ltr'>cadunt.</span> 
     </span>
    </p>

    <p class='ocr_par' dir='ltr' id='par_1_13' title="bbox 93 1339 1252 1463">
     <span class='ocr_line' id='line_1_17' title="bbox 93 1339 1157 1394; baseline -0.001 -12"><span class='ocrx_word' id='word_1_76' title='bbox 93 1341 151 1384; x_wconf 88' lang='lat' dir='ltr'>Et</span> <span class='ocrx_word' id='word_1_77' title='bbox 171 1342 251 1384; x_wconf 89' lang='lat' dir='ltr'>tibi</span> <span class='ocrx_word' id='word_1_78' title='bbox 275 1342 474 1383; x_wconf 76' lang='lat' dir='ltr'>Maeonio</span> <span class='ocrx_word' id='word_1_79' title='bbox 494 1354 563 1382; x_wconf 87' lang='lat' dir='ltr'>res</span> <span class='ocrx_word' id='word_1_80' title='bbox 583 1340 774 1382; x_wconf 81' lang='lat' dir='ltr'>carmine</span> <span class='ocrx_word' id='word_1_81' title='bbox 792 1340 933 1394; x_wconf 87' lang='lat' dir='ltr'>major</span> <span class='ocrx_word' id='word_1_82' title='bbox 951 1339 1157 1390; x_wconf 83' lang='lat' dir='ltr'>habetur,</span> 
     </span>
     <span class='ocr_line' id='line_1_18' title="bbox 150 1408 1252 1463; baseline -0.002 -12"><span class='ocrx_word' id='word_1_83' title='bbox 150 1410 347 1452; x_wconf 86' lang='lat' dir='ltr'>Luceilei</span> <span class='ocrx_word' id='word_1_84' title='bbox 367 1409 604 1451; x_wconf 86' lang='lat' dir='ltr'>columella</span> <span class='ocrx_word' id='word_1_85' title='bbox 623 1408 723 1450; x_wconf 87' lang='lat' dir='ltr'>heic</span> <span class='ocrx_word' id='word_1_86' title='bbox 745 1409 846 1450; x_wconf 86' lang='lat' dir='ltr'>situ&#39;</span> <span class='ocrx_word' id='word_1_87' title='bbox 867 1409 917 1451; x_wconf 89' lang='lat' dir='ltr'><strong>M</strong></span> <span class='ocrx_word' id='word_1_88' title='bbox 922 1408 1147 1463; x_wconf 86' lang='lat' dir='ltr'>etrophan&#39;</span> <span class='ocrx_word' id='word_1_89' title='bbox 1169 1414 1252 1449; x_wconf 84' lang='lat' dir='ltr'>est.</span> 
     </span>
    </p>

    <p class='ocr_par' dir='ltr' id='par_1_14' title="bbox 91 1477 1170 1600">
     <span class='ocr_line' id='line_1_19' title="bbox 91 1477 985 1532; baseline 0.001 -14"><span class='ocrx_word' id='word_1_90' title='bbox 91 1477 411 1532; x_wconf 82' lang='lat' dir='ltr'>Attonitusque</span> <span class='ocrx_word' id='word_1_91' title='bbox 430 1478 558 1531; x_wconf 83' lang='lat' dir='ltr'>legis,</span> <span class='ocrx_word' id='word_1_92' title='bbox 580 1477 711 1518; x_wconf 83' lang='lat' dir='ltr'>terrai</span> <span class='ocrx_word' id='word_1_93' title='bbox 729 1477 956 1530; x_wconf 83' lang='lat' dir='ltr'>frugiferai</span> <span class='ocrx_word' id='word_1_94' title='bbox 974 1491 985 1528; x_wconf 82' lang='lat'>3</span> 
     </span>
     <span class='ocr_line' id='line_1_20' title="bbox 149 1545 1170 1600; baseline -0.002 -12"><span class='ocrx_word' id='word_1_95' title='bbox 149 1546 318 1588; x_wconf 88' lang='lat' dir='ltr'>Accius</span> <span class='ocrx_word' id='word_1_96' title='bbox 339 1550 383 1587; x_wconf 88' lang='lat' dir='ltr'>et</span> <span class='ocrx_word' id='word_1_97' title='bbox 403 1546 617 1600; x_wconf 90' lang='lat' dir='ltr'>quicquid</span> <span class='ocrx_word' id='word_1_98' title='bbox 640 1545 952 1600; x_wconf 84' lang='lat' dir='ltr'>Pacuviusque</span> <span class='ocrx_word' id='word_1_99' title='bbox 975 1551 1170 1588; x_wconf 88' lang='lat' dir='ltr'>vomunt.</span> 
     </span>
    </p>

    <p class='ocr_par' dir='ltr' id='par_1_15' title="bbox 92 1613 1241 1737">
     <span class='ocr_line' id='line_1_21' title="bbox 92 1613 1241 1668; baseline -0.001 -13"><span class='ocrx_word' id='word_1_100' title='bbox 92 1614 176 1655; x_wconf 80' lang='lat' dir='ltr'>Vis</span> <span class='ocrx_word' id='word_1_101' title='bbox 197 1615 339 1656; x_wconf 86' lang='lat' dir='ltr'>imiter</span> <span class='ocrx_word' id='word_1_102' title='bbox 359 1621 547 1664; x_wconf 85' lang='lat' dir='ltr'>veteres,</span> <span class='ocrx_word' id='word_1_103' title='bbox 570 1613 816 1664; x_wconf 88' lang='lat' dir='ltr'>Chrestille,</span> <span class='ocrx_word' id='word_1_104' title='bbox 839 1618 1027 1668; x_wconf 85' lang='lat' dir='ltr'>tuosque</span> <span class='ocrx_word' id='word_1_105' title='bbox 1048 1614 1241 1668; x_wconf 67' lang='lat' dir='ltr'>poetas?</span> 
     </span>
     <span class='ocr_line' id='line_1_22' title="bbox 152 1683 1144 1737; baseline -0.001 -14"><span class='ocrx_word' id='word_1_106' title='bbox 152 1683 429 1737; x_wconf 82' lang='lat' dir='ltr'>Dispeream,</span> <span class='ocrx_word' id='word_1_107' title='bbox 452 1684 489 1724; x_wconf 85' lang='lat' dir='ltr'>si</span> <span class='ocrx_word' id='word_1_108' title='bbox 511 1683 615 1732; x_wconf 84' lang='lat' dir='ltr'>scis,</span> <span class='ocrx_word' id='word_1_109' title='bbox 636 1683 831 1724; x_wconf 83' lang='lat' dir='ltr'>mentula</span> <span class='ocrx_word' id='word_1_110' title='bbox 853 1683 959 1737; x_wconf 88' lang='lat' dir='ltr'>quid</span> <span class='ocrx_word' id='word_1_111' title='bbox 981 1684 1144 1737; x_wconf 83' lang='lat' dir='ltr'>sapiat.</span> 
     </span>
    </p>
   </div>
   <div class='ocr_carea' id='block_1_13' title="bbox 1533 1476 1561 1515">
    <p class='ocr_par' dir='ltr' id='par_1_16' title="bbox 1533 1476 1561 1515">
     <span class='ocr_line' id='line_1_23' title="bbox 1533 1476 1561 1515; textangle 90"><span class='ocrx_word' id='word_1_112' title='bbox 1533 1476 1561 1515; x_wconf 61' lang='lat' dir='ltr'>L‘!</span> 
     </span>
    </p>
   </div>
   <div class='ocr_carea' id='block_1_14' title="bbox 86 1793 1558 1963">
    <p class='ocr_par' dir='ltr' id='par_1_17' title="bbox 86 1793 1558 1963">
     <span class='ocr_line' id='line_1_24' title="bbox 137 1793 1558 1834; baseline 0.001 -12"><span class='ocrx_word' id='word_1_113' title='bbox 137 1793 227 1824; x_wconf 82' lang='lat' dir='ltr'><em>Nulli</em></span> <span class='ocrx_word' id='word_1_114' title='bbox 250 1803 353 1824; x_wconf 71' lang='lat' dir='ltr'>versus</span> <span class='ocrx_word' id='word_1_115' title='bbox 364 1795 486 1833; x_wconf 76' lang='lat' dir='ltr'>placent</span> <span class='ocrx_word' id='word_1_116' title='bbox 503 1794 574 1833; x_wconf 81' lang='lat' dir='ltr'>tibi,</span> <span class='ocrx_word' id='word_1_117' title='bbox 588 1795 640 1834; x_wconf 83' lang='lat' dir='ltr'>qui</span> <span class='ocrx_word' id='word_1_118' title='bbox 649 1795 758 1834; x_wconf 77' lang='lat' dir='ltr'>fluunt</span> <span class='ocrx_word' id='word_1_119' title='bbox 784 1795 837 1825; x_wconf 84' lang='lat' dir='ltr'>via</span> <span class='ocrx_word' id='word_1_120' title='bbox 861 1795 984 1833; x_wconf 80' lang='lat' dir='ltr'>blanda,</span> <span class='ocrx_word' id='word_1_121' title='bbox 1001 1796 1055 1825; x_wconf 81' lang='lat' dir='ltr'>sed</span> <span class='ocrx_word' id='word_1_122' title='bbox 1070 1795 1122 1834; x_wconf 76' lang='lat' dir='ltr'>qui</span> <span class='ocrx_word' id='word_1_123' title='bbox 1143 1795 1259 1825; x_wconf 75' lang='lat' dir='ltr'>cadunt</span> <span class='ocrx_word' id='word_1_124' title='bbox 1284 1803 1339 1833; x_wconf 83' lang='lat' dir='ltr'>per</span> <span class='ocrx_word' id='word_1_125' title='bbox 1355 1793 1506 1830; x_wconf 79' lang='lat' dir='ltr'>salebras,</span> <span class='ocrx_word' id='word_1_126' title='bbox 1527 1796 1558 1823; x_wconf 77' lang='lat' dir='ltr'>et</span> 
     </span>
     <span class='ocr_line' id='line_1_25' title="bbox 91 1836 1551 1878; baseline 0.001 -13"><span class='ocrx_word' id='word_1_127' title='bbox 91 1845 183 1875; x_wconf 79' lang='lat' dir='ltr'>rupes</span> <span class='ocrx_word' id='word_1_128' title='bbox 198 1837 344 1867; x_wconf 73' lang='lat' dir='ltr'>excelsas.</span> <span class='ocrx_word' id='word_1_129' title='bbox 393 1838 435 1868; x_wconf 81' lang='lat' dir='ltr'>Et</span> <span class='ocrx_word' id='word_1_130' title='bbox 460 1841 493 1868; x_wconf 79' lang='lat' dir='ltr'>ta</span> <span class='ocrx_word' id='word_1_131' title='bbox 518 1837 683 1868; x_wconf 71' lang='lat' dir='ltr'>existimas</span> <span class='ocrx_word' id='word_1_132' title='bbox 708 1838 783 1878; x_wconf 81' lang='lat' dir='ltr'>quid</span> <span class='ocrx_word' id='word_1_133' title='bbox 810 1837 908 1876; x_wconf 80' lang='lat' dir='ltr'>majus</span> <span class='ocrx_word' id='word_1_134' title='bbox 928 1847 1018 1868; x_wconf 83' lang='lat' dir='ltr'>versu</span> <span class='ocrx_word' id='word_1_135' title='bbox 1041 1838 1224 1876; x_wconf 82' lang='lat' dir='ltr'>Homerico,</span> <span class='ocrx_word' id='word_1_136' title='bbox 1252 1837 1316 1867; x_wconf 73' lang='lat' dir='ltr'>Hic</span> <span class='ocrx_word' id='word_1_137' title='bbox 1324 1837 1411 1876; x_wconf 75' lang='lat' dir='ltr'>jacet</span> <span class='ocrx_word' id='word_1_138' title='bbox 1428 1836 1551 1867; x_wconf 83' lang='lat' dir='ltr'>Metro-</span> 
     </span>
     <span class='ocr_line' id='line_1_26' title="bbox 86 1879 1549 1921; baseline 0 -12"><span class='ocrx_word' id='word_1_139' title='bbox 86 1879 202 1918; x_wconf 80' lang='lat' dir='ltr'>phanes</span> <span class='ocrx_word' id='word_1_140' title='bbox 214 1879 370 1910; x_wconf 83' lang='lat' dir='ltr'>columella</span> <span class='ocrx_word' id='word_1_141' title='bbox 382 1879 499 1910; x_wconf 81' lang='lat' dir='ltr'>Lucilii</span> <span class='ocrx_word' id='word_1_142' title='bbox 513 1892 524 1917; x_wconf 89' lang='lat'><strong><em>;</em></strong></span> <span class='ocrx_word' id='word_1_143' title='bbox 547 1883 638 1921; x_wconf 80' lang='lat' dir='ltr'>atque</span> <span class='ocrx_word' id='word_1_144' title='bbox 652 1885 778 1921; x_wconf 80' lang='lat' dir='ltr'>stupens</span> <span class='ocrx_word' id='word_1_145' title='bbox 793 1881 885 1920; x_wconf 78' lang='lat' dir='ltr'>legis,</span> <span class='ocrx_word' id='word_1_146' title='bbox 900 1881 1000 1912; x_wconf 76' lang='lat' dir='ltr'>terrai</span> <span class='ocrx_word' id='word_1_147' title='bbox 1008 1879 1198 1919; x_wconf 56' lang='lat' dir='ltr'>frugiferai,</span> <span class='ocrx_word' id='word_1_148' title='bbox 1213 1883 1244 1911; x_wconf 82' lang='lat' dir='ltr'>et</span> <span class='ocrx_word' id='word_1_149' title='bbox 1260 1880 1407 1920; x_wconf 77' lang='lat' dir='ltr'>quicquid</span> <span class='ocrx_word' id='word_1_150' title='bbox 1423 1881 1549 1909; x_wconf 74' lang='lat' dir='ltr'>vomunt</span> 
     </span>
     <span class='ocr_line' id='line_1_27' title="bbox 89 1919 1546 1963; baseline 0.001 -12"><span class='ocrx_word' id='word_1_151' title='bbox 89 1922 245 1953; x_wconf 71' lang='lat' dir='ltr'>Pacuvius</span> <span class='ocrx_word' id='word_1_152' title='bbox 275 1926 368 1963; x_wconf 78' lang='lat' dir='ltr'>alque</span> <span class='ocrx_word' id='word_1_153' title='bbox 387 1923 510 1954; x_wconf 77' lang='lat' dir='ltr'>Accius.</span> <span class='ocrx_word' id='word_1_154' title='bbox 568 1924 598 1954; x_wconf 87' lang='grc' dir='ltr'>Ο</span> <span class='ocrx_word' id='word_1_155' title='bbox 623 1923 802 1963; x_wconf 74' lang='lat' dir='ltr'>Chrestille,</span> <span class='ocrx_word' id='word_1_156' title='bbox 827 1925 910 1954; x_wconf 72' lang='lat' dir='ltr'>cisne</span> <span class='ocrx_word' id='word_1_157' title='bbox 929 1926 963 1954; x_wconf 77' lang='lat' dir='ltr'>ul</span> <span class='ocrx_word' id='word_1_158' title='bbox 980 1924 1087 1954; x_wconf 75' lang='lat' dir='ltr'>imiter</span> <span class='ocrx_word' id='word_1_159' title='bbox 1100 1923 1244 1963; x_wconf 75' lang='lat' dir='ltr'>antiquos</span> <span class='ocrx_word' id='word_1_160' title='bbox 1255 1926 1323 1954; x_wconf 79' lang='lat' dir='ltr'>tuos</span> <span class='ocrx_word' id='word_1_161' title='bbox 1333 1922 1443 1963; x_wconf 80' lang='lat' dir='ltr'>po&#39;e&#39;tas</span> <span class='ocrx_word' id='word_1_162' title='bbox 1455 1919 1471 1952; x_wconf 77' lang='lat'><strong><em>?</em></strong></span> <span class='ocrx_word' id='word_1_163' title='bbox 1493 1921 1511 1939; x_wconf 59' lang='lat'><em>³</em></span> <span class='ocrx_word' id='word_1_164' title='bbox 1528 1922 1546 1938; x_wconf 67' lang='lat'>³*</span> 
     </span>
    </p>
   </div>
   <div class='ocr_carea' id='block_1_15' title="bbox 702 2020 937 2034">
    <p class='ocr_par' dir='ltr' id='par_1_18' title="bbox 702 2020 937 2034">
     <span class='ocr_line' id='line_1_28' title="bbox 702 2020 937 2034; baseline -0.004 -2"><span class='ocrx_word' id='word_1_165' title='bbox 702 2020 937 2034; x_wconf 57' lang='lat' dir='ltr'>“e-“evoro“</span> 
     </span>
    </p>
   </div>
   <div class='ocr_carea' id='block_1_16' title="bbox 86 2063 1557 2277">
    <p class='ocr_par' dir='ltr' id='par_1_19' title="bbox 86 2063 1557 2277">
     <span class='ocr_line' id='line_1_29' title="bbox 131 2063 1556 2106; baseline 0.001 -11"><span class='ocrx_word' id='word_1_166' title='bbox 131 2067 149 2095; x_wconf 80' lang='lat'><strong>3</strong></span> <span class='ocrx_word' id='word_1_167' title='bbox 172 2064 229 2095; x_wconf 90' lang='lat' dir='ltr'>Sic</span> <span class='ocrx_word' id='word_1_168' title='bbox 245 2063 389 2096; x_wconf 80' lang='lat' dir='ltr'>Gruter.</span> <span class='ocrx_word' id='word_1_169' title='bbox 412 2074 453 2095; x_wconf 82' lang='lat' dir='ltr'>ex</span> <span class='ocrx_word' id='word_1_170' title='bbox 469 2065 555 2095; x_wconf 78' lang='lat' dir='ltr'>Mss.</span> <span class='ocrx_word' id='word_1_171' title='bbox 604 2066 694 2101; x_wconf 80' lang='lat' dir='ltr'>Quod</span> <span class='ocrx_word' id='word_1_172' title='bbox 709 2065 808 2105; x_wconf 76' lang='lat' dir='ltr'>majus</span> <span class='ocrx_word' id='word_1_173' title='bbox 835 2075 898 2106; x_wconf 91' lang='lat' dir='ltr'>pro</span> <span class='ocrx_word' id='word_1_174' title='bbox 914 2075 962 2096; x_wconf 85' lang='lat' dir='ltr'>res</span> <span class='ocrx_word' id='word_1_175' title='bbox 978 2065 1079 2105; x_wconf 81' lang='lat' dir='ltr'>major</span> <span class='ocrx_word' id='word_1_176' title='bbox 1095 2064 1174 2097; x_wconf 82' lang='lat' dir='ltr'>edd.</span> <span class='ocrx_word' id='word_1_177' title='bbox 1202 2069 1285 2096; x_wconf 83' lang='lat' dir='ltr'>vett.</span> <span class='ocrx_word' id='word_1_178' title='bbox 1315 2068 1351 2096; x_wconf 86' lang='lat' dir='ltr'>et</span> <span class='ocrx_word' id='word_1_179' title='bbox 1373 2063 1494 2096; x_wconf 82' lang='lat' dir='ltr'>Maitt.</span> <span class='ocrx_word' id='word_1_180' title='bbox 1519 2069 1556 2096; x_wconf 83' lang='lat' dir='ltr'>et</span> 
     </span>
     <span class='ocr_line' id='line_1_30' title="bbox 88 2107 1557 2141; baseline 0.001 -4"><span class='ocrx_word' id='word_1_181' title='bbox 88 2107 299 2138; x_wconf 50' lang='lat' dir='ltr'>Famam—4</span> <span class='ocrx_word' id='word_1_182' title='bbox 333 2108 474 2139; x_wconf 75' lang='lat' dir='ltr'>Lucilius</span> <span class='ocrx_word' id='word_1_183' title='bbox 502 2107 578 2140; x_wconf 85' lang='lat' dir='ltr'>cod.</span> <span class='ocrx_word' id='word_1_184' title='bbox 605 2109 743 2140; x_wconf 90' lang='lat' dir='ltr'>Beverl.</span> <span class='ocrx_word' id='word_1_185' title='bbox 772 2108 892 2140; x_wconf 88' lang='lat' dir='ltr'>Habet</span> <span class='ocrx_word' id='word_1_186' title='bbox 923 2109 1039 2141; x_wconf 85' lang='lat' dir='ltr'>Maitt.</span> <span class='ocrx_word' id='word_1_187' title='bbox 1071 2109 1189 2140; x_wconf 84' lang='lat' dir='ltr'>Colum.</span> <span class='ocrx_word' id='word_1_188' title='bbox 1216 2107 1335 2140; x_wconf 88' lang='lat' dir='ltr'>Habet</span> <span class='ocrx_word' id='word_1_189' title='bbox 1365 2107 1557 2139; x_wconf 65' lang='lat' dir='ltr'>Barbouius</span> 
     </span>
     <span class='ocr_line' id='line_1_31' title="bbox 88 2149 1556 2192; baseline 0.001 -12"><span class='ocrx_word' id='word_1_190' title='bbox 88 2149 374 2191; x_wconf 82' lang='lat' dir='ltr'>Metrophanes&#39;st.</span> <span class='ocrx_word' id='word_1_191' title='bbox 408 2151 571 2183; x_wconf 79' lang='lat' dir='ltr'>Ceterum</span> <span class='ocrx_word' id='word_1_192' title='bbox 596 2151 702 2183; x_wconf 81' lang='lat' dir='ltr'><em>Lucili</em></span> <span class='ocrx_word' id='word_1_193' title='bbox 729 2152 847 2183; x_wconf 83' lang='lat' dir='ltr'>Colum.</span> <span class='ocrx_word' id='word_1_194' title='bbox 873 2152 923 2182; x_wconf 77' lang='lat' dir='ltr'>hic</span> <span class='ocrx_word' id='word_1_195' title='bbox 947 2152 1027 2183; x_wconf 82' lang='lat' dir='ltr'>situs</span> <span class='ocrx_word' id='word_1_196' title='bbox 1052 2152 1275 2192; x_wconf 81' lang='lat' dir='ltr'>Metrophanes</span> <span class='ocrx_word' id='word_1_197' title='bbox 1304 2150 1382 2182; x_wconf 83' lang='lat' dir='ltr'>edd.</span> <span class='ocrx_word' id='word_1_198' title='bbox 1408 2154 1494 2183; x_wconf 83' lang='lat' dir='ltr'>vett.</span> <span class='ocrx_word' id='word_1_199' title='bbox 1520 2156 1556 2182; x_wconf 74' lang='lat' dir='ltr'>et</span> 
     </span>
     <span class='ocr_line' id='line_1_32' title="bbox 86 2193 1554 2236; baseline 0 -12"><span class='ocrx_word' id='word_1_200' title='bbox 86 2193 228 2224; x_wconf 87' lang='lat' dir='ltr'>Faruab.</span> <span class='ocrx_word' id='word_1_201' title='bbox 247 2194 415 2225; x_wconf 80' lang='lat' dir='ltr'>Columella</span> <span class='ocrx_word' id='word_1_202' title='bbox 444 2204 565 2225; x_wconf 86' lang='lat' dir='ltr'>nomen</span> <span class='ocrx_word' id='word_1_203' title='bbox 593 2204 709 2236; x_wconf 84' lang='lat' dir='ltr'>propr.</span> <span class='ocrx_word' id='word_1_204' title='bbox 738 2204 810 2226; x_wconf 85' lang='lat' dir='ltr'>esse</span> <span class='ocrx_word' id='word_1_205' title='bbox 842 2199 961 2226; x_wconf 85' lang='lat' dir='ltr'>censet</span> <span class='ocrx_word' id='word_1_206' title='bbox 988 2195 1204 2235; x_wconf 83' lang='lat' dir='ltr'>Calderinus‚</span> <span class='ocrx_word' id='word_1_207' title='bbox 1234 2198 1340 2236; x_wconf 82' lang='lat' dir='ltr'>negat</span> <span class='ocrx_word' id='word_1_208' title='bbox 1371 2193 1554 2235; x_wconf 82' lang='lat' dir='ltr'>Georgius.</span> 
     </span>
     <span class='ocr_line' id='line_1_33' title="bbox 86 2235 1128 2277; baseline 0.001 -9"><span class='ocrx_word' id='word_1_209' title='bbox 86 2239 150 2267; x_wconf 80' lang='lat'>—8</span> <span class='ocrx_word' id='word_1_210' title='bbox 174 2236 220 2268; x_wconf 79' lang='lat' dir='ltr'>Ni</span> <span class='ocrx_word' id='word_1_211' title='bbox 236 2235 312 2268; x_wconf 89' lang='lat' dir='ltr'>cod.</span> <span class='ocrx_word' id='word_1_212' title='bbox 326 2237 359 2267; x_wconf 87' lang='lat' dir='ltr'>in</span> <span class='ocrx_word' id='word_1_213' title='bbox 377 2247 483 2277; x_wconf 81' lang='lat' dir='ltr'>marg.</span> <span class='ocrx_word' id='word_1_214' title='bbox 501 2237 555 2268; x_wconf 86' lang='lat' dir='ltr'>ed.</span> <span class='ocrx_word' id='word_1_215' title='bbox 571 2237 649 2269; x_wconf 84' lang='lat' dir='ltr'>Par.</span> <span class='ocrx_word' id='word_1_216' title='bbox 668 2240 762 2269; x_wconf 85' lang='grc'><strong>1617.</strong></span> <span class='ocrx_word' id='word_1_217' title='bbox 786 2238 933 2269; x_wconf 81' lang='lat' dir='ltr'>Consule</span> <span class='ocrx_word' id='word_1_218' title='bbox 945 2238 1028 2269; x_wconf 83' lang='lat' dir='ltr'>var.</span> <span class='ocrx_word' id='word_1_219' title='bbox 1048 2238 1128 2269; x_wconf 86' lang='lat' dir='ltr'>Not.</span> 
     </span>
    </p>
   </div>
   <div class='ocr_carea' id='block_1_17' title="bbox 754 2330 894 2363">
    <p class='ocr_par' dir='ltr' id='par_1_20' title="bbox 754 2330 894 2363">
     <span class='ocr_line' id='line_1_34' title="bbox 754 2330 894 2363; baseline -0.007 0"><span class='ocrx_word' id='word_1_220' title='bbox 754 2330 894 2363; x_wconf 83' lang='lat' dir='ltr'>NOTAE</span> 
     </span>
    </p>
   </div>
   <div class='ocr_carea' id='block_1_18' title="bbox 85 2402 1554 2856">
    <p class='ocr_par' dir='ltr' id='par_1_21' title="bbox 86 2402 1554 2550">
     <span class='ocr_line' id='line_1_35' title="bbox 127 2402 1553 2447; baseline 0 -14"><span class='ocrx_word' id='word_1_221' title='bbox 127 2405 148 2433; x_wconf 88' lang='lat'><strong>2</strong></span> <span class='ocrx_word' id='word_1_222' title='bbox 172 2402 235 2434; x_wconf 86' lang='lat' dir='ltr'>Sed</span> <span class='ocrx_word' id='word_1_223' title='bbox 257 2414 325 2444; x_wconf 82' lang='lat' dir='ltr'>quae</span> <span class='ocrx_word' id='word_1_224' title='bbox 346 2415 403 2445; x_wconf 82' lang='lat' dir='ltr'>per</span> <span class='ocrx_word' id='word_1_225' title='bbox 423 2405 573 2447; x_wconf 78' lang='lat' dir='ltr'>salebras]</span> <span class='ocrx_word' id='word_1_226' title='bbox 618 2407 695 2438; x_wconf 90' lang='lat' dir='ltr'>Hoc</span> <span class='ocrx_word' id='word_1_227' title='bbox 726 2411 791 2447; x_wconf 80' lang='lat' dir='ltr'>est,</span> <span class='ocrx_word' id='word_1_228' title='bbox 846 2417 981 2438; x_wconf 89' lang='lat' dir='ltr'>servum</span> <span class='ocrx_word' id='word_1_229' title='bbox 1000 2407 1120 2438; x_wconf 82' lang='lat' dir='ltr'>Lucilii</span> <span class='ocrx_word' id='word_1_230' title='bbox 1144 2405 1270 2437; x_wconf 84' lang='lat' dir='ltr'>fuisse:</span> <span class='ocrx_word' id='word_1_231' title='bbox 1304 2404 1366 2437; x_wconf 87' lang='lat' dir='ltr'>sed</span> <span class='ocrx_word' id='word_1_232' title='bbox 1383 2403 1553 2444; x_wconf 81' lang='lat' dir='ltr'>Georgius</span> 
     </span>
     <span class='ocr_line' id='line_1_36' title="bbox 87 2454 1554 2498; baseline -0.001 -13"><span class='ocrx_word' id='word_1_233' title='bbox 87 2454 165 2485; x_wconf 91' lang='lat' dir='ltr'>Non</span> <span class='ocrx_word' id='word_1_234' title='bbox 181 2464 273 2485; x_wconf 84' lang='lat' dir='ltr'>amas</span> <span class='ocrx_word' id='word_1_235' title='bbox 291 2465 407 2487; x_wconf 88' lang='lat' dir='ltr'>versus</span> <span class='ocrx_word' id='word_1_236' title='bbox 434 2461 571 2489; x_wconf 86' lang='lat' dir='ltr'>teneros</span> <span class='ocrx_word' id='word_1_237' title='bbox 596 2463 633 2490; x_wconf 88' lang='lat' dir='ltr'>et</span> <span class='ocrx_word' id='word_1_238' title='bbox 661 2459 790 2498; x_wconf 81' lang='lat' dir='ltr'>molles,</span> <span class='ocrx_word' id='word_1_239' title='bbox 846 2463 966 2490; x_wconf 85' lang='lat' dir='ltr'>censet</span> <span class='ocrx_word' id='word_1_240' title='bbox 995 2457 1208 2489; x_wconf 87' lang='lat' dir='ltr'>columellam</span> <span class='ocrx_word' id='word_1_241' title='bbox 1232 2465 1300 2487; x_wconf 90' lang='lat' dir='ltr'>non</span> <span class='ocrx_word' id='word_1_242' title='bbox 1327 2464 1403 2487; x_wconf 89' lang='lat' dir='ltr'>esse</span> <span class='ocrx_word' id='word_1_243' title='bbox 1431 2463 1554 2485; x_wconf 90' lang='lat' dir='ltr'>nomen</span> 
     </span>
     <span class='ocr_line' id='line_1_37' title="bbox 86 2504 1554 2550; baseline -0.001 -15"><span class='ocrx_word' id='word_1_244' title='bbox 86 2505 145 2536; x_wconf 84' lang='lat' dir='ltr'>sed</span> <span class='ocrx_word' id='word_1_245' title='bbox 162 2505 263 2536; x_wconf 88' lang='lat' dir='ltr'>duros</span> <span class='ocrx_word' id='word_1_246' title='bbox 280 2511 381 2547; x_wconf 74' lang='lat' dir='ltr'>atque</span> <span class='ocrx_word' id='word_1_247' title='bbox 397 2517 548 2548; x_wconf 82' lang='lat' dir='ltr'>asperos.</span> <span class='ocrx_word' id='word_1_248' title='bbox 847 2509 1036 2550; x_wconf 87' lang='lat' dir='ltr'>proprium,</span> <span class='ocrx_word' id='word_1_249' title='bbox 1064 2512 1101 2538; x_wconf 83' lang='lat' dir='ltr'>at</span> <span class='ocrx_word' id='word_1_250' title='bbox 1125 2508 1216 2549; x_wconf 88' lang='lat' dir='ltr'>apud</span> <span class='ocrx_word' id='word_1_251' title='bbox 1252 2510 1385 2538; x_wconf 82' lang='lat' dir='ltr'>veteres</span> <span class='ocrx_word' id='word_1_252' title='bbox 1415 2504 1554 2545; x_wconf 86' lang='lat' dir='ltr'>majoris</span> 
     </span>
    </p>

    <p class='ocr_par' dir='ltr' id='par_1_22' title="bbox 85 2555 1553 2856">
     <span class='ocr_line' id='line_1_38' title="bbox 128 2555 1553 2600; baseline -0.001 -14"><span class='ocrx_word' id='word_1_253' title='bbox 128 2559 149 2586; x_wconf 86' lang='lat'>4</span> <span class='ocrx_word' id='word_1_254' title='bbox 172 2555 310 2587; x_wconf 77' lang='lat' dir='ltr'>Luceilei</span> <span class='ocrx_word' id='word_1_255' title='bbox 326 2557 461 2598; x_wconf 81' lang='lat' dir='ltr'>[Lucili]</span> <span class='ocrx_word' id='word_1_256' title='bbox 492 2559 630 2600; x_wconf 83' lang='lat' dir='ltr'>Legunt</span> <span class='ocrx_word' id='word_1_257' title='bbox 648 2561 705 2592; x_wconf 89' lang='lat' dir='ltr'>alii</span> <span class='ocrx_word' id='word_1_258' title='bbox 727 2561 790 2593; x_wconf 84' lang='lat' dir='ltr'>Lu·</span> <span class='ocrx_word' id='word_1_259' title='bbox 846 2560 965 2591; x_wconf 85' lang='lat' dir='ltr'>domus</span> <span class='ocrx_word' id='word_1_260' title='bbox 991 2568 1107 2590; x_wconf 86' lang='lat' dir='ltr'>servos</span> <span class='ocrx_word' id='word_1_261' title='bbox 1124 2558 1236 2590; x_wconf 88' lang='lat' dir='ltr'>dictos</span> <span class='ocrx_word' id='word_1_262' title='bbox 1260 2556 1368 2589; x_wconf 81' lang='lat' dir='ltr'>fuisse</span> <span class='ocrx_word' id='word_1_263' title='bbox 1393 2555 1553 2587; x_wconf 78' lang='lat' dir='ltr'>colu-mel·</span> 
     </span>
     <span class='ocr_line' id='line_1_39' title="bbox 85 2606 1532 2652; baseline 0 -15"><span class='ocrx_word' id='word_1_264' title='bbox 85 2607 155 2637; x_wconf 80' lang='lat' dir='ltr'>cilel</span> <span class='ocrx_word' id='word_1_265' title='bbox 168 2606 327 2638; x_wconf 83' lang='lat' dir='ltr'>columella</span> <span class='ocrx_word' id='word_1_266' title='bbox 341 2608 409 2638; x_wconf 82' lang='lat' dir='ltr'>heic</span> <span class='ocrx_word' id='word_1_267' title='bbox 423 2608 497 2640; x_wconf 82' lang='lat' dir='ltr'>situ&#39;</span> <span class='ocrx_word' id='word_1_268' title='bbox 515 2610 715 2652; x_wconf 85' lang='lat' dir='ltr'>Metrophan&#39;</span> <span class='ocrx_word' id='word_1_269' title='bbox 733 2616 790 2644; x_wconf 77' lang='lat' dir='ltr'>est.</span> <span class='ocrx_word' id='word_1_270' title='bbox 843 2612 907 2651; x_wconf 89' lang='lat' dir='ltr'>las,</span> <span class='ocrx_word' id='word_1_271' title='bbox 924 2610 1019 2652; x_wconf 89' lang='lat' dir='ltr'>quasi</span> <span class='ocrx_word' id='word_1_272' title='bbox 1034 2610 1213 2642; x_wconf 89' lang='lat' dir='ltr'>columina.</span> <span class='ocrx_word' id='word_1_273' title='bbox 1256 2608 1397 2642; x_wconf 82' lang='lat' dir='ltr'>Judieet</span> <span class='ocrx_word' id='word_1_274' title='bbox 1411 2608 1532 2638; x_wconf 83' lang='lat' dir='ltr'>lector.</span> 
     </span>
     <span class='ocr_line' id='line_1_40' title="bbox 87 2656 1550 2701; baseline 0.001 -15"><span class='ocrx_word' id='word_1_275' title='bbox 87 2657 142 2687; x_wconf 85' lang='lat' dir='ltr'>De</span> <span class='ocrx_word' id='word_1_276' title='bbox 171 2656 303 2688; x_wconf 88' lang='lat' dir='ltr'>Lucilio</span> <span class='ocrx_word' id='word_1_277' title='bbox 332 2657 497 2690; x_wconf 86' lang='lat' dir='ltr'>Horatius</span> <span class='ocrx_word' id='word_1_278' title='bbox 521 2660 593 2692; x_wconf 88' lang='lat' dir='ltr'>Sat.</span> <span class='ocrx_word' id='word_1_279' title='bbox 617 2665 650 2693; x_wconf 83' lang='grc'>4.</span> <span class='ocrx_word' id='word_1_280' title='bbox 674 2662 733 2693; x_wconf 90' lang='lat' dir='ltr'>lib.</span> <span class='ocrx_word' id='word_1_281' title='bbox 765 2673 789 2694; x_wconf 88' lang='lat'>1.</span> <span class='ocrx_word' id='word_1_282' title='bbox 886 2667 904 2694; x_wconf 89' lang='lat'>5</span> <span class='ocrx_word' id='word_1_283' title='bbox 932 2661 1059 2701; x_wconf 79' lang='lat' dir='ltr'>Termi]</span> <span class='ocrx_word' id='word_1_284' title='bbox 1082 2661 1153 2692; x_wconf 87' lang='lat' dir='ltr'>Pro</span> <span class='ocrx_word' id='word_1_285' title='bbox 1168 2662 1178 2678; x_wconf 92' lang='lat'>‘</span> <span class='ocrx_word' id='word_1_286' title='bbox 1194 2658 1321 2699; x_wconf 84' lang='lat' dir='ltr'>terrae‚&#39;</span> <span class='ocrx_word' id='word_1_287' title='bbox 1338 2657 1550 2699; x_wconf 85' lang='lat' dir='ltr'>diphthongo</span> 
     </span>
     <span class='ocr_line' id='line_1_41' title="bbox 85 2707 1304 2748; baseline 0.004 -11"><span class='ocrx_word' id='word_1_288' title='bbox 85 2708 94 2723; x_wconf 91' lang='lat'>‘</span> <span class='ocrx_word' id='word_1_289' title='bbox 117 2707 234 2738; x_wconf 76' lang='lat' dir='ltr'>Durus</span> <span class='ocrx_word' id='word_1_290' title='bbox 273 2717 478 2748; x_wconf 86' lang='lat' dir='ltr'>componere</span> <span class='ocrx_word' id='word_1_291' title='bbox 511 2720 626 2742; x_wconf 86' lang='lat' dir='ltr'>versus</span> <span class='ocrx_word' id='word_1_292' title='bbox 644 2723 651 2743; x_wconf 76' lang='grc' dir='ltr'>ε</span> <span class='ocrx_word' id='word_1_293' title='bbox 700 2713 788 2745; x_wconf 84' lang='lat' dir='ltr'>Nam</span> <span class='ocrx_word' id='word_1_294' title='bbox 843 2714 877 2746; x_wconf 86' lang='lat' dir='ltr'>in</span> <span class='ocrx_word' id='word_1_295' title='bbox 893 2714 977 2746; x_wconf 88' lang='lat' dir='ltr'>duas</span> <span class='ocrx_word' id='word_1_296' title='bbox 994 2714 1130 2745; x_wconf 86' lang='lat' dir='ltr'>vocales</span> <span class='ocrx_word' id='word_1_297' title='bbox 1143 2713 1304 2744; x_wconf 83' lang='lat' dir='ltr'>resoluta.</span> 
     </span>
     <span class='ocr_line' id='line_1_42' title="bbox 86 2756 1551 2802; baseline 0.002 -15"><span class='ocrx_word' id='word_1_298' title='bbox 86 2756 153 2788; x_wconf 78' lang='lat' dir='ltr'>fuit</span> <span class='ocrx_word' id='word_1_299' title='bbox 174 2758 238 2789; x_wconf 89' lang='lat' dir='ltr'>hoc</span> <span class='ocrx_word' id='word_1_300' title='bbox 256 2757 415 2798; x_wconf 63' lang='lat' dir='ltr'>vitiosus:</span> <span class='ocrx_word' id='word_1_301' title='bbox 431 2762 494 2791; x_wconf 67' lang='grc' dir='ltr'>ἃς.</span> <span class='ocrx_word' id='word_1_302' title='bbox 542 2761 715 2794; x_wconf 78' lang='lat' dir='ltr'>Domitius</span> <span class='ocrx_word' id='word_1_303' title='bbox 732 2773 789 2795; x_wconf 83' lang='lat' dir='ltr'>ex·</span> <span class='ocrx_word' id='word_1_304' title='bbox 885 2768 906 2795; x_wconf 84' lang='lat'><strong>6</strong></span> <span class='ocrx_word' id='word_1_305' title='bbox 928 2764 1043 2796; x_wconf 72' lang='lat' dir='ltr'>Accius</span> <span class='ocrx_word' id='word_1_306' title='bbox 1058 2768 1087 2795; x_wconf 77' lang='lat' dir='ltr'>et</span> <span class='ocrx_word' id='word_1_307' title='bbox 1111 2762 1287 2802; x_wconf 79' lang='lat' dir='ltr'>Pacuvius]</span> <span class='ocrx_word' id='word_1_308' title='bbox 1320 2758 1462 2801; x_wconf 80' lang='lat' dir='ltr'>Antiqui</span> <span class='ocrx_word' id='word_1_309' title='bbox 1479 2758 1551 2790; x_wconf 78' lang='lat' dir='ltr'>sue-</span> 
     </span>
     <span class='ocr_line' id='line_1_43' title="bbox 86 2808 1382 2856; baseline 0.002 -17"><span class='ocrx_word' id='word_1_310' title='bbox 86 2808 218 2839; x_wconf 77' lang='lat' dir='ltr'>istimat</span> <span class='ocrx_word' id='word_1_311' title='bbox 263 2809 485 2840; x_wconf 80' lang='lat' dir='ltr'>Columellam</span> <span class='ocrx_word' id='word_1_312' title='bbox 527 2811 787 2853; x_wconf 80' lang='lat' dir='ltr'>Metrophanem</span> <span class='ocrx_word' id='word_1_313' title='bbox 845 2819 921 2846; x_wconf 85' lang='lat' dir='ltr'>runt</span> <span class='ocrx_word' id='word_1_314' title='bbox 936 2815 1048 2856; x_wconf 69' lang='lat' dir='ltr'>po&#39;eitae</span> <span class='ocrx_word' id='word_1_315' title='bbox 1067 2814 1228 2845; x_wconf 79' lang='lat' dir='ltr'>lutulenti</span> <span class='ocrx_word' id='word_1_316' title='bbox 1246 2817 1281 2844; x_wconf 83' lang='lat' dir='ltr'>et</span> <span class='ocrx_word' id='word_1_317' title='bbox 1295 2812 1382 2844; x_wconf 85' lang='lat' dir='ltr'>duri.</span> 
     </span>
    </p>
   </div>
  </div>
 </body>
</html>
