1893 3225
523 281 698 311 EPlGRA
712 282 928 312 MMATUM
968 283 1061 311 LlB.
1097 282 1201 311 vlll.

1512 273 1597 314 583

797 375 936 406 NOTAE

182 439 201 466 2
227 437 299 467 Non
324 437 421 478 sapis]
460 438 575 478 Inepti
603 439 689 469 enim
715 444 767 469 est
791 443 841 469 tot
898 444 965 469 tam
998 440 1157 470 celeriter
1185 439 1294 471 factos
1323 450 1388 471 non
1427 442 1595 472 recitaret.

139 497 253 520 versas
270 488 503 529 effundere‚et
520 489 648 521 frustra
664 490 840 522 laborare:

137 544 286 571 attamen
311 540 466 581 sapiebat
492 540 614 580 Varus,
642 540 700 581 qui
725 550 839 572 versus

895 489 983 520 Vide
1002 490 1182 521 Horatium
1200 489 1243 522 de
1261 490 1347 523 Arte
1365 490 1520 523 Po'e'tica.

793 684 942 725 XXI.

252 787 317 815 AD
352 786 659 824 LUClFERUM,
695 785 805 824 VEL,
840 786 891 815 1N
927 784 1212 815 ADVENTUM
1247 783 1481 815 cAESARIS.

137 863 457 915 PHoSPIwRE,
478 864 610 906 redde
632 863 774 905 diem:
806 864 917 918 quid
938 863 1104 917 gaudia
1122 868 1276 905 nostra
1293 864 1506 905 moraris?

192 930 369 973 Caesare
390 937 586 982 venturo,
609 932 881 987 Phosphore‚
898 932 1034 973 redde
1056 932 1186 973 diem.

136 997 287 1040 Roma
306 1005 457 1053 rogat:
490 1001 657 1055 placidi
678 1001 891 1055 numquid
911 1005 952 1043 te
972 1001 1096 1055 pigra
1117 1001 1278 1042 Bootae

190 1067 400 1110 Plaustra
419 1069 599 1118 vehunt,
621 1068 740 1110 lento
761 1069 884 1122 quod
906 1069 1036 1109 nimis
1053 1068 1154 1122 igne
1175 1068 1327 1109 venis?

134 1135 300 1177 Ledaeo
321 1141 500 1190 poteras
522 1137 742 1178 abducere
764 1136 976 1190 Cyllaron
994 1140 1138 1177 astro:
1568 1137 1596 1176 5

188 1204 296 1258 Ipse
319 1218 403 1246 suo
426 1205 556 1247 cedet
576 1218 694 1246 nunc
716 1205 799 1246 tibi
821 1204 982 1246 Castor
1001 1217 1134 1257 equo,

133 1270 253 1322 Quid
276 1272 486 1326 cupidum
506 1272 669 1315 Titana
689 1274 841 1314 tenes?
868 1273 964 1327 jam
986 1271 1200 1312 Xanthus
1222 1275 1267 1311 et
1288 1269 1458 1312 AEthon

190 1339 333 1381 Frena
353 1341 526 1382 volunt:
560 1342 711 1395 vigilat
733 1340 983 1382 Memnonis
1006 1339 1121 1380 alma
1140 1351 1313 1392 parens.

129 1406 280 1448 Tarda
301 1413 448 1449 tamen
468 1408 621 1451 nitidae
642 1422 731 1450 non
749 1408 908 1450 cedunt
929 1407 1073 1448 sidera
1092 1406 1198 1455 luci,

189 1475 248 1516 Et
264 1477 388 1530 cupit
410 1476 656 1518 Ausonium
680 1477 805 1518 Luna
825 1477 971 1517 videre
993 1475 1163 1516 ducem.

1539 1475 1591 1515 10

175 1596 206 1627 Ο
224 1596 361 1635 Lucifer,
371 1598 502 1628 restitue
517 1598 632 1629 lacem.-
656 1598 729 1638 qaid
750 1597 846 1637 affers
862 1606 977 1628 moram
991 1599 1106 1626 nostrae
1129 1593 1279 1626 laetitiae?
1304 1595 1428 1625 Caesare
1443 1597 1587 1631 venturo,

131 1649 150 1669 o
171 1638 307 1678 Lucifer,
333 1640 464 1670 restitue
482 1641 587 1671 lucem.
633 1641 733 1671 Roma
748 1640 894 1670 obsecrat.
938 1639 992 1670 An
1009 1637 1094 1668 tardi
1109 1647 1218 1668 curras
1231 1638 1335 1677 segnis
1350 1638 1462 1668 Bootae
1477 1637 1593 1668 vehunt

131 1685 173 1719 te,
185 1683 263 1722 quod
277 1683 395 1713 accedis
403 1682 535 1724 flamma
548 1683 640 1713 nimis
655 1683 738 1714 lenta
751 1681 766 1715 ‚²
789 1683 924 1714 Poteras
945 1682 1086 1720 abripere
1113 1681 1258 1721 Cyllaron
1278 1684 1360 1711 astro
1373 1680 1505 1711 Ledaeo:
1527 1680 1592 1720 ipse

133 1725 246 1755 Castor
255 1735 334 1755 nunc
345 1725 546 1756 commodabit
562 1725 622 1756 tibi
636 1735 724 1756 suum
742 1734 862 1765 equum.
890 1724 975 1760 Quid
990 1722 1132 1754 retardas
1144 1726 1360 1763 properantem
1370 1724 1462 1754 solem
1478 1721 1493 1755 ,⁹
1515 1724 1592 1753 Jam

132 1767 280 1797 Xanthus
288 1771 319 1798 et
334 1768 451 1798 AEthon
464 1771 611 1808 appetunt
627 1768 776 1798 habenas:
800 1769 882 1798 alma
898 1770 997 1798 mater
1013 1765 1190 1796 Memnonis
1200 1765 1346 1796 excubat.
1379 1765 1592 1796 Nihilominus

141 1812 212 1840 enta
233 1811 335 1841 sidera
346 1820 407 1841 non
423 1811 498 1841 dant
515 1811 612 1841 locum
627 1811 687 1841 luci
703 1811 886 1851 splendidae,
901 1813 931 1840 et
946 1809 1036 1840 Luna
1051 1809 1117 1839 vult
1133 1812 1272 1848 spectare
1287 1807 1510 1849 Imperatorem
1528 1809 1576 1839 Ro
1586 1825 1593 1832 -

727 1894 821 1904 orceo
827 1893 898 1905 ’σοι
905 1894 962 1904 ece

174 1948 226 1979 Ad
241 1947 421 1987 Luciferum
447 1949 480 1980 in
503 1948 583 1980 edd.
602 1954 688 1980 vett.
735 1950 785 1980 Ad
801 1948 982 1987 Luciferam
1003 1950 1043 1980 de
1060 1950 1186 1980 Caesare
1202 1947 1312 1979 codex
1330 1947 1586 1979 Pulmannie—51

132 1991 250 2022 Codex
275 1992 630 2023 Pulmanniexhibet:
656 1993 770 2022 addere
796 1992 965 2032 Cyllaron:
989 1992 1045 2023 alii
1058 1992 1194 2032 legunt:
1219 1992 1370 2022 adducere
1388 1990 1589 2031 Cyllaron.—

134 2037 155 2064 6
178 2034 216 2065 In
248 2034 368 2066 codice
394 2035 598 2066 Pulmanni:
635 2038 708 2066 tunc
734 2034 794 2066 tibi
821 2035 1032 2066 Castor.—10
1055 2034 1228 2067 Ausoniam
1246 2055 1416 2065 ........
1433 2034 1529 2064 lucem
1554 2035 1587 2064 in

791 2121 930 2152 NOTAE

172 2192 188 2220 1
213 2190 406 2232 Phosphore]
445 2190 562 2222 Pridie
587 2200 686 2232 quam
712 2191 745 2221 in
772 2202 827 2222 ur·

128 2239 204 2270 bem
220 2249 261 2270 ex
278 2240 528 2281 Septemtrione
553 2242 685 2273 rediret
701 2243 828 2282 Caesar,

128 2290 170 2321 ad
183 2290 297 2322 sidera
312 2291 499 2322 orationem
518 2295 689 2324 convertit
706 2293 828 2333 Poeta,

127 2348 165 2374 ut
180 2348 312 2374 noctem
328 2343 567 2384 praecipitent:
592 2349 722 2375 tantum
740 2344 828 2375 enim

126 2403 202 2425 esse
215 2394 350 2425 videndi
364 2395 552 2426 Domitiani
565 2395 782 2434 desiderium,
793 2400 831 2427 ut

128 2454 195 2475 nox
219 2445 415 2485 longissima
441 2445 606 2476 videatur.
652 2446 826 2486 Phospho-

128 2504 185 2525 rus
201 2499 251 2526 est
265 2496 410 2527 Veneris
430 2496 542 2534 stella,
559 2506 634 2537 quae
652 2501 731 2527 ante
748 2496 828 2528 solis

129 2549 240 2576 ortum
265 2545 415 2585 Lucifer,
439 2551 516 2587 post
532 2547 608 2578 solis
633 2556 714 2578 vero
730 2557 829 2579 occa-

128 2605 200 2627 suin
216 2597 348 2636 Vesper
365 2597 500 2628 dicitur.

173 2645 298 2676 Gaudia
319 2645 440 2686 nostra]
463 2646 634 2678 Caesarem
662 2646 831 2678 Domitia-

129 2706 220 2728 num.

172 2749 190 2777 3
214 2746 315 2777 Roma
328 2746 434 2786 rogat]
467 2746 516 2778 Ut
542 2747 630 2779 diem
651 2748 761 2780 subito
779 2758 828 2780 re-

128 2798 244 2829 ducas.

173 2848 273 2889 Pigra
294 2847 414 2887 Bootae]
450 2848 588 2888 Bootes,
614 2849 746 2888 Latine,
768 2850 827 2880 bu·-

876 2192 1016 2235 hulcus,
1033 2191 1129 2223 tarde
1143 2195 1311 2231 movetur,
1335 2189 1414 2230 quia
1439 2189 1525 2220 Polo
1542 2190 1588 2220 vi-

884 2243 989 2283 cinus,
1006 2244 1047 2275 de
1061 2253 1127 2285 quo
1139 2243 1197 2274 lib.
1210 2251 1260 2272 lv.
1274 2241 1374 2281 Epig.
1391 2243 1421 2271 3.

926 2299 944 2325 5
982 2294 1142 2326 Abducere
1173 2292 1336 2333 Cyllaron]
1395 2291 1436 2322 In
1464 2291 1585 2322 coelnm

886 2346 1067 2377 translatus
1084 2350 1137 2377 est
1163 2343 1321 2384 Cyllarus
1345 2351 1452 2382 equus
1469 2341 1587 2372 Casto-

886 2396 943 2427 ris.
986 2396 1146 2427 Ledaeum
1172 2399 1298 2425 astrum
1327 2391 1481 2432 intellige
1507 2391 1587 2423 Cas-

887 2452 994 2478 torem
1012 2451 1047 2478 et
1064 2446 1253 2477 Pollucem.

925 2500 944 2528 7
969 2497 1118 2529 Xanthus
1139 2500 1169 2528 et
1183 2494 1318 2535 AEthon]
1355 2493 1494 2525 Scilicet
1511 2493 1588 2534 equi

884 2549 975 2580 solis.
1008 2548 1111 2580 Ovid.
1142 2547 1231 2578 Met.
1264 2555 1305 2577 11.
1338 2549 1484 2586 quatuor
1507 2544 1587 2574 solis

884 2610 987 2642 equos
1001 2604 1168 2638 numerat,
1189 2608 1253 2630 nec
1279 2596 1454 2629 Xanthum
1481 2596 1586 2627 nomi-

882 2656 956 2690 nat,
980 2661 1079 2692 quem
1095 2649 1185 2682 forte
1211 2649 1260 2680 sic
1284 2647 1452 2680 Martialis
1473 2651 1586 2685 vocat,

883 2701 973 2742 quod
992 2702 1039 2732 sol
1054 2700 1161 2732 flavus
1173 2700 1228 2731 sit.

925 2755 945 2783 8
971 2752 1145 2784 Memnonis
1168 2752 1249 2782 alma
1264 2749 1390 2791 parens]
1437 2747 1582 2785 Aurora,

884 2803 978 2843 cnjus
994 2803 1131 2834 historia
1146 2807 1237 2833 nota.
