1893 3225
524 254 928 288 EPIGRAMMATUM
964 258 1057 289 ΜΒ.
1081 258 1187 290 v111.
1490 254 1573 296 :395

724 389 948 432 XXXV.

525 479 577 509 IN
612 478 848 511 PEssmos
881 481 1156 514 coNJUGES.

336 547 448 589 CUM
472 547 569 588 sitis
591 548 774 599 similes,
797 562 1012 604 paresque
1033 552 1140 603 vita,

333 615 463 656 Uxor
482 616 694 670 pessima,
715 617 937 670 pessimus
959 619 1162 672 maritus;

325 683 482 734 Miror,
502 696 588 724 non
609 685 719 726 bene
740 685 972 726 convenire
993 686 1141 728 vobis.

151 782 229 813 Cum
243 781 314 813 sitis
327 782 442 814 similes
457 786 486 814 et
493 793 585 824 pares
599 784 678 825 vita,
690 794 769 815 uxor
780 784 1022 826 improbissima,
1034 787 1083 817 vir
1095 784 1351 827 improbissimus,
1366 787 1479 820 mirum
1490 790 1565 821 mihi

103 825 238 865 videtur,
252 835 304 856 vos
318 835 377 857 non
387 828 581 858 concordare.

711 880 953 892 eeeeeeeeeeee

104 928 149 959 Et
161 927 215 959 hic
231 927 323 959 nulla
338 932 389 960 est
403 929 560 962 lectionis
575 930 724 962 varietas
737 931 772 962 in
787 930 885 962 libris
901 931 1032 963 calamo
1047 931 1196 964 exaratis
1213 936 1272 964 ant
1289 932 1382 974 typis
1398 933 1543 966 excusis.

767 1007 906 1039 NOTAE

144 1071 163 1098 3
189 1067 293 1099 Miror
308 1068 382 1109 non]
418 1069 553 1102 Similes
579 1070 667 1102 enim
692 1070 859 1103 similibus
877 1071 1040 1112 gaudent.

711 1203 963 1245 XXXVI.

471 1293 537 1324 AD
570 1293 815 1324 CAESAREM
852 1293 1195 1324 oofflTiANUM.

102 1358 265 1401 REGIA
286 1362 575 1416 pyramidum,
599 1361 766 1411 Caesar,
787 1362 1001 1403 miracula
1021 1361 1139 1403 ride:

156 1428 186 1469 J
190 1442 260 1470 am
281 1434 401 1472 tacet
420 1430 563 1471 Eoum
584 1431 771 1471 barbara
793 1430 1019 1484 Memphis
1045 1443 1172 1483 opus.

102 1493 213 1536 Pars
234 1501 369 1550 quota
388 1497 641 1538 Parrhasiae
662 1497 785 1538 labor
804 1502 872 1539 est
889 1497 1163 1539 Mareoticus
1185 1497 1329 1539 aulae?

157 1562 326 1605 Clarius
345 1565 390 1605 in
410 1567 500 1606 toto
519 1566 579 1605 nil
599 1565 719 1606 videt
740 1567 842 1606 orbe
864 1566 973 1607 dies.

98 1630 315 1684 Septenos
335 1633 497 1685 pariter
519 1633 676 1673 credas
698 1646 924 1687 assurgere
948 1638 1144 1675 montes:
1534 1637 1561 1678 5

156 1698 461 1741 Thessalicum
479 1701 653 1742 brevior
675 1701 835 1743 Pelion
855 1701 977 1743 Ossa
995 1702 1103 1743 tulit.

99 1765 284 1807 AEthera
305 1768 368 1808 sic
388 1769 536 1818 intrat,
559 1769 714 1810 nitidis
732 1774 779 1810 ut
799 1770 1007 1810 conditus
1030 1770 1161 1811 astris

154 1832 362 1874 Inferiore
383 1838 505 1876 tonet
524 1836 641 1876 nube
666 1849 841 1878 serenus
864 1850 999 1891 apex.

140 1932 171 1965 O
191 1934 310 1973 Caesar,
321 1935 426 1966 deride
437 1938 526 1976 regia
540 1920 687 1968 miracula
699 1938 916 1978 pyramidum:
939 1936 1098 1977 DIemphis
1114 1935 1246 1967 barbara
1254 1935 1324 1976 jam
1335 1937 1407 1968 silet
1420 1938 1557 1981 a'clificiu

93 1980 268 2008 exstructa
290 1979 329 2008 ad
357 1979 528 2011 Orientem.
577 1981 663 2021 Opus
678 1981 866 2021 AEgyptium
881 1984 974 2021 quota
1003 1984 1049 2011 est
1073 1989 1149 2019 pars
1177 1980 1256 2010 auloe
1272 1979 1457 2012 Palatinoe'!
1502 1982 1557 2012 Sol

95 2019 176 2050 nihil
202 2024 320 2059 spectat
348 2023 540 2061 splendidius
566 2023 599 2053 in
625 2027 690 2054 toto
719 2025 842 2055 mundo.
888 2024 989 2055 Putes
1004 2023 1267 2053 similiterattolli
1287 2027 1403 2063 septem
1427 2029 1554 2056 montes.

98 2062 286 2095 Thessalicus
302 2065 404 2095 Pelius
415 2066 577 2106 impositus
591 2070 635 2096 est
649 2067 736 2097 Ossae
753 2066 877 2097 minori.
913 2066 1090 2105 Fastigium
1109 2065 1266 2096 condicum
1277 2067 1447 2106 splendidis
1461 2068 1558 2098 astris

93 2105 138 2136 sic
163 2106 246 2138 subit
271 2107 400 2149 aethera,
414 2112 447 2139 ut
463 2119 602 2140 serenum
618 2112 702 2140 tonet
717 2109 796 2140 nube
811 2109 958 2148 subjecta.
1003 2110 1047 2140 Et
1061 2108 1151 2149 prius
1165 2109 1298 2140 satietur
1312 2119 1424 2140 arcano
1438 2111 1556 2141 lumine

707 2184 938 2196 eeeeeeeeeeee

136 2225 155 2254 3
195 2223 312 2256 Codex
338 2225 576 2259 Florentinus:
601 2237 685 2259 mare
706 2227 951 2259 auleoticus.‘—6
983 2227 1128 2259 Thessala
1148 2237 1217 2259 cum
1249 2227 1369 2259 brevior
1392 2228 1425 2259 in
1457 2228 1555 2260 Vati-

95 2275 192 2298 cano.

137 2377 154 2404 1
175 2374 278 2414 Regia
290 2376 503 2417 pyramidum]
518 2379 575 2409 De
587 2378 707 2420 quibus
722 2378 797 2409 dix·
894 2381 912 2409 5
936 2377 1100 2418 Septenos]
1137 2377 1280 2418 Septem
1307 2379 1424 2419 palatii
1440 2384 1550 2411 turres

96 2424 182 2456 imus
194 2425 255 2457 lib.
273 2426 391 2466 spect.
407 2428 511 2469 Epig.
525 2432 554 2460 1.
852 2433 919 2461 tam
932 2430 1026 2460 mirae
1039 2428 1135 2460 molis
1147 2433 1182 2459 et
1195 2429 1385 2461 altitudinis
1394 2429 1552 2471 affirmat,

137 2478 158 2505 2
180 2476 256 2506 Jam
277 2477 374 2517 tacet]
394 2479 500 2509 Tuum
522 2480 611 2510 enim
629 2480 793 2521 palatium
850 2484 887 2511 ut
902 2483 1067 2520 superent
1082 2478 1203 2510 Ossam
1216 2484 1252 2510 et
1268 2479 1391 2510 Pelion
1414 2480 1552 2511 Thessa·

93 2523 195 2565 longe
211 2531 350 2566 superat
363 2528 421 2558 has
438 2530 643 2569 pyramides.
848 2530 903 2561 liae
918 2535 1065 2568 monteS,
1078 2539 1160 2570 quos
1184 2534 1366 2570 congestos
1383 2530 1414 2561 in
1429 2532 1551 2561 coelum

140 2577 159 2605 3
185 2575 364 2608 Parrhasia>
388 2579 482 2619 aulae]
515 2580 593 2611 Hoc
619 2584 684 2620 est,
706 2580 793 2612 aulae
849 2581 1014 2612 struxisse
1039 2579 1198 2612 seruntur
1233 2581 1397 2623 gigantes.
1446 2582 1548 2613 Ovid.

96 2624 344 2666 Palatinae,seu
357 2628 494 2662 Palatii.
518 2630 595 2664 Lib.
607 2641 672 2663 vu.
691 2632 792 2673 Epig.
848 2631 936 2663 Met.
953 2640 978 2662 1.

98 2679 152 2706 55·
852 2715 854 2718 ,
890 2685 909 2713 7
933 2683 1067 2714 AEtlzera
1078 2683 1123 2714 sz'c
1139 2682 1256 2723 intrat]
1280 2683 1321 2713 Id
1339 2687 1404 2720 est,
1417 2687 1483 2714 tam
1501 2684 1548 2714 al-

138 2727 242 2758 Labor
254 2727 457 2769 Mareoticus]
493 2731 569 2763 Hoc
589 2735 653 2771 est,
670 2733 793 2774 AEgyp-
849 2737 920 2764 tum
937 2738 990 2764 est
1010 2734 1074 2765 hoc
1098 2734 1276 2774 palatium,
1296 2739 1334 2765 ut
1352 2734 1457 2765 nubes
1474 2735 1550 2765 alti-

95 2777 176 2816 tius,
194 2787 212 2808 a
229 2778 422 2810 Mareotide
434 2781 656 2814 celeberrima
667 2783 793 2825 AEgyp-
849 2783 966 2814 tudine
984 2788 1136 2826 superet,
1153 2789 1253 2825 atque
1277 2785 1324 2816 ita
1340 2784 1428 2816 infra
1453 2791 1547 2817 tonet

96 2829 123 2860 ti
139 2829 274 2869 palude.
847 2833 994 2873 Jupiter.
