1893 3225
528 248 930 278 EplGRAMMA'rUM
971 248 1063 276 ΜΒ.
1096 248 1207 277 xiii.
1519 238 1603 279 §.⁵81

797 342 936 374 NOTAE

185 406 425 447 Mamertinum]
449 406 577 439 Plinius
593 407 651 438 lib.
666 415 743 437 xiv.
768 416 844 447 cap.
899 406 1042 437 wertina
1060 407 1301 437 vetustissima.

140 459 170 486 6.
199 458 208 473 ‘
223 457 388 489 Quartum
412 457 619 488 curriculum
645 455 788 496 publicis
811 466 844 487 e-
941 459 960 487 2
987 457 1125 491 Quodvis
1150 455 1272 495 nomen]
1296 455 1372 487 Hoc
1388 460 1453 496 est,
1468 457 1521 488 vel
1539 457 1603 488 Fa-

140 506 229 547 pulis
245 507 425 538 obtinuere
442 517 461 538 a
477 507 568 539 Divo
584 506 677 539 Julio
690 506 736 547 (is
752 506 843 537 enim
898 508 1044 545 lei-num,
1063 508 1116 537 vel
1137 507 1306 547 Setinum,
1336 508 1388 538 vel
1405 508 1604 540 Caecubum,

140 558 266 598 primus
283 558 525 590 auctoritatem
540 557 591 588 his
608 557 741 596 tribuit,
757 557 841 588 utin
897 560 960 589 &c.
985 557 1150 588 nominari
1178 561 1307 598 potest,
1339 557 1390 589 his
1419 559 1508 590 euim
1533 558 1602 589 vini

139 608 292 648 epistolis
316 608 388 649 ejus
425 607 586 649 apparet)
621 607 842 647 Mamertina,
897 607 1075 649 speciebus
1105 607 1310 649 aequiparari
1341 612 1467 649 potest.
1512 609 1599 640 Vide

139 658 232 689 circa
248 659 444 690 Messanam
460 659 493 689 in
507 658 624 690 Sicilia
638 657 776 698 genita.'
896 659 955 691 lib.
972 669 997 690 1.
1016 658 1115 700 Epig.
1133 661 1205 690 106.

185 713 199 740 l
227 710 377 741 Nestorea
401 710 537 750 senecta]
569 710 644 741 Hoc
675 714 740 748 est,
770 709 842 739 Ma-

754 842 988 884 CXVIII.

655 932 1079 962 TARRACONENSE.

141 999 211 1039 ΤΑ
223 1011 403 1051 RRACO,
426 1001 660 1055 Campano
680 1005 848 1042 tantum
872 1012 1055 1041 cessura
1074 1000 1227 1054 Lyaeo,

196 1068 312 1109 Haec
336 1070 485 1121 genuit
503 1069 670 1111 Tuscis
689 1069 851 1111 aemula
872 1069 978 1110 vina
996 1069 1135 1110 cadis.

185 1173 319 1204 Tarraco
330 1175 481 1214 produxit
496 1175 561 1206 hoec
577 1176 649 1207 vina
666 1176 775 1206 aemula
785 1175 855 1206 vinu
873 1176 980 1212 Tusco,
994 1176 1112 1216 primas
1120 1176 1234 1206 datura
1244 1175 1399 1206 duntaxat
1418 1176 1487 1207 vino
1507 1178 1596 1208 Cam-

136 1226 226 1256 pano.

748 1270 983 1282 ,,,,,,,,,,,,

180 1317 195 1344 1
222 1313 327 1345 Solum
344 1324 404 1355 pro
420 1319 542 1346 tantum
558 1316 634 1348 cod.
646 1316 784 1347 Beverl.

800 1379 939 1412 NOTAE

181 1445 194 1472 1
225 1442 374 1483 Tarraco]
397 1443 527 1476 Civitas
544 1444 722 1485 Hispaniae
747 1443 840 1474 nobi·
895 1443 986 1481 vina,
1002 1442 1045 1474 de
1069 1441 1191 1484 quibus
1215 1451 1417 1482 supra‚cum
1443 1442 1516 1475 aliis
1532 1443 1601 1475 Ita·

136 1491 189 1531 lis,
211 1492 311 1524 hodie
331 1494 525 1533 Tarragoua,
549 1494 607 1525 ubi
624 1494 736 1525 vinum
762 1498 839 1525 erat
896 1494 951 1526 liae
982 1494 1068 1526 vinis
1107 1493 1299 1535 comparari
1338 1498 1464 1534 posset.
1510 1495 1597 1526 Vide

134 1548 203 1574 tam
229 1545 417 1586 egregium,
438 1551 474 1577 ut
501 1550 629 1586 praeter
645 1545 839 1586 Campaniae
895 1544 1043 1575 Plinium
1056 1544 1116 1576 lib.
1132 1553 1210 1575 xnv.
1225 1553 1301 1585 cap.
1317 1547 1349 1575 6.

781 1676 968 1718 CXIX.

680 1766 1053 1798 NOMENTANUM.

142 1835 468 1877 NOMENTANA
490 1848 634 1877 meum
656 1836 734 1877 tibi
756 1834 829 1876 dat
851 1834 1074 1875 vindemia
1096 1833 1344 1874 Bacchum:

193 1903 241 1944 Si
261 1909 302 1944 te
323 1902 518 1954 Quintus
538 1906 671 1954 amat,
693 1902 997 1944 commodiora
1015 1902 1159 1943 bibes.

179 2003 377 2034 Nomentana
391 2002 548 2034 vindemia
563 2001 657 2043 offert
671 2002 730 2033 tibi
741 2011 842 2032 meum
856 2002 960 2032 vinum
971 2010 982 2031 .·
1005 2000 1042 2031 Sa·
1058 2010 1089 2031 es
1101 2000 1218 2031 amicus
1236 1999 1379 2039 Quincti,
1391 1999 1518 2040 potabis
1532 2011 1594 2032 me·

133 2046 224 2077 liora.

796 2086 936 2119 NOTAE

178 2155 192 2183 l
222 2152 431 2193 Nomentana]
455 2152 510 2182 De
536 2150 662 2183 vitibus
686 2151 836 2182 Nomen·
891 2149 1147 2190 constat,juxta
1164 2149 1416 2181 Nomentanum
1427 2150 1595 2181 Martialis

132 2203 220 2234 tanis
234 2203 305 2243 agit
321 2203 453 2234 Plinius
469 2202 527 2233 lib.
543 2212 619 2233 xxv.
636 2212 712 2243 cap.
726 2204 757 2233 2.
780 2202 836 2233 De
892 2210 1009 2241 agrum
1055 2200 1220 2233 Quintum
1271 2200 1384 2232 villam
1425 2200 1595 2242 habuisse,

133 2263 216 2294 agro
229 2263 288 2284 suo
303 2253 519 2285 Nomentano
532 2253 601 2293 egit
614 2253 727 2284 Po'eta
740 2252 800 2284 lib.
812 2261 837 2283 1.
891 2251 948 2283 ubi
963 2252 1076 2282 vinum
1088 2251 1307 2293 praestantius
1319 2256 1407 2292 erat,
1417 2253 1507 2295 quod
1521 2252 1596 2284 dili-

133 2304 234 2345 Epig.
251 2306 324 2336 106.
342 2303 402 2335 lib.
418 2312 486 2335 vn.
512 2304 613 2344 Epig.
629 2305 682 2334 93.
706 2303 756 2334 Ex
771 2312 837 2344 quo
891 2302 1028 2343 gentius
1045 2311 1164 2343 agrum
1181 2302 1311 2334 coleret
1324 2302 1485 2335 Quintus.

780 2441 943 2483 CXX.

695 2531 1031 2562 SPOLETINUM.

137 2602 212 2642 DF.
236 2598 478 2654 Spoletinis
499 2611 598 2651 quae
617 2603 719 2640 sunt
739 2599 914 2640 cariosa
932 2598 1105 2652 lagenis

193 2667 421 2716 Malueris‚
438 2678 569 2719 quam
591 2665 630 2706 si
651 2670 795 2707 musta
816 2666 1007 2708 Falerna
1026 2665 1172 2707 bibas.

179 2768 313 2806 Rugosce
343 2767 461 2805 lugente
487 2764 556 2795 vini
571 2750 742 2804 ⁹¹Spoletini
762 2766 834 2805 plus
860 2766 919 2797 tibi
939 2765 1123 2806 placuerint,
1147 2774 1237 2805 quam
1251 2764 1280 2794 si
1290 2767 1378 2804 potes
1400 2766 1499 2794 musta
1523 2764 1586 2796 Fa-

133 2812 228 2840 lerna.
