1893 3225
513 223 619 252 EPIG
633 223 877 253 nAMMA'rU
888 224 919 252 M
958 224 1048 253 [ΑΒ.
1082 225 1153 254 lx.

1479 218 1560 259 701

116 317 231 359 Cum
251 331 377 371 grege
401 319 552 359 Pierio
574 323 758 360 moestus
780 319 1043 374 Phoeboque
1064 321 1276 374 querebar
1294 335 1303 362 :

170 386 272 438 Ipse
295 400 437 427 meum
460 386 576 436 flevi,
599 387 712 428 dixit
733 385 915 440 Apollo,
940 389 1092 428 Linon.

109 452 418 508 Respexitque
441 468 582 504 suam,
604 468 701 508 quae
724 457 865 496 stabat
887 456 1089 508 proxima
1110 455 1245 505 fratri,
1534 471 1562 498 ο

166 521 414 575 Calliopen,
436 527 477 563 et
498 523 557 563 ait
575 536 583 563 :
616 522 685 563 Tu
707 536 882 576 quoque
903 523 1062 564 vulnus
1082 523 1234 563 habes,

109 587 278 642 Aspice
298 590 550 643 Tarpeium,
573 591 929 644 Pallatinumque
950 591 1201 631 Tonantem
1219 604 1228 631 ε

164 656 291 697 Ausa
310 658 434 698 nefas
459 658 671 699 Lachesis
694 658 814 698 laesit
836 662 1065 712 utrumque
1088 658 1260 699 Joveiu.

109 724 307 765 Numina
328 738 425 766 cum
447 726 602 767 videas
626 726 746 766 duris
769 726 962 767 obnoxia
984 726 1101 777 satis,

165 792 339 833 Invidia
359 793 506 847 possis
528 807 768 834 exonerare
791 793 931 835 Deos.

1505 795 1559 837 10

104 887 212 918 Severi
226 889 274 918 sui
285 888 375 929 filii.-
396 899 463 919 cum
478 889 567 919 choro
586 889 756 927 Musarum,
780 892 810 920 et
828 889 941 920 Plioebo
953 899 1082 920 moerens
1102 890 1317 929 conquerebar,
1341 891 1398 922 sed
1413 891 1489 931 ipse,
1511 892 1561 923 in-

103 930 169 969 quit
186 930 308 970 Apollo,
330 932 397 961 luxi
413 942 510 962 meum
525 933 649 962 Linum.
694 933 797 973 Atque
814 933 945 963 intuitus
957 937 1001 963 est
1017 942 1103 962 suam
1121 934 1292 972 Calliopen,
1315 945 1383 973 qnae
1404 935 1451 965 illi
1465 944 1561 975 prox-

103 973 165 1002 ima
181 974 314 1011 sedebat,
337 978 367 1004 et
392 975 488 1013 dixit,
511 979 545 1005 tu
571 977 664 1005 etiam
688 976 818 1016 afficeris
840 984 977 1006 incerare.
1027 975 1105 1006 Vide
1134 976 1300 1007 Tonantem
1328 977 1504 1017 Tarpeium,
1528 982 1558 1008 et

103 1015 296 1055 Palatinum,
319 1016 464 1047 Lachesis
478 1028 552 1048 ausa
570 1018 654 1054 nefus
674 1018 808 1057 offendit
825 1021 988 1058 utrumque
1003 1018 1121 1048 Jovem.
1170 1020 1248 1049 Cum
1263 1023 1380 1060 spectes
1395 1021 1477 1051 Deos
1490 1021 1558 1051 sub-

102 1058 183 1089 ditos
190 1058 286 1098 satis,
307 1061 406 1099 possis
421 1060 554 1091 liberare
567 1060 636 1091 illos
654 1062 734 1092 odio.

700 1135 837 1146 eeeeee

840 1136 937 1147 eeeee

144 1174 327 1216 Inscriptio
352 1176 449 1216 hujus
476 1176 739 1216 Epigrammatis
765 1176 796 1207 in
824 1176 901 1207 edd.
930 1182 1016 1210 vett.
1044 1178 1118 1209 liaec
1132 1182 1206 1210 est:
1234 1180 1287 1210 De
1300 1180 1374 1220 filio
1391 1179 1542 1211 Silz'i.—1

103 1217 174 1248 Sibi
189 1219 413 1258 Pulmannus,
426 1220 483 1260 qui
495 1222 596 1251 etiam
614 1230 675 1260 pro
693 1230 761 1251 cum
779 1220 851 1250 vult
868 1222 957 1260 quod.

759 1297 789 1327 N
797 1295 898 1326 OTAE

139 1350 160 1379 2
178 1346 290 1388 Silius]
316 1347 472 1388 Italicus,
496 1348 538 1379 de
565 1358 631 1390 quo
655 1348 714 1381 lib.
731 1358 797 1380 vn.

98 1398 197 1439 Epig.
208 1401 261 1429 63.
273 1403 307 1430 et
319 1399 376 1430 lib.
397 1409 475 1430 vui.
491 1402 545 1431 66.
559 1410 659 1441 quem
671 1401 799 1431 solatur

98 1449 209 1481 Poeta
235 1450 392 1490 exemplo
415 1451 582 1489 Deorum,
605 1460 744 1491 quorum
762 1454 798 1481 et

97 1499 158 1531 filii
174 1501 299 1532 acerbo
320 1499 392 1531 fato
410 1502 498 1541 rapti
516 1506 607 1532 sunt.

141 1551 277 1582 Ausonio
306 1562 367 1582 non
395 1551 502 1591 semel]
539 1551 616 1581 Hoc
634 1555 699 1589 est,
730 1561 798 1582 non

97 1602 258 1642 eloquens
294 1611 361 1632 uno
388 1606 518 1632 tantum
550 1601 712 1632 orationis
741 1611 798 1641 ge-

97 1663 192 1693 nere,
208 1653 364 1693 egregins
381 1653 507 1694 quippe
531 1657 646 1684 orator
668 1652 746 1693 fuit,
763 1658 799 1684 et

99 1703 215 1744 poeta,
230 1703 286 1734 lib.
305 1713 370 1734 vu.
390 1703 491 1743 Epig.
509 1706 563 1735 63.

140 1757 158 1785 3
186 1755 264 1785 Cum
281 1755 392 1795 grege]
414 1755 500 1794 Ego,
526 1754 635 1795 inquit
658 1754 798 1785 Martia-

94 1804 146 1844 lis,
174 1804 340 1846 querebar
366 1815 440 1835 cum
468 1805 598 1835 Phoebo
625 1809 661 1836 et
679 1806 798 1844 Musis,

96 1865 170 1895 quae
187 1855 342 1886 Pierides
358 1855 458 1887 dictae
475 1860 563 1894 sunt,
582 1855 638 1886 lib.
656 1865 679 1886 1.
697 1856 797 1896 Epig.

98 1908 150 1937 77.

139 1959 158 1987 4
182 1956 297 1996 Linon]
328 1956 492 1997 Apollinis
506 1962 541 1987 et
555 1956 797 1996 Terpsichores

95 2006 213 2046 filium,
229 2016 326 2047 quem
344 2007 385 2038 ab
412 2007 562 2038 Hercule
579 2007 726 2037 occisum
751 2005 797 2036 fe-

96 2062 177 2088 runt
194 2058 316 2098 poetae.
350 2057 537 2088 Pausanias
560 2057 592 2087 iu
607 2057 796 2087 Corinthia-

114 2108 142 2138 is
160 2107 264 2138 refert
280 2108 401 2139 Linum
419 2107 586 2148 Apollinis
608 2112 642 2138 ot
660 2107 796 2137 Psama-

97 2158 171 2190 thes
187 2158 292 2189 filium
308 2169 317 2198 3
342 2159 375 2189 in
400 2159 563 2190 Boeoticis
583 2167 661 2189 vero
676 2158 795 2188 Linum

854 1348 957 1380 alium
979 1349 1116 1380 Uraniae
1147 1355 1183 1382 et
1213 1350 1424 1392 Amphimari
1448 1353 1555 1385 filiurn

854 1399 990 1440 poetam
1007 1401 1180 1440 egregium
1193 1400 1297 1433 fnisse
1313 1402 1470 1435 affirmat.

895 1453 915 1481 6
942 1451 989 1481 Tu
1018 1461 1133 1491 quoque
1159 1453 1269 1483 vulnus
1290 1453 1395 1495 habes]
1429 1454 1554 1487 Occiso

853 1499 987 1531 scilicet
1014 1500 1154 1541 Orpheo
1180 1503 1254 1542 eJus
1278 1502 1362 1543 filio,
1380 1504 1474 1544 cujus
1490 1505 1554 1536 his-

854 1551 942 1581 toria
956 1552 1039 1582 satis
1055 1557 1146 1583 nota.

895 1604 914 1632 7
937 1602 1052 1641 Aspice
1067 1602 1244 1642 Tarpeium]
1263 1604 1365 1644 Cujus
1379 1604 1467 1635 filius
1479 1605 1556 1636 Sar-

854 1651 966 1692 pedon
1001 1652 1041 1682 ad
1078 1653 1220 1693 Trojam
1260 1655 1375 1693 periit.
1436 1656 1555 1696 Virgil.

853 1701 984 1732 AEneid.
1003 1711 1038 1733 x.
1064 1704 1195 1743 ‘Trojae
1210 1703 1272 1733 sub
1286 1704 1452 1735 moenibus
1465 1706 1557 1743 altis,

853 1753 920 1783 Tot
937 1752 1008 1783 nati
1021 1753 1178 1784 cecidere
1192 1754 1321 1792 Deum;
1338 1755 1417 1795 quin
1428 1756 1556 1787 occidit

852 1813 918 1833 una
941 1804 1114 1843 Sarpedon
1129 1813 1202 1835 mea
1220 1805 1412 1844 progenies.

896 1855 1164 1895 Pallatimmzque]
1190 1856 1437 1896 Domitianum,
1461 1858 1554 1898 cujus

852 1903 939 1934 filius
959 1903 1069 1935 infans
1089 1905 1197 1936 adhuc
1227 1912 1378 1937 mortuus
1409 1911 1486 1945 est;
1510 1908 1552 1939 de

852 1955 998 1996 quojam
1014 1955 1158 1986 diximus
1175 1955 1233 1987 lib.
1250 1965 1300 1986 vs.
1319 1957 1418 1997 Epig.
1436 1960 1468 1988 3.

894 2010 913 2037 S
936 2007 1097 2047 Lachesis]
1121 2008 1197 2038 Una
1212 2008 1410 2040 Parcarum.

889 2059 928 2087 10
953 2057 1079 2088 Invidia
1094 2058 1208 2097 possis]
1233 2059 1359 2089 Sensus
1374 2064 1448 2090 est:
1473 2060 1552 2091 Non

852 2106 956 2137 debes
973 2107 1046 2138 Diis
1062 2108 1176 2147 irasci,
1193 2109 1248 2149 qui
1273 2113 1308 2140 et
1321 2109 1383 2150 ipsi
1396 2114 1551 2141 natorum

851 2158 1010 2189 acerbum
1027 2159 1137 2192 fatum
1150 2162 1280 2202 lugent.

652 2297 997 2339 LXXXVIII.

631 2389 697 2418 AD
735 2387 1020 2417 LUPERCUM.

213 2455 411 2497 SEPTEM
434 2461 536 2511 post
556 2456 721 2497 calices
744 2453 969 2507 Opimiani

214 2522 364 2564 Denso
386 2538 485 2565 cum
500 2524 679 2578 jaceam
701 2523 850 2564 triente
870 2522 1054 2572 blaesus,

143 2612 220 2642 Post
242 2616 355 2652 septem
370 2614 477 2644 calices
494 2613 654 2654 Opimiani
679 2623 749 2644 cum
767 2611 893 2650 jaceam
918 2611 1090 2643 balbutiens
1115 2611 1232 2643 crebris
1254 2611 1434 2651 trientibus,
1454 2611 1549 2652 affers

748 2677 889 2710 NOTAE

144 2733 159 2760 l
187 2730 359 2770 Opimiani]
388 2731 442 2762 De
473 2731 536 2762 hoc
562 2731 638 2763 vino
665 2731 792 2762 dictum

98 2780 194 2811 lib.1.
213 2780 376 2820 Epig.27.

890 2734 910 2761 2
938 2731 1078 2770 Trienle]
1103 2730 1169 2762 Qui
1195 2729 1286 2769 capit
1311 2732 1455 2769 quatuor
1472 2738 1549 2767 cya-

851 2781 938 2811 thos.
