1893 3225
304 228 391 272 964
781 237 832 268 Μ.
863 235 974 267 vAL.
1006 236 1284 267 MARTmLis

920 374 1160 416 LXXIII.

900 464 1178 494 NUMlmcAE.

311 532 520 574 ANSERE
543 530 747 572 Romano
769 532 973 585 quamvis
995 535 1117 572 satur
1140 531 1372 573 Hannibal
1390 538 1520 585 esset,

368 601 390 641 Ι
394 614 472 654 pse
494 613 597 641 suas
617 612 838 653 nunquam
860 599 1076 640 barbarus
1097 599 1188 641 edit
1209 612 1328 641 avos.

352 711 440 743 Dicet
466 710 626 742 Hannibal
651 714 730 742 esset
752 711 890 751 expletus
911 720 1017 741 ansere
1034 711 1185 750 Romano,
1208 719 1362 750 nunquam
1378 710 1443 750 ipse
1459 709 1612 740 barbarus
1627 712 1759 743 comedit

307 765 377 786 suas
391 765 471 786 aves.

964 795 1104 828 NOTAE

351 867 367 894 1
402 862 501 893 Satur
527 860 703 901 Hannibal]
753 861 844 891 Dum
875 860 1004 891 bellum
1058 859 1153 890 aiunt
1169 859 1387 899 interpretes.
1412 858 1465 890 De
1481 859 1672 890 Numidicis
1689 860 1760 891 dic-

309 913 415 955 gessit
439 913 471 943 iu
496 911 597 942 Italia
613 916 731 951 pastus
748 915 802 941 est
818 909 1005 949 anseribus,
1058 915 1128 942 tum
1144 910 1244 950 Epig.
1259 912 1311 941 57.
1326 909 1384 940 lib.
1397 919 1454 940 ιιι.
1498 910 1563 940 Vel
1579 910 1694 951 potius
1710 911 1759 942 iu-

307 970 343 996 et
367 962 531 995 abstinuit
560 971 595 992 se
637 960 770 1002 gallinis
796 960 1002 1001 Numidicis,
1058 960 1175 1000 tellige
1202 959 1401 991 Numidicas
1425 959 1640 1001 displicuisse
1666 961 1759 992 Hau-

304 1017 388 1046 licet
410 1011 681 1052 delicatioribus,
717 1012 795 1053 quia
830 1015 910 1042 tunc
935 1012 1002 1042 illae
1058 1011 1173 1042 nibali.

306 1064 453 1095 nondum
492 1062 618 1094 mensis
657 1062 928 1104 apponebantur,
965 1066 1004 1093 ut

910 1188 1144 1231 LXXIV.

946 1277 1124 1309 ANSER.

306 1351 425 1391 HAEc
450 1348 643 1390 servavit
665 1347 761 1387 avis
782 1345 964 1399 Tarpeii
987 1346 1154 1399 templa
1174 1344 1403 1386 Tonantis.

360 1417 567 1458 Miraris?
600 1414 795 1455 nondum
816 1412 983 1453 fecerat
1002 1412 1079 1453 illa
1101 1412 1236 1452 Deus.

348 1527 428 1557 Hoec
443 1525 509 1557 avis
523 1524 686 1556 custodivit
702 1524 784 1554 cedes
794 1523 884 1553 Jovis
899 1521 1046 1562 Tarpeii.-
1062 1521 1232 1552 mirarisne
1245 1521 1256 1551 ?
1271 1520 1404 1551 nondum
1419 1523 1587 1552 exstructa>
1593 1521 1723 1559 fuerant
1737 1531 1757 1552 α

304 1570 450 1601 Numine.

911 1616 1145 1628 eeeoaeoeeeeaee

344 1679 359 1707 1
388 1676 519 1716 Tarpeia
535 1676 600 1707 Ms.
620 1674 819 1706 BeverL-—2
843 1673 900 1704 Ille
916 1673 1000 1705 Deos
1016 1673 1060 1705 id.

958 1750 1097 1783 NOTAE

340 1820 357 1847 l
386 1816 527 1857 Templa]
552 1816 638 1848 Quae
653 1826 671 1846 a
685 1815 795 1847 Gallis
811 1815 998 1846 obsidenti-
1092 1818 1112 1846 2
1138 1812 1285 1846 Nondum
1299 1815 1420 1854 fecerat
1434 1814 1504 1855 illu]
1535 1814 1750 1846 Domitianus

297 1867 356 1897 bus
384 1872 579 1908 expugnata
604 1866 761 1904 fuissent,
790 1866 853 1897 uisi
871 1866 998 1897 anseris
1053 1866 1111 1907 qui
1142 1866 1316 1897 incensum
1350 1865 1554 1906 Capitolium
1586 1865 1751 1905 restituit,

297 1917 515 1958 clangoribus
540 1916 681 1949 excitati
704 1916 851 1948 fuissent
868 1916 998 1957 vigiles.
1053 1916 1144 1957 quod
1166 1916 1237 1956 jam
1269 1916 1335 1947 alio
1347 1916 1490 1948 custode
1504 1926 1603 1958 quam
1629 1916 1750 1948 Domi-

299 1967 413 1998 Livius
430 1967 488 1999 lib.
503 1978 533 1999 v.
1061 1967 1145 1998 tiani
1162 1967 1298 1998 numine
1314 1977 1380 1998 non
1393 1966 1535 2008 indiget.

918 2090 1127 2133 LXXV.

935 2180 1110 2210 GRUES.

297 2250 558 2291 TURBABlS
581 2262 749 2298 versus,
771 2263 849 2289 uec
872 2249 1003 2290 litera
1019 2254 1110 2290 tota
1132 2250 1313 2301 volabit,

353 2317 500 2358 Unam
521 2317 763 2371 perdideris
786 2317 823 2357 si
846 2317 1099 2358 Palamedis
1121 2331 1260 2360 avem.

341 2426 493 2458 Turbabis
508 2427 640 2467 ordines,
651 2437 705 2458 nec
720 2427 812 2458 litera
827 2427 952 2466 integra
963 2428 1089 2468 volabit,
1103 2429 1131 2458 si
1147 2428 1288 2460 amiseris
1302 2438 1394 2460 uuam
1409 2439 1494 2460 (ιιέηι
1508 2430 1698 2462 Palamedis.

905 2499 979 2510 «σοι
983 2498 1136 2511 ‘Neo-ece

341 2548 357 2575 l
383 2543 532 2576 Tur-babit
548 2553 609 2584 pro
630 2543 722 2576 Turb.
737 2549 770 2576 et
787 2544 905 2575 sonabit
919 2553 980 2585 pro
993 2545 1052 2577 vol.
1068 2545 1135 2576 Ms.
1152 2546 1285 2578 Beverl.

945 2630 1088 2662 NOTAE

335 2696 351 2724 1
379 2694 444 2725 Nec
472 2694 565 2726 litera
593 2694 675 2735 to'ta]
700 2693 765 2725 Alii
793 2694 989 2734 intelligunt
1044 2695 1090 2725 sie
1119 2696 1188 2727 ait:
1222 2695 1338 2727 ‘Illud
1365 2707 1445 2728 vero
1478 2698 1520 2728 ab
1552 2697 1736 2730 Aristotele

290 2747 324 2781 Ὺ,
347 2744 399 2773 alii
415 2754 494 2776 vero
507 2751 536 2775 Δ
552 2757 559 2776 ;
585 2754 660 2786 quae
673 2745 844 2776 sententia
856 2744 989 2776 videtur
1044 2747 1327 2787 animadversum,
1347 2758 1364 2779 a
1382 2758 1448 2789 quo
1466 2749 1638 2789 pleraque,
1661 2749 1735 2790 quis

291 2795 418 2826 melior.
450 2797 570 2828 Cicero
588 2805 627 2828 ιι.
641 2796 684 2828 de
700 2801 821 2828 natura
834 2797 986 2828 Deorum
1043 2803 1158 2838 potest
1188 2808 1251 2830 uon
1276 2800 1414 2831 mitari?
1438 2800 1560 2839 Grues,
1573 2810 1648 2832 cuni
1665 2800 1738 2832 loca
