1960 3230
592 209 995 240 EPJGRAMMA'I'UM
1035 211 1124 240 [ΑΗ.
1161 212 1242 241 Vll.

1566 202 1614 242 :31
1627 202 1648 242 l

804 373 1024 415 XXVII.

469 466 532 495 DE
566 465 694 495 Arno
728 464 823 494 sun
859 465 889 494 A
926 464 1132 494 Dssx'rrzo
1167 452 1356 493 Misso*

183 533 368 574 TUSCAE
384 533 558 587 glandis
577 547 682 587 aper
705 534 958 587 populator,
980 538 1025 575 et
1045 533 1146 574 ilice
1167 532 1308 573 multa

237 602 266 643 J
271 617 340 644 am
362 603 497 657 piger,
520 602 686 643 AEtolae
706 602 827 643 sama
847 601 1043 643 secunda
1063 601 1185 650 ferae,

183 670 326 720 Quem
348 682 472 711 meus
492 669 674 710 intravit
695 669 941 723 splendenti
963 668 1149 722 cuspide
1167 668 1353 717 Dexter,

241 738 543 792 Praedajaces
564 738 733 779 nostris
754 737 984 778 invidiosa
1003 735 1136 776 focis.

182 805 479 855 Pinguescant
496 804 674 846 madido
697 804 796 845 tetri
816 805 972 845 nidore
994 803 1198 853 Penates

1618 805 1646 844 0³

239 873 419 926 Flagret
439 876 480 914 et
497 873 653 914 exciso
676 872 790 913 festa
810 872 957 913 culina
971 872 1098 925 jugo.

180 941 269 982 Sed
291 954 462 995 coquus
483 941 701 994 ingentem
717 940 886 995 piperis
906 947 1141 982 consumet
1163 952 1383 987 acervum,

234 1008 383 1050 Addet
403 1014 444 1050 et
464 1022 624 1050 arcano
645 1010 787 1050 mixta
807 1009 997 1049 Falerna
1018 1020 1136 1061 garo.

179 1077 252 1118 Ad
276 1078 495 1118 dominum
516 1077 667 1118 redeas
685 1089 694 1118 :
726 1080 875 1117 noster
898 1080 939 1117 te
961 1088 1045 1116 non
1067 1075 1191 1129 capit
1212 1074 1337 1127 ignis,

236 1145 527 1187 Conturbator
547 1157 677 1199 aper:
711 1144 844 1185 vilius
865 1143 1026 1184 esurio.

1590 1144 1645 1184 10

219 1261 250 1291 Ο
267 1271 341 1301 aper
356 1264 494 1292 vastator
510 1260 615 1292 Tuscoe
627 1260 767 1300 glandis,
784 1260 891 1299 etjam
901 1260 995 1301 piger
1009 1259 1109 1291 multa
1126 1259 1208 1298 ilice,
1217 1258 1309 1296 fama
1319 1260 1464 1298 proxima
1479 1259 1517 1289 ab
1534 1260 1642 1290 AEtola

167 1303 255 1343 sera,
271 1314 357 1344 quem
372 1304 532 1342 interfecit
549 1305 675 1335 Dexter·
699 1303 843 1343 fulgenti
869 1304 1031 1341 venabulo,
1057 1302 1236 1343 procumbis
1258 1303 1366 1342 proedu
1391 1303 1497 1333 odiosa
1526 1304 1643 1333 nostris

167 1346 262 1384 focis.

325 1347 463 1378 Penates
485 1348 603 1378 madidi
629 1347 834 1387 pinguescant
855 1347 951 1377 hilari
973 1346 1093 1383 nidore,
1131 1349 1159 1376 et
1184 1345 1288 1376 culina
1315 1345 1387 1375 laeta
1419 1346 1530 1376 ardeat
1556 1348 1645 1376 cresis

174 1389 279 1427 lignis.
324 1390 370 1420 At
384 1400 495 1430 coquus
521 1390 676 1431 impendet
702 1390 861 1429 ingentem
884 1391 1038 1421 cumulum
1061 1389 1192 1429 piperis,
1218 1392 1311 1428 atque
1337 1388 1487 1427 adjunget
1510 1388 1645 1419 Falerna

174 1432 276 1462 mia-ta
302 1433 445 1464 interiori
468 1443 559 1472 garo.
606 1433 787 1464 Recertaris
818 1434 857 1463 ad
880 1433 1058 1463 dominum:
1083 1433 1113 1462 ()
1130 1441 1204 1472 aper
1226 1433 1378 1470 decoctor,
1399 1441 1457 1462 non
1474 1434 1504 1462 te
1518 1432 1643 1472 copiunt

174 1475 273 1506 nostri
295 1475 404 1506 Lares.

788 1559 905 1570 eeeeee

451 1476 562 1507 Fames
573 1486 638 1506 mea
653 1478 772 1507 constat
784 1476 917 1507 vilioris.

908 1559 1026 1570 tttttt

221 1615 271 1645 De
286 1614 370 1655 Apro
396 1625 415 1645 α
434 1624 466 1645 se
489 1615 586 1645 occiso
612 1615 645 1645 in
670 1614 749 1645 edd.
767 1619 854 1646 vett.
901 1615 954 1645 Ad
971 1615 1093 1654 Aprum
1116 1615 1245 1645 missum
1270 1615 1379 1646 codex
1402 1614 1641 1645 Pulmanni.—

175 1659 194 1687 2
219 1657 390 1688 Gruterus
419 1657 484 1697 legi
511 1667 610 1697 posse
633 1658 767 1688 credit:
793 1657 937 1698 Impiger
951 1657 1081 1696 AEtvlae,
1103 1659 1156 1697 Esc.
1183 1657 1290 1687 Codd.
1315 1658 1409 1687 Van.
1427 1664 1463 1688 et
1489 1658 1642 1688 Florent.

175 1700 358 1731 exhibent:
382 1701 456 1730 Jam
472 1701 562 1739 piger
572 1700 879 1737 AEtolioefama.—3
904 1699 995 1730 Edd.
1009 1704 1096 1730 vett.
1114 1700 1290 1739 splendenti
1311 1701 1436 1740 cuspide
1460 1702 1583 1735 culter;
1607 1706 1641 1729 et

176 1747 258 1773 tunc
275 1742 316 1773 ad
335 1743 533 1773 Martialem
558 1742 665 1773 debet
693 1741 897 1773 referri.-4
922 1742 1043 1772 Proeda
1059 1742 1149 1780 jacet
1166 1743 1197 1772 in
1215 1742 1495 1783 quibusdam.—5
1521 1742 1640 1774 Codex

177 1785 358 1816 Pulmanni
373 1789 410 1816 et
425 1785 634 1816 Beverlandi
650 1785 718 1817 Ms.
736 1786 861 1815 inadido
885 1785 963 1816 loetz'.

1008 1783 1089 1815 Ald.
1115 1784 1214 1816 Junt.
1238 1786 1348 1816 Colin.
1375 1786 1506 1826 Gryph.
1529 1786 1642 1816 Plant-

173 1828 310 1859 Junian.
328 1829 426 1869 Laug.
440 1828 567 1869 Delph·
579 1830 644 1859 &c.
659 1828 780 1859 madidi
796 1829 869 1867 leto,
883 1828 935 1858 vel
947 1828 1098 1859 [tecm—⁷
1124 1827 1287 1865 Sedsocus
1304 1828 1512 1860 Revertandi
1526 1829 1595 1860 Ms.

839 1913 980 1944 NOTAE
1285 1893 1289 1896 ’

214 1979 233 1995 ⁴³
256 1979 307 2010 De
322 1978 413 2019 apro]
439 1979 573 2019 Legunt
589 1978 667 2009 alii:
693 1978 743 2009 De
758 1988 833 2019 apro
857 1988 877 2008 α

169 2039 202 2061 se
221 2030 316 2060 occiso
331 2041 341 2066 ‚·
365 2035 400 2061 et
416 2031 449 2061 in
469 2030 570 2061 terno
587 2039 689 2061 versu
705 2030 803 2060 culter
815 2038 876 2069 pro

170 2081 314 2112 Dexter:
339 2080 399 2111 sed
428 2080 507 2111 huic
538 2080 679 2111 lectioni
705 2085 877 2121 repugnat

170 2131 324 2162 ultimum
338 2130 536 2163 distichum:
554 2130 595 2161 ad
607 2131 774 2162 Dextrum
785 2130 875 2162 enim

170 2190 266 2212 suum
317 2180 475 2211 amicum‘
509 2181 648 2212 videtur
696 2182 875 2212 remittere

172 2242 305 2272 aprum,
318 2233 373 2264 cni
386 2233 576 2264 condiendo
593 2242 659 2264 non
676 2231 875 2264 sufficerent

169 2292 238 2314 suae
256 2292 351 2323 opes·
389 2283 477 2314 Alii:
502 2284 553 2314 Ad
567 2293 676 2324 aprum
692 2283 829 2315 missum.

212 2337 228 2364 l
257 2335 364 2365 Tuscoe
386 2334 528 2374 glandis]
568 2334 608 2365 In
641 2343 723 2375 agro
750 2343 873 2375 nempe

167 2385 284 2416 Tusco
298 2394 381 2425 aper
398 2385 578 2426 glandibus
595 2386 769 2427 saginatus
782 2385 874 2416 lente

169 2434 364 2466 incedebat.

209 2490 229 2516 2
252 2486 367 2517 AEtolae
388 2486 496 2527 fama]
535 2487 603 2518 Hic
635 2486 768 2518 scilicet
791 2495 874 2526 aper

169 2538 343 2577 proximus
359 2542 433 2568 erat
448 2538 490 2569 ab
514 2538 647 2578 ingenti
675 2547 758 2578 apro
775 2538 875 2577 Caly·

169 2586 281 2625 donio,
303 2597 400 2628 quem
428 2587 463 2618 in
481 2587 670 2619 AEtolorum
697 2597 797 2628 agros
815 2588 875 2618 im-

166 2637 307 2668 miserat
319 2639 407 2670 itata
417 2639 539 2670 Diana.
573 2639 663 2670 Vide
677 2639 736 2670 lib.
749 2639 869 2679 Spect.

170 2687 270 2728 Epig.
287 2691 339 2720 15.

208 2742 230 2771 4
254 2739 478 2781 Proeday'aces]
503 2741 571 2772 Alii
586 2742 674 2780 jacet
702 2741 868 2779 invidiosa,

167 2790 229 2822 hoc
255 2795 307 2822 est
332 2792 438 2832 major
455 2802 553 2833 quam
578 2792 668 2824 ferat
692 2803 767 2824 mea
790 2802 870 2823 con-

931 1977 1029 2008 ditio.

973 2033 991 2059 5
1019 2029 1151 2060 Madido
1163 2028 1240 2063 tetri
1252 2028 1387 2070 [madidi
1399 2028 1487 2068 loeto]
1504 2020 1640 2069 Legunt

932 2080 1005 2120 alii,
1037 2081 1160 2111 madido
1190 2081 1276 2111 loetz':
1314 2080 1371 2111 alii
1401 2080 1525 2111 madido
1553 2081 1639 2111 tetri.

931 2131 1046 2172 Eligat
1063 2132 1184 2163 lector.
1225 2131 1375 2162 Penates
1393 2140 1472 2161 vero
1486 2131 1546 2161 Dii
1560 2135 1639 2162 sunt

931 2183 1110 2213 domestici
1128 2182 1230 2213 sumti
1248 2191 1308 2222 pro
1320 2183 1395 2222 ipsa
1408 2181 1520 2212 domo.
1556 2182 1639 2213 Sen-

930 2242 987 2264 sus
1004 2238 1080 2264 est:
1109 2233 1219 2264 Lauta
1232 2242 1330 2264 coena
1346 2232 1550 2263 instruatur.

972 2286 993 2315 6
1017 2284 1133 2314 Exciso
1147 2283 1246 2324 jugo]
1269 2283 1399 2314 Montis
1415 2282 1586 2322 nimirum,
1602 2282 1635 2313 id

930 2339 994 2374 est,
1023 2344 1114 2365 caesa
1143 2334 1236 2375 ligna
1270 2333 1397 2374 largius
1426 2337 1637 2373 reponantur

931 2394 1034 2425 super
1050 2383 1177 2416 focum.

973 2439 993 2467 8
1015 2436 1121 2467 Addet
1135 2439 1165 2467 et
1177 2435 1303 2475 arcano]
1328 2435 1405 2466 Hoc
1423 2440 1489 2474 est,
1502 2435 1635 2466 meliori

930 2492 965 2518 et
980 2487 1147 2520 interiori.
1192 2488 1249 2519 De
1266 2496 1347 2527 garo
1362 2486 1490 2518 dictum
1508 2487 1567 2518 lib.
1586 2496 1637 2518 vr.

930 2538 1031 2579 Epig.
1049 2541 1106 2570 93.
1151 2538 1270 2570 Genus
1284 2542 1359 2568 erat
1376 2538 1579 2579 liquaminiS,
1592 2538 1635 2568 de

931 2599 997 2630 quo
1011 2590 1136 2620 iterum
1150 2589 1210 2619 lib.
1227 2597 1310 2619 X111.
1327 2588 1429 2629 Epig.
1447 2591 1520 2619 102.
1545 2590 1554 2606 ‘
1569 2589 1636 2620 Ex·

926 2641 1069 2681 pirantis
1094 2641 1205 2672 adhuc
1239 2640 1384 2671 scombri
1402 2640 1445 2670 de
1473 2640 1635 2679 sanguine

925 2693 1048 2734 primo,
1063 2692 1191 2733 Accipe
1202 2692 1379 2731 fastosum,
1392 2700 1532 2722 munera
1545 2700 1635 2731 cara,

926 2743 1070 2784 garum!

969 2797 989 2825 9
1013 2794 1065 2826 Ad
1075 2792 1246 2833 dominum]
1271 2792 1443 2824 Dextrum
1462 2792 1605 2823 scilicet.
