1893 3225
525 251 926 282 iszRAMMA'rUM
965 252 1054 281 [ΑΒ.
1088 252 1199 282 xm.
1506 244 1589 285 965

790 345 933 378 NOTAE

138 409 299 441 calidiora
328 414 485 450 petentes
528 411 634 442 maria
666 411 838 442 transmit·
894 411 958 442 His
975 412 1084 442 verbis
1109 417 1137 442 Δ
1162 412 1321 444 Graecum
1346 413 1447 453 plane
1478 414 1591 453 expri-

138 466 223 500 tant,
235 461 393 501 trianguli
409 460 543 492 efficere
556 461 710 493 formam.
755 461 838 501 Ejus
892 462 1009 494 mitur.
1052 462 1161 494 Grues
1188 473 1267 494 vero
1294 463 1487 495 Palamedis
1508 473 1589 494 aves

138 517 251 543 autem
264 522 393 543 summo
406 513 528 553 angulo
539 512 598 543 aer
611 513 652 544 ab
667 513 706 543 iis
718 512 836 543 adver·
893 522 967 543 esse
983 511 1164 544 dicuntur:
1183 523 1224 544 ex
1241 523 1355 545 earum
1369 515 1456 545 enim
1474 515 1591 546 volatu

135 572 189 592 sus
204 563 358 602 pellitur:
373 563 494 594 deinde
507 563 630 594 sensim
639 563 681 594 ab
692 568 835 604 utroque
891 562 1054 604 quasdam
1076 563 1192 594 literas
1204 564 1387 604 didicerat,
1403 570 1505 606 atque
1520 565 1593 596 illas

135 613 256 652 latere,
270 619 427 655 tanquam
444 614 619 653 remis‚ita
631 614 749 655 pennis
761 623 835 645 cur-
889 612 1039 644 homines
1057 613 1222 646 docuerat
1237 615 1452 646 Palamedes.
1500 616 1589 656 Lege

135 673 189 693 sus
205 664 314 694 avium
340 666 483 696 levatur.
530 665 627 696 Basis
646 670 759 696 autem
776 664 835 696 tri·
889 662 1037 694 Plinium
1050 663 1109 695 lib.
1125 673 1192 696 vu.
1211 674 1285 706 cap.
1301 668 1354 697 56.
1385 666 1472 697 Vide
1485 667 1588 698 etiam

135 715 262 755 anguli,
291 725 390 756 quam
406 714 560 747 efficiunt
576 725 688 756 grueS,
703 726 744 747 ea
760 720 833 747 tan-
889 714 990 755 Epig.
1005 717 1056 746 14.
1067 715 1124 747 lib.
1142 724 1194 748 rx.

133 775 233 805 quain
247 776 266 796 a
290 766 395 808 puppi
419 767 530 798 ventis
548 766 752 808 adjuvatur,’
768 769 832 799 ἃς.

742 879 978 922 LXXVI.

712 971 1012 1003 RUSTlcULA.

132 1039 356 1082 RUSTch
381 1041 476 1089 sim,
498 1054 552 1082 an
573 1038 745 1094 perdix,
768 1040 874 1094 quid
896 1039 1038 1089 refert,
1060 1041 1259 1094 si‘sapor
1279 1041 1393 1082 idem
1416 1047 1486 1082 est
1501 1043 1520 1082 Τ

186 1106 338 1149 Carior
356 1114 424 1149 est
443 1108 623 1162 perdix:
657 1108 723 1148 sic
745 1108 867 1161 sapit
887 1107 963 1148 illa
983 1109 1138 1161 magis.

127 1205 246 1280 iusum
256 1207 372 1255 perdix
386 1208 503 1239 rustica
513 1219 523 1239 .-
545 1207 619 1249 qm'd
634 1208 774 1248 interest,
786 1208 814 1238 si
829 1210 874 1238 est
887 1209 966 1238 idem
981 1207 1098 1249 sapor?
1122 1208 1242 1239 Perdix
1255 1208 1358 1239 carior
1373 1211 1441 1239 est:
1465 1209 1580 1253 idcirco

163 1259 182 1279 α
197 1259 298 1289 mag-ts
312 1251 407 1291 sapit.

738 1301 973 1314 eeeeetostene

170 1348 186 1375 l
211 1345 289 1376 Sum
312 1347 366 1378 ed.
382 1347 529 1378 Farnab.
567 1348 611 1378 R.
627 1358 695 1379 sum
715 1357 746 1387 p.
762 1346 841 1378 edd.
857 1350 940 1380 vett.
970 1349 978 1364 ⁵
992 1347 1115 1378 Verior
1131 1347 1211 1378 mihi
1229 1347 1364 1378 videtur
1391 1349 1472 1379 lect.
1495 1348 1578 1380 Msti

125 1387 241 1420 Oxon.
257 1390 430 1429 Rusticum,
444 1401 484 1422 an
497 1390 633 1431 perdix!
657 1392 712 1422 De
729 1391 840 1430 Rooy.
877 1390 886 1406 ‘
898 1389 1039 1420 Haesisti
1054 1390 1089 1420 in
1105 1390 1169 1429 his,
1180 1391 1224 1421 V.
1239 1390 1288 1421 C.'
1301 1391 1349 1421 ait
1365 1391 1428 1421 Vir
1444 1392 1576 1422 Doctus

125 1431 157 1460 in
184 1432 337 1472 Epistola
363 1434 405 1464 ad
422 1434 477 1464 De
501 1435 607 1474 Rooy,
628 1435 760 1473 ‘neque
785 1432 962 1463 extricasti
987 1438 1119 1464 tamen:
1144 1433 1169 1464 f.
1197 1443 1278 1463 vera
1294 1434 1381 1464 latet
1398 1434 1430 1464 in
1446 1434 1578 1465 Tlman.

125 1473 200 1504 cod.
225 1475 408 1515 scriptura,
425 1477 557 1507 Rustica
582 1477 609 1507 sz'
624 1476 723 1507 mansi
734 1475 859 1516 perdix,
873 1475 946 1514 quid
961 1475 1056 1513 refert
1071 1477 1099 1506 si
1114 1486 1139 1506 s.
1151 1477 1174 1507 τ’.
1192 1485 1217 1506 e.
1250 1476 1345 1507 Bene
1361 1477 1446 1515 haec,
1459 1477 1517 1507 sed
1530 1487 1579 1509 vs.

126 1522 178 1547 est
191 1517 425 1557 heptameter:
451 1520 528 1559 lego
543 1519 616 1559 quid
631 1520 660 1549 si
671 1529 695 1549 s.
710 1519 734 1549 i.
755 1528 781 1549 e.
798 1521 833 1548 et
854 1527 908 1548 res
924 1517 958 1547 in
976 1518 1062 1548 vado
1080 1519 1156 1549 erit.
1189 1518 1352 1549 Similiter
1366 1520 1399 1550 in
1415 1529 1462 1549 vs.
1477 1522 1507 1550 2.
1522 1529 1578 1550 va-

124 1559 189 1590 riat
206 1561 282 1591 cod.
312 1567 438 1601 noster,
454 1567 490 1593 et
513 1562 555 1592 ab
579 1561 680 1592 editis
697 1559 860 1591 deflectit.
909 1559 956 1590 Hi
983 1561 1032 1591 ita
1059 1559 1145 1599 fere,
1175 1561 1287 1591 Carior
1315 1566 1362 1592 est
1380 1562 1512 1601 perdia-.-
1535 1563 1579 1593 sic

122 1603 204 1642 sapit
218 1604 273 1634 illa
285 1606 397 1643 magis.
442 1605 556 1645 Longe
576 1605 674 1635 aliter
707 1604 774 1634 Ms.
792 1603 828 1632 C.
845 1613 870 1633 e.
884 1612 915 1642 p.
931 1603 958 1633 si
973 1613 999 1633 s.
1016 1604 1076 1634 ista
1092 1614 1132 1634 m.
1168 1604 1267 1636 Quod
1284 1605 1398 1635 nescio
1415 1605 1494 1644 quid
1520 1605 1576 1635 ha-

123 1645 182 1676 bet
199 1656 268 1686 prae
285 1648 393 1679 altera
404 1648 607 1688 elegantiae.³
646 1648 769 1678 Monet
784 1645 1021 1677 Beverlaudus
1037 1647 1150 1678 siesse
1164 1646 1199 1677 in
1211 1656 1270 1677 suo
1283 1647 1349 1677 Ms.
1365 1652 1400 1677 et
1412 1648 1577 1678 Rusticulae

122 1698 162 1719 an
177 1688 210 1719 in
223 1689 303 1721 Vat.

778 1730 922 1762 NOTAE

166 1799 182 1826 1
219 1796 352 1828 Rustica
379 1796 454 1837 sim]
505 1796 680 1828 Rusticam
708 1800 824 1826 autem
879 1795 941 1826 mis
955 1795 1091 1836 sapiunt
1111 1805 1185 1837 quae
1199 1795 1486 1836 plurisemuntur.
1520 1797 1577 1828 Sic

121 1847 245 1880 dictam
262 1854 379 1890 putem
395 1850 437 1881 ad
465 1851 721 1882 contentionem
738 1849 821 1880 alte-
877 1846 1075 1885 Petronius,
1097 1849 1105 1863 ‘
1123 1845 1293 1887 Quicquid
1317 1847 1470 1887 quaeritis
1493 1848 1580 1888 opti·

120 1900 189 1930 rius
203 1900 363 1940 perdicis,
380 1910 455 1942 quae
473 1901 664 1942 elegantior
676 1904 739 1932 est.
752 1900 819 1931 Ra-
875 1907 966 1928 mum
989 1896 1126 1927 videtur
1141 1896 1161 1927 ε’
1189 1901 1225 1927 et
1254 1896 1418 1928 Horatius
1441 1897 1515 1929 Sat.
1545 1901 1577 1932 2.

118 1951 221 1981 (ierus.
874 1947 931 1979 lib.
948 1956 987 1978 11.
1026 1945 1092 1985 Sic,
1110 1946 1167 1978 alii
1179 1956 1244 1978 nec.

161 2005 181 2033 2
205 2001 259 2034 Sic
274 2002 356 2043 sapit
371 2003 426 2034 illa
448 2002 564 2045 magis]
589 2002 667 2033 Hoc
690 2006 754 2043 est,
769 2003 817 2034 ni-

713 2128 973 2171 LXXVII.

739 2219 952 2250 crenus.

119 2283 317 2324 DULOEA
342 2284 520 2327 defecta
540 2286 793 2328 modulatur
815 2289 1010 2330 carmina
1031 2289 1180 2342 lingua

175 2350 381 2394 Cantator
401 2367 565 2408 cycnus
585 2354 751 2396 funeris
769 2355 866 2409 ipse
888 2355 972 2396 sui.

161 2463 282 2503 Cycnus
297 2463 362 2503 ipse
373 2467 515 2495 cantator
529 2475 592 2496 suae
606 2466 715 2497 mortis
729 2466 814 2497 canit
827 2475 936 2498 suaves
951 2477 1056 2499 versus
1071 2468 1180 2508 lingua
1196 2467 1356 2500 moriente.

722 2540 961 2552 emeno

162 2563 176 2590 1
203 2560 328 2597 Dey'oeta
343 2560 411 2592 MS.
429 2560 564 2592 Beverl.

769 2606 909 2639 NOTAE

162 2658 177 2686 l
204 2656 338 2694 Defecta
352 2656 475 2696 lingua]
493 2657 571 2688 Hoc
584 2661 648 2698 est,
666 2657 740 2690 fere
756 2658 814 2690 de·
868 2664 974 2701 negat
999 2661 1131 2692 Plinius
1147 2661 1207 2693 lib.
1231 2670 1267 2693 x.
1284 2670 1359 2701 cap.
1385 2662 1438 2692 22.
1460 2659 1469 2677 ‘
1483 2659 1565 2691 Olo-

116 2707 239 2738 stituta
254 2707 468 2739 vitalimotu.
869 2720 943 2742 rum
971 2716 1081 2743 morte
1108 2716 1267 2743 narratur
1292 2710 1414 2742 flebilis
1444 2716 1565 2743 cantus

158 2761 178 2788 2
212 2758 381 2799 Cantator]
406 2757 590 2790 Affirmant
612 2759 710 2790 multi
734 2769 814 2800 cyc-
868 2759 969 2803 falso,
979 2766 1018 2794 ut
1039 2760 1201 2803 arbitror,
1211 2761 1341 2803 aliquot
1353 2761 1565 2802 experimen·

114 2818 194 2840 num
226 2809 327 2841 morti
359 2809 506 2842 vicinum
537 2818 685 2841 canere:
724 2809 814 2852 quod
869 2810 935 2843 tis·²
