1924 3225
569 250 976 281 EPIGRAMMATUM
1013 250 1108 280 [ΑΒ.
1143 251 1226 281 vu.
1542 241 1628 284 535

830 404 983 445 LVII.

730 495 793 524 DE
826 495 1065 525 ACHILLA.

168 565 234 606 CA
245 576 403 607 SToRA
426 565 478 605 de
501 562 683 605 Polluce
706 562 903 604 Gabinia
923 563 1029 604 fecit
1046 562 1292 605 Achillam:

222 633 508 687 Pyxagathos
530 632 687 681 fuerat,
708 645 824 672 nunc
847 632 930 672 erit
952 631 1287 686 Hippodamus.

213 739 352 771 Gabinia
365 748 405 770 ex
424 738 547 770 Polluce
554 736 635 774 fecit
649 736 805 768 Achillam
817 737 949 768 Castora
959 748 970 769 .·
984 736 1182 778 pyxogalhos
1194 736 1317 776 fuerat,
1330 747 1410 768 nunc
1420 736 1482 769 erit
1508 735 1627 777 Hippo-

168 793 246 814 mus.

778 832 952 844 menese
956 832 1016 844 eoo

210 878 348 953 Nilillam
364 877 522 910 lectionis
539 877 739 909 varietatem
763 877 796 908 in
823 878 887 909 hoc
904 878 1159 919 Epigrammate
1183 876 1374 909 exhibendo
1398 875 1548 918 produnt
1571 885 1628 906 ex·

170 932 247 964 emp
264 931 344 953 arla.

821 975 967 1007 NOTAE

179 1070 181 1074 .
211 1045 226 1073 l
253 1040 406 1080 Gabinia]
437 1040 546 1072 Dives
566 1039 706 1071 foemina
721 1039 871 1081 equestri
918 1040 1050 1078 fortem.
1093 1038 1245 1071 Achillas
1270 1047 1352 1078 ergo
1376 1041 1479 1068 antea
1493 1036 1628 1078 quidem

166 1102 270 1124 censu
309 1091 450 1122 donavit
490 1091 671 1130 Achillam,
701 1095 738 1121 nt
769 1100 870 1131 eques
927 1092 1022 1131 pugil
1049 1096 1123 1122 erat
1153 1096 1333 1121 strenuus:
1363 1088 1436 1128 jam
1467 1097 1548 1119 vero
1577 1092 1629 1118 est

166 1143 276 1174 tieret.
321 1141 455 1173 Ailudit
481 1147 594 1172 autem
620 1141 661 1172 ad
685 1142 778 1172 iilum
797 1151 870 1172 ver-
926 1151 1090 1181 equorum
1109 1140 1277 1177 domito1·;
1301 1139 1334 1170 id
1359 1144 1423 1174 est,
1438 1148 1542 1180 eques
1559 1137 1627 1169 fac-

167 1204 241 1225 snm
260 1193 398 1224 Homeri
415 1203 422 1223 :
461 1191 606 1232 Κάστορα
633 1191 658 1222 θ’
690 1190 871 1230 ἱππόδαμον,
927 1196 980 1222 tus
997 1197 1060 1229 est,
1074 1196 1110 1222 et
1126 1190 1308 1223 Gabiniam
1325 1189 1435 1222 inibit.
1479 1188 1553 1221 Lib.
1570 1198 1629 1221 111.

167 1243 217 1275 καὶ
248 1243 305 1283 πὺξ
334 1242 450 1282 ἀγαθὸν
478 1241 693 1273 Πολυδεύκεαε
741 1243 872 1273 Castora
926 1242 1095 1283 Epig.90.

165 1305 312 1335 equorum
325 1295 520 1334 domitorem,
537 1296 567 1325 el
584 1294 738 1324 Pollucem
756 1293 873 1333 pugnis

808 1413 987 1455 LVIII.

737 1506 804 1535 AD
837 1504 1061 1534 GALLAM.

169 1572 230 1613 JA
241 1583 273 1612 M
298 1586 394 1622 sex,
415 1576 492 1614 aut
513 1577 683 1627 septem
705 1574 911 1626 nupsisti,
934 1572 1079 1621 Galla,
1103 1570 1311 1612 cinaedis:

228 1640 347 1681 Dum
364 1654 492 1682 coma
512 1645 552 1681 te
574 1641 770 1690 nimium,
794 1654 997 1695 pexaque
1018 1640 1158 1680 barba
1173 1638 1314 1692 juvat.

177 1709 341 1749 Deinde
362 1713 544 1762 experta
562 1708 699 1759 latus,
720 1709 990 1762 madidoque
1014 1707 1244 1748 simillima
1262 1706 1358 1746 loro

226 1776 424 1829 Inguina,
444 1790 523 1818 nec
543 1778 666 1818 lassa
684 1782 800 1817 stare
821 1780 972 1816 coacta
993 1788 1140 1824 manu,
1434 1829 1437 1832 Ι

168 1844 350 1885 Deseris
373 1845 572 1885 imbelles
596 1844 826 1894 thalamos,
848 1844 1110 1897 mollemque
1134 1841 1338 1883 maritum
1357 1854 1365 1881 :
1601 1839 1630 1879 5

227 1912 404 1953 Rursus
426 1917 472 1953 et
492 1913 535 1953 in
559 1912 727 1953 similes
750 1911 916 1952 decidis
938 1924 1079 1963 usque
1099 1915 1236 1952 toros.

168 1979 327 2030 Quaere
346 1980 539 2034 aliquem
561 1980 719 2021 Curios
740 1993 915 2033 semper
936 1979 1190 2031 Fabiosque
1211 1978 1478 2032 loquentem,

225 2047 479 2098 Hirsutum,
503 2052 548 2089 et
569 2048 680 2089 dura
701 2048 947 2089 rusticitate
971 2052 1152 2087 trucem.

166 2114 401 2167 Invenies3
434 2116 515 2156 sed
534 2116 670 2157 habet
691 2116 828 2157 tristis
851 2128 1026 2168 qnoque
1049 2115 1175 2156 turba.
1197 2113 1394 2156 cinaedos
1412 2127 1421 2153 z

226 2182 418 2224 Difficile
438 2179 518 2233 est,
537 2196 642 2225 vero
662 2184 843 2232 nubere,
866 2182 1013 2232 Galla,
1034 2183 1142 2223 viro.
1575 2180 1630 2220 10

767 2272 1006 2283 “omenta“

212 2316 256 2346 Et
276 2315 332 2347 hic
359 2316 453 2347 nulla
475 2317 633 2348 lectionis
658 2317 804 2348 varietas
828 2321 927 2355 extat
950 2317 983 2347 in
1010 2315 1103 2347 libris
1133 2313 1308 2356 impressis
1333 2318 1391 2344 ant
1417 2313 1547 2344 calamo
1575 2321 1631 2342 ex-

128 2398 131 2400 ,
165 2359 283 2390 aratis.

822 2402 960 2434 NOTAE

209 2470 226 2498 1
254 2467 408 2507 Cinoedis]
442 2468 530 2498 Dum
549 2477 590 2499 ex
617 2468 711 2498 cultu
738 2472 773 2498 et
800 2468 866 2498 ele·
923 2467 1038 2498 cultus
1067 2466 1228 2506 neglectu
1253 2463 1458 2505 gravitatem
1476 2466 1512 2494 et
1530 2462 1634 2493 virili-

167 2518 282 2557 gantia
315 2528 371 2549 eos
411 2519 593 2560 judicabas
632 2525 790 2551 strenuos
825 2519 867 2550 ad
923 2522 1031 2549 tatem
1050 2515 1266 2556 profitentur.
1314 2513 1387 2544 Lib.
1402 2522 1427 2543 ι.
1457 2512 1556 2553 Epig.
1578 2515 1631 2544 25.

167 2567 369 2605 κλινοπάλην.
967 2571 987 2599 9
1011 2567 1074 2598 Sed
1088 2566 1192 2604 habet,
1205 2564 1275 2605 δῖα]
1298 2564 1365 2595 Sed
1382 2568 1418 2595 et
1431 2562 1464 2594 hi
1480 2568 1558 2594 sunt
1572 2563 1630 2594 So-

206 2621 227 2649 6
250 2619 378 2650 Similes
398 2619 496 2660 toros]
529 2619 684 2651 Mollium
700 2624 736 2652 et
752 2619 869 2651 imbel-
925 2619 1043 2650 cratici
1059 2617 1196 2649 cinaedi.

163 2670 245 2700 lium
262 2669 482 2702 cinaedorum.
968 2673 1008 2701 10
1032 2669 1170 2711 Difficile
1185 2670 1244 2706 est,
1258 2665 1326 2706 δῖα]
1357 2665 1481 2698 Juven.
1495 2665 1569 2696 Sat.
1589 2673 1630 2696 11.

211 2723 230 2751 7
250 2721 365 2756 Quoere
379 2721 526 2762 aliquem,
542 2721 613 2761 35⁶²]
646 2722 701 2753 Ne
724 2721 868 2753 ulterius
922 2720 932 2738 ‘
952 2720 1070 2752 Fronti
1094 2719 1188 2750 nulla
1213 2717 1311 2750 fides.
1345 2717 1430 2750 Quis
1456 2716 1544 2748 enim
1564 2726 1631 2747 non

168 2776 204 2802 te
233 2771 408 2811 decipiant
440 2771 520 2812 pexi
562 2772 618 2804 isti
654 2777 691 2804 et
727 2773 868 2811 comati,
924 2772 1019 2804 vicus
1035 2768 1368 2802 abundatTristibus
1385 2765 1587 2799 obscoenis?’

165 2832 279 2865 quaere
301 2822 446 2865 aliquem
463 2832 506 2854 ex
526 2822 564 2854 iis
589 2823 645 2865 qni
663 2833 818 2855 sermone
834 2829 870 2855 et
