1924 3225
246 228 331 268 542

725 235 774 264 Μ.
807 235 868 264 VA
879 234 919 263 L.
954 234 984 263 M
994 233 1022 263 A
1032 232 1231 263 R'rlALIS

417 333 631 375 Undenas
651 335 780 374 vorat
799 332 842 373 in
863 331 932 372 die
951 331 1144 384 puellas.

417 401 648 456 Harpasto
670 413 847 457 quoque
870 399 1096 452 subligata
1115 398 1244 448 ludit,

413 469 474 511 Et
494 469 694 510 flavescit
712 468 871 521 haphe,
894 479 1143 521 gravesque
1164 465 1343 507 draucis

416 537 625 580 Halteras
644 536 765 578 facili
785 540 901 577 rotat
921 536 1100 586 lacerto,

413 605 474 647 Et
494 605 614 659 putri
636 605 844 646 lutulenta
867 604 922 645 de
946 604 1163 657 palaestra

415 673 550 715 Uncti
570 674 751 715 verbere
772 674 958 726 vapulat
975 672 1200 726 magistri:

414 741 513 783 Nec
534 746 684 783 coenat
704 741 842 795 prius,
867 744 943 782 aut
961 740 1180 782 recumbit
1200 746 1318 790 ante,

414 809 562 860 Quam
586 813 753 863 septem
774 809 946 850 vomuit
965 822 1109 850 meros
1132 809 1347 861 deunces3

1649 806 1705 847 10

414 878 486 919 Ad
510 891 623 933 quos
647 878 714 919 fas
735 877 820 919 sibi
840 883 942 919 tunc
964 882 1090 931 putat
1109 877 1263 924 redire,

411 947 522 988 Cum
542 945 738 999 coliphia
759 945 989 987 sexdecim
1011 945 1217 986 comedit.

412 1014 526 1056 Post
544 1014 641 1055 haec
659 1014 825 1064 omnia,
847 1027 950 1055 cum
966 1013 1244 1062 libidinatur,

412 1082 520 1123 Non
551 1082 702 1124 fellat:
734 1086 865 1135 putat
883 1082 968 1123 hoc
990 1095 1144 1136 parum
1166 1081 1289 1123 virile
1309 1094 1319 1121 ε

413 1150 501 1192 Sed
522 1151 654 1204 plane
674 1150 845 1191 medias
869 1155 1000 1191 vorat
1020 1150 1206 1205 puellaS.
1651 1148 1706 1190 15

413 1219 475 1260 Di
497 1225 686 1260 mentem
703 1219 783 1259 tibi
804 1217 909 1260 dent
930 1222 1065 1268 tuam,
1088 1217 1304 1259 Philaeni:

412 1287 612 1329 Cunnum
633 1287 795 1340 lingere
818 1299 920 1340 quae
946 1289 1080 1341 putas
1101 1284 1245 1327 virile.

853 1384 969 1396 eeeeee

973 1385 1090 1396 eeeeee

279 1450 298 1479 3
327 1447 471 1478 Undenas
486 1446 569 1477 dolat
586 1444 670 1485 legit
687 1445 936 1476 Gruterus.—G
958 1443 1194 1481 Alter-nofacili
1212 1443 1244 1474 in
1260 1442 1337 1474 edd.
1353 1446 1440 1474 vett.
1485 1443 1615 1474 Alteras
1630 1443 1662 1474 lr.
1681 1443 1704 1474 1.

235 1491 413 1522 substituit
423 1489 574 1520 Turneb.
587 1497 653 1518 non
666 1498 683 1518 e
701 1487 914 1527 conjectura,
930 1492 966 1517 ut
980 1487 1039 1525 ait,
1052 1487 1111 1517 sed
1125 1486 1260 1517 libraria
1276 1486 1356 1518 fide.
1404 1485 1524 1518 Codex
1541 1487 1702 1517 Pulman-

237 1535 269 1565 ni
283 1534 452 1565 Alternans
467 1531 726 1573 exprimit.—ll
746 1530 787 1561 Iu
804 1529 883 1561 edd.
898 1534 984 1561 vett.
1002 1533 1177 1570 tum-putat
1190 1530 1319 1570 reverti,
1333 1534 1370 1561 et
1387 1530 1434 1560 sic
1452 1530 1536 1570 legit
1554 1529 1680 1570 Delpll.

899 1626 1047 1658 NOTAE

278 1707 297 1736 3
326 1704 423 1736 Vorat
439 1704 472 1735 in
488 1703 538 1735 die
551 1702 685 1744 puellas]
708 1702 940 1743 Λεσβιάζουσα,

234 1755 455 1796 φοινικῖζουσα,
471 1754 522 1786 καὶ
532 1754 695 1796 τρίβουσα.
741 1754 882 1786 Gruter.
896 1756 943 1787 le-

237 1808 288 1848 git
304 1809 400 1839 dolat.

278 1861 297 1890 4
322 1858 484 1899 Harpasto
499 1856 630 1899 quoque]
654 1855 729 1888 Lib.
759 1865 811 1888 ιν.
834 1856 936 1898 Epig.

236 1912 289 1940 19.

277 1958 444 1998 Subligata
457 1957 552 1997 ludit]
563 1958 668 1988 Veste
681 1956 868 1997 subducta3
884 1957 938 1988 vel

233 2011 244 2028 ‘
258 2009 421 2050 subligari
439 2007 522 2040 usa.’

276 2064 294 2092 5
324 2059 478 2091 Flavescit
499 2058 614 2100 haphe]
638 2059 678 2089 In
696 2059 861 2100 palaestra
877 2057 937 2090 fla-

234 2111 344 2142 vescit
374 2109 555 2150 aspergine
577 2119 709 2140 arenae:
747 2109 796 2140 ita
826 2110 939 2140 Ache-

233 2162 305 2192 lous
322 2171 398 2192 cum
412 2161 565 2192 Hercule
580 2160 714 2191 luctans
732 2160 833 2191 Ovid.
850 2161 938 2191 Met.

235 2222 287 2244 rx,
320 2215 328 2231 ‘
343 2212 446 2244 fulvae
474 2217 586 2243 tactus
614 2210 772 2243 flavescit
798 2211 937 2243 arenae.'

228 2264 312 2303 ιΑφὴ
330 2268 440 2294 autem
458 2266 560 2294 tactus
577 2267 641 2294 est.
690 2263 842 2303 Epictet.
870 2263 936 2293 En-

234 2317 316 2347 chir.
326 2325 402 2356 cap.
416 2317 469 2346 26.
490 2314 581 2344 Ἔστι
596 2313 628 2345 δὲ
641 2314 693 2345 ὅτε
707 2316 799 2355 χεῖρα
814 2315 938 2355 βαλεῖν,

234 2365 349 2407 σφυρὸν
361 2364 500 2406 στρέψαι,
514 2365 637 2402 πολλὴν
667 2364 748 2404 ἁφὴν
764 2366 936 2397 καταπιεῖν.

266 2415 530 2456 G1·a2·esque‚85c.]
543 2417 586 2447 Et
598 2417 749 2456 pondera
762 2417 817 2447 illa
829 2418 936 2456 plum-

232 2476 297 2507 bea
316 2478 374 2499 seu
391 2466 516 2506 ferrea,
536 2467 671 2508 corpori
689 2467 880 2498 exercendo
903 2467 937 2497 in

233 2517 428 2560 Gymnasiis
456 2522 492 2548 et
520 2517 659 2547 Balneis
688 2517 854 2557 adhibita,
875 2518 929 2548 vel

234 2569 318 2609 ipsis
334 2567 520 2609 grandibus
545 2567 680 2599 draucis
695 2569 826 2608 gravia,
852 2569 932 2609 agili

234 2623 348 2650 versat
362 2628 471 2649 manu.
488 2618 577 2648 Vide
590 2617 647 2649 lib.
666 2627 742 2650 xlv.
761 2619 861 2660 Epig.
880 2622 933 2650 48.

233 2675 268 2700 et
283 2673 335 2701 49.
350 2674 384 2700 et
400 2668 525 2700 Juven.
542 2669 616 2700 Sat.
630 2677 681 2700 vl,
698 2672 751 2700 22.
766 2679 842 2711 quae
858 2669 934 2701 huic

232 2719 480 2761 Epigrammati
500 2723 676 2751 consonat.

263 2775 283 2803 7
308 2770 420 2810 Patri]
444 2770 538 2801 Male
555 2771 659 2801 olenti
675 2769 718 2801 ab
734 2771 820 2803 oleo.

255 2820 510 2862 Lutrdenta‚&c.]
521 2820 702 2853 Ceromate
715 2822 813 2853 eluto
823 2826 936 2854 uncta.

1038 1707 1057 1735 8
1087 1704 1183 1736 Uncti
1212 1703 1376 1743 magistri]
1422 1702 1552 1743 Aliptae
1581 1712 1701 1734 manus

994 1755 1129 1796 crepitu
1147 1755 1448 1796 inter-ungendum.
1472 1754 1561 1786 Vide
1573 1754 1704 1788 Juven-

997 1806 1038 1837 al.
1069 1806 1141 1838 Sat.
1172 1816 1222 1838 vr.
1247 1809 1323 1837 422.
1389 1805 1524 1836 Verbere
1561 1805 1702 1847 vapulat]

995 1857 1084 1888 Nam
1109 1861 1144 1888 et
1172 1857 1206 1887 hi
1229 1856 1402 1896 Magistri,
1423 1865 1507 1897 quos
1533 1854 1702 1888 ἐπιστάτας

993 1907 1109 1939 Gr'oeci
1124 1907 1315 1947 dicunt,jus
1328 1906 1435 1946 virgae
1454 1906 1636 1938 habebant.

1034 1961 1054 1989 9
1080 1959 1147 1988 Nec
1172 1961 1286 1997 coenat,
1312 1958 1382 1998 fic]
1404 1957 1528 1990 Juven.
1551 1957 1622 1989 Sat.
1649 1966 1700 1989 vr.

992 2011 1068 2041 429.
1098 2010 1107 2026 ‘
1125 2009 1296 2040 sextarius
1328 2008 1414 2039 alter
1439 2007 1592 2039 Ducitur
1621 2014 1700 2040 ante

993 2060 1104 2090 cibum
1122 2059 1276 2090 rabidam
1296 2057 1450 2090 facturus
1465 2059 1617 2096 orexim,’
1633 2061 1699 2091 &c.

995 2110 1084 2140 Vide
1100 2109 1158 2140 lib.
1177 2119 1211 2141 v.
1230 2109 1328 2150 Epig.
1342 2112 1396 2141 70.

1037 2163 1078 2191 12
1113 2161 1193 2191 Cum
1222 2159 1375 2200 coliphia]
1400 2160 1622 2191 Luctator-um
1640 2170 1700 2201 pa·

994 2221 1067 2250 nes,
1083 2211 1138 2252 qui
1157 2211 1246 2241 vires
1261 2211 1523 2251 palaestritarum
1540 2210 1700 2241 membris

992 2263 1137 2302 addunt,
1165 2273 1184 2294 a
1208 2264 1308 2294 κῶλον
1330 2267 1364 2294 et
1381 2263 1438 2302 ἶφι,
1456 2267 1493 2294 ut
1507 2263 1583 2293 vult
1599 2262 1698 2295 Dom.

991 2313 1208 2352 Calderinus,
1221 2324 1323 2355 quam
1341 2312 1585 2354 etymologiam
1607 2323 1698 2345 asse-

992 2375 1068 2396 rere
1094 2365 1226 2396 laborat
1238 2365 1374 2397 Cornel.
1398 2364 1558 2397 Vitellius
1577 2371 1698 2396 contra

990 2415 1161 2446 Merulam
1190 2414 1357 2446 Annotat.
1384 2425 1459 2455 cap.
1488 2418 1542 2446 12.
1591 2415 1697 2447 Certo

991 2466 1081 2497 enim
1094 2466 1246 2497 ciborum
1262 2475 1387 2506 genere
1400 2466 1441 2497 ad
1459 2466 1635 2506 palaestras
1661 2472 1697 2498 et

990 2522 1122 2548 ceteras
1138 2516 1305 2557 ejusmodi
1321 2516 1606 2547 exercitationum
1630 2516 1697 2549 for-

991 2578 1062 2600 mas
1076 2567 1372 2609 praeparabantur.
1396 2567 1556 2599 Juvenal.
1569 2569 1639 2600 Sat.
1654 2578 1695 2600 11.

990 2621 999 2636 ‘
1011 2621 1202 2652 Luctantur
1230 2629 1365 2660 paucae,
1394 2619 1580 2652 comedunt
1618 2621 1696 2652 coli—

991 2670 1070 2711 phia
1081 2668 1223 2711 paucae!

1035 2723 1072 2751 15
1100 2720 1238 2759 Μειίὶαε,
1253 2719 1321 2760 mn]
1343 2720 1454 2761 Supra
1471 2729 1558 2752 vers.
1574 2723 1606 2752 3.

1034 2775 1074 2803 16
1088 2773 1226 2803 Mentem
1239 2775 1336 2811 tuam,
1347 2773 1494 2811 Philcz’nz',
1506 2772 1576 2814 effic]
1594 2773 1691 2804 Men.

991 2827 1058 2854 tem
1077 2833 1206 2863 sanam,
1224 2824 1276 2854 vel
1289 2833 1363 2864 quae
1381 2823 1569 2856 foemineam
1588 2832 1693 2865 appe-

1893 323 1910 389 ἐκ),

1906 672 1913 682 Α.
1907 650 1915 660 —,
1896 421 1915 646 §emme-v
1896 398 1910 414 ὓ
