1893 3225
581 225 981 255 nmenmmmruu
1024 226 1114 255 ΜΒ.
1148 226 1238 255 xii.
1549 218 1632 259 923

289 323 452 364 Pastas
475 323 632 375 glande
653 327 780 364 nates
801 324 935 364 habet
952 323 1184 364 Secundus
1203 338 1211 364 z

287 389 444 431 Mollis
468 390 716 444 Dindymus
738 394 820 440 est,
845 390 923 431 sed
946 403 1045 430 esse
1067 403 1153 431 non
1169 391 1285 432 vult:

286 457 510 512 Amphion
532 459 675 512 potuit
694 458 843 511 puella
863 457 999 498 nasci.
1600 459 1627 497 εἴ)

286 525 460 566 Horum
483 525 684 575 delicias,
704 525 1065 579 superbiamque,

286 594 345 634 Et
365 594 506 635 fastus
527 594 752 647 querulos,
775 593 934 643 amice,
955 593 1086 642 malo,

286 661 432 711 Quam
453 662 571 703 dotis
592 662 697 702 mihi
719 662 953 716 quinquies
974 661 1156 702 ducena.

824 755 962 786 NOTAE

215 817 227 844 l
257 814 411 853 Festinat,
425 814 495 854 δῖα]
512 815 701 855 Polytimus
714 814 871 855 grandior

171 870 223 895 ost
237 870 272 896 ct
288 866 454 897 exoletus.

213 918 232 945 2
256 916 610 957 Inrituspuer·um‚85·c.]
636 916 869 954 Recusat‚ne-

171 975 253 1005 gaus
265 966 328 996 sibi
345 977 419 998 esse
437 968 615 1008 voluptati.

212 1019 230 1046 3
258 1017 371 1048 Pastas
396 1019 522 1057 glande,
543 1019 609 1058 lira]
630 1015 869 1057 Βαλανοβόρους.

170 1067 260 1107 quod
286 1068 371 1098 dixit
388 1069 563 1105 Diogenes
581 1069 621 1098 de
639 1069 774 1100 cinaedo
791 1078 872 1108 quo-

169 1118 255 1149 dam.
300 1119 368 1150 Hic
399 1125 513 1150 autem
526 1120 629 1161 glans,
649 1130 707 1151 seu
723 1118 872 1159 βάλανον,

173 1175 225 1200 est
240 1168 278 1199 τὸ
291 1171 348 1200 τοῦ
358 1171 473 1201 καυλοῦ
485 1169 586 1211 ἄκρον.
630 1171 698 1202 Ubi
716 1180 782 1201 non
798 1171 869 1211 pin-

168 1219 310 1258 guitudo
342 1222 439 1261 pueri
464 1221 697 1261 significatur3
722 1221 782 1251 sed
811 1230 869 1261 pa-

169 1271 251 1302 thici
273 1270 540 1313 effoeminatique
560 1272 788 1313 impudicitia.
821 1270 869 1301 A-

170 1331 289 1353 cumen
316 1323 406 1353 enim
434 1333 548 1354 sensus
572 1328 627 1354 est
650 1323 683 1354 in
716 1321 870 1353 dictione

165 1372 174 1387 ‘
193 1372 339 1412 glande‚’
375 1383 440 1414 qua
462 1373 672 1415 significatur
702 1383 781 1414 pars
810 1373 868 1404 ob-

166 1432 280 1455 scoena
317 1425 517 1465 genitalium
553 1426 714 1457 virorum.
773 1425 868 1456 Salse

927 824 1008 855 ergo
1027 815 1121 852 dicit,
1147 824 1221 845 cum
1247 814 1372 844 habere
1390 818 1486 845 nates
1505 815 1626 854 glande

926 871 1063 905 pastas:
1082 870 1241 906 tanquam
1258 866 1455 897 subactione
1472 865 1528 896 illa
1542 875 1626 905 prae-

927 920 1063 955 postera
1086 916 1278 955 concubini,
1296 917 1398 948 veluti
1422 917 1512 955 cibo,
1532 923 1628 948 nates

926 972 1161 1007 pascerentur.
1196 968 1383 998 Beroaldus.

969 1019 987 1047 4
1014 1018 1121 1048 Mollis
1152 1018 1340 1059 Dindyma&
1369 1018 1437 1058 ἔγω]
1468 1019 1627 1050 Lascivus

930 1074 980 1100 est
1013 1074 1048 1100 et
1079 1079 1245 1110 nequam:
1280 1070 1340 1100 sed
1371 1070 1558 1100 dissimulat
1591 1076 1627 1100 et

928 1121 1040 1161 rogari
1059 1121 1142 1151 vult.

969 1175 987 1201 5
1014 1170 1125 1201 Potuit
1151 1171 1254 1211 puella
1282 1170 1381 1211 nasei]
1418 1171 1547 1202 Formae
1572 1175 1625 1202 est

925 1222 1010 1253 adeo
1023 1221 1204 1262 ambiguae,
1219 1227 1253 1253 et
1273 1223 1344 1262 ipse
1359 1222 1476 1254 facilis.

966 1276 985 1303 8
1012 1273 1114 1309 Quam
1135 1274 1228 1313 dotis,
1251 1273 1318 1314 Sym]
1349 1275 1458 1305 Quam
1487 1283 1625 1303 uxorem

924 1333 1000 1354 cnm
1038 1324 1194 1354 maximae
1233 1324 1321 1355 dotis
1361 1323 1473 1363 modo,
1512 1323 1627 1354 decies

924 1373 1053 1405 scilicet
1071 1373 1225 1405 centenis
1239 1373 1388 1405 millibus
1401 1374 1609 1405 sestertium.

778 1499 1014 1541 LXXVI.

658 1579 732 1608 DE
781 1579 1137 1608 AGR1001,A.

165 1644 417 1686 AMPHORA
440 1646 643 1699 vigessis,
666 1647 844 1687 modius
867 1646 998 1687 datur
1019 1660 1106 1687 aere
1129 1651 1353 1700 quaterno,

234 1712 394 1754 Ebrius
414 1718 457 1755 et
479 1713 643 1754 crudus
664 1714 728 1754 nil
750 1714 883 1754 habet
902 1714 1110 1766 agricola.

207 1802 366 1843 Amphora
380 1803 527 1834 venditur
541 1803 660 1842 viginti
674 1803 805 1844 assibus,
819 1803 942 1834 modius
956 1806 1087 1843 quatuor
1098 1814 1108 1834 :
1124 1803 1263 1843 agricola
1277 1802 1382 1834 ebrius
1396 1806 1425 1833 et
1441 1806 1528 1834 satur
1544 1803 1624 1834 nihil

175 1844 277 1876 habet.

777 1899 1013 1910 ‘octonum‘

206 1942 257 1973 De
280 1943 410 1973 caritate
431 1943 498 1973 vini
516 1942 593 1974 edd.
610 1947 696 1974 vett.
713 1948 748 1974 et
763 1944 886 1984 Delph.
902 1944 982 1975 vid.
1003 1943 1086 1974 Not.
1110 1942 1170 1973 inf.
1203 1942 1212 1959 ⁴
1228 1942 1355 1981 Certe,'
1369 1943 1416 1973 ait
1432 1942 1624 1982 Flosculus,

160 1986 302 2016 ‘titulus
319 1986 406 2016 male
423 1991 634 2026 conceptus:
660 1996 725 2017 non
740 1986 782 2017 de
801 1987 930 2018 vilitate
948 1996 1090 2017 annonae
1108 1986 1191 2026 agit,
1205 1986 1294 2027 quod
1311 1985 1382 2016 Cic.
1402 1986 1435 2015 in
1452 1985 1550 2016 Verr.
1564 1994 1621 2016 ιιι.

164 2028 293 2059 diserte
324 2028 499 2068 explicat:
534 2032 543 2045 ⁶
558 2028 611 2060 Ad
643 2030 812 2060 incertum
841 2040 956 2061 casum
993 2034 1027 2061 et
1060 2034 1219 2060 eventum
1256 2029 1402 2059 incertus
1440 2028 1620 2068 quotannis

161 2071 259 2102 labor
275 2075 310 2102 et
326 2076 439 2102 certus
457 2076 586 2110 sumtus
610 2072 841 2112 impenditur!

163 2119 236 2144 tate
253 2123 318 2144 non
336 2113 523 2145 habet.’—1
544 2115 668 2146 vicenis
682 2116 813 2146 Thuan.
832 2116 908 2147 cod.

162 2157 263 2188 Barb.
286 2157 364 2187 vid.
378 2157 459 2188 Not.
474 2157 556 2188 Var.

888 2071 1031 2103 Annona
1048 2081 1148 2111 porro
1175 2071 1321 2112 pretium
1345 2071 1406 2101 nisi
1429 2070 1460 2100 in
1486 2071 1621 2101 calami-

959 2115 1095 2154 Vigetz'z's
1109 2116 1188 2146 Vat.
1239 2114 1360 2153 Vigessi
1376 2113 1456 2144 edd.
1473 2114 1620 2144 Farnab.

820 2200 965 2233 NOTAE

201 2256 217 2284 1
236 2254 345 2284 Datur
359 2263 422 2285 oere
438 2254 602 2295 quaterno]
630 2255 707 2286 Hoc
731 2259 796 2293 est,
813 2255 861 2284 in·

158 2305 232 2345 quit
258 2305 458 2345 Farnabius,
483 2310 552 2336 tani
576 2306 634 2336 vili
652 2306 764 2346 pretio
782 2314 860 2336 ven-

156 2356 249 2387 ditur
262 2366 408 2396 annona,
423 2361 461 2388 ut
474 2357 570 2388 malit
587 2357 734 2397 agricola
747 2357 859 2397 ingur-

157 2405 267 2445 gitare
281 2415 315 2436 se
333 2406 375 2437 ad
393 2408 566 2447 crapulam
581 2417 685 2448 usque
702 2412 737 2439 et
751 2407 859 2438 ebrie-

156 2459 389 2497 tatem‚qnam
406 2458 537 2488 tantulo
554 2460 668 2498 pretio
685 2459 797 2489 vinum
825 2463 861 2489 et

155 2504 363 2537 frumentum
381 2507 541 2539 vendere.
573 2508 766 2540 Gronovius
779 2518 859 2540 vero

155 2556 320 2596 intelligit
342 2557 461 2588 beatos
479 2558 616 2598 quidem
638 2569 711 2589 esse
728 2559 858 2599 agrico-

157 2607 222 2645 laS,
234 2616 310 2637 cum
324 2606 500 2638 abundent
518 2608 594 2638 vino
609 2614 645 2640 et
660 2609 832 2640 frumento
848 2620 857 2648 3

157 2660 192 2685 at
206 2655 372 2696 infelices,
388 2657 464 2697 quia
478 2667 517 2687 ex
535 2657 706 2689 frumento
731 2664 766 2690 et
782 2660 859 2690 vino

155 2706 296 2737 vendito
330 2707 410 2737 nihil
462 2717 676 2738 nummorum
716 2708 858 2740 reficere

158 2761 298 2797 possunt
334 2757 365 2786 in
400 2762 493 2788 tanta
535 2767 674 2788 annona·
715 2759 858 2789 vilitate.

121 2829 123 2831 ·
159 2807 272 2839 Quare
298 2807 497 2847 inscribunt,
533 2808 582 2838 Dc
599 2809 719 2839 vilitate
743 2808 807 2839 vini
831 2813 858 2839 ct

907 2253 1078 2291 frumenti.
1125 2253 1190 2284 Alii
1220 2253 1270 2284 De
1299 2253 1447 2292 agricola.
1504 2253 1619 2294 Eligat

915 2304 1036 2335 lector.

957 2357 977 2385 2
992 2354 1106 2385 Ebrius
1116 2357 1145 2384 et
1158 2353 1284 2394 crudus]
1299 2354 1378 2385 Hoc
1389 2352 1620 2394 est‚Agric01a

915 2415 1043 2437 coenam
1076 2405 1308 2444 potentiorum
1339 2409 1478 2445 captat,
1516 2410 1619 2445 atque

914 2458 962 2488 ita
978 2458 1009 2487 in
1028 2467 1150 2497 magna
1161 2457 1230 2488 vini
1244 2457 1449 2489 etfrumenti
1461 2458 1619 2496 caritate,

912 2508 994 2539 licet
1011 2517 1143 2548 pauper
1155 2508 1209 2548 sit,
1225 2513 1338 2539 tamen
1355 2518 1489 2548 semper
1504 2508 1618 2539 ebrius

913 2563 948 2588 et
961 2562 1055 2589 satur
1071 2561 1136 2588 est.
1182 2559 1191 2575 ‘
1209 2558 1363 2589 Crudus'
1392 2558 1531 2597 dicitur,
1560 2558 1615 2598 qui

913 2609 1048 2646 nimios,
1063 2618 1146 2649 quos
1172 2609 1334 2649 comedit,
1351 2608 1445 2639 cibos
1467 2617 1615 2648 coquere

912 2658 1047 2699 nequit.
1072 2659 1136 2689 Vel
1153 2659 1316 2700 intellige,
1334 2659 1441 2700 inquit
1453 2658 1615 2697 Raderus,

911 2709 1091 2749 agricolam
1118 2719 1175 2739 scu
1208 2710 1462 2747 agricultorem,
1498 2708 1525 2738 si
1561 2710 1611 2739 vel

913 2760 1015 2790 semel
1045 2764 1141 2799 potet
1181 2761 1230 2789 vel
1266 2765 1375 2790 coi-net
1407 2759 1540 2799 lautius,
1571 2760 1612 2790 ad

913 2814 1101 2850 egestatem
1118 2809 1235 2849 redigi.
