1893 3225
529 243 932 275 EPlGRAMMATUM
967 243 1061 273 1213.
1084 243 1198 273 XIII.

1515 231 1599 274 967

744 372 988 415 LXXXI.

747 461 1000 492 RHoMssus

261 535 370 586 QUA
382 547 413 575 M
423 545 497 576 vrs
519 535 608 575 lata
628 535 747 586 gerat
764 532 934 585 patella
955 529 1209 571 rhombum:

264 603 496 646 Rhombus
515 602 646 644 latior
667 604 736 642 est
754 604 898 642 tamen
917 599 1099 653 patella.

189 714 278 746 Licet
290 713 482 755 patenulam
494 716 595 753 gestet
611 712 779 753 rhombum,
793 709 990 742 nihilominus
1005 707 1149 741 rlwmbus
1163 707 1257 740 latior
1271 711 1317 740 est
1325 708 1451 749 patella.

802 795 942 829 NOTAE

190 863 359 903 Rhombus]
404 864 512 895 Piscis
541 863 672 895 scilicet
706 862 749 894 de
781 871 846 904 quo

145 914 220 946 fuse
233 915 304 955 agit
328 914 451 946 Juven.
477 914 550 946 Sat.
575 923 626 946 ιν.
672 914 844 945 Ravennae

902 860 1066 900 optimum
1086 859 1229 891 inveniri
1257 858 1343 891 dicit
1366 857 1498 890 Plinius
1522 866 1598 897 cap.

901 915 954 944 54.
966 911 1025 944 lib.
1038 920 1089 943 1x.

737 1047 1010 1090 LXXXII.

758 1136 967 1167 OSTREA.

146 1203 307 1245 EBRIA
330 1204 503 1246 Baiano
526 1204 625 1246 veni
645 1204 775 1245 modo
796 1205 965 1246 concha
986 1204 1197 1246 Lucrino:

205 1272 370 1314 Nobile
391 1285 509 1313 nunc
530 1272 633 1314 sitio
654 1272 890 1313 luxuriosa
911 1284 1077 1325 garum.

190 1382 290 1414 Paulo
312 1386 384 1414 ante
405 1383 519 1415 concha
543 1383 630 1415 ebria
645 1383 714 1415 veni
729 1393 768 1415 ex
791 1382 931 1414 Lucrino
947 1382 1092 1414 Baiano:
1115 1391 1196 1413 nunc
1221 1381 1382 1412 luxuriosa
1406 1380 1477 1411 sitio
1491 1388 1602 1420 garum

146 1425 257 1457 nobile.

755 1477 995 1490 &oeteo-”em

190 1521 279 1553 Sillae
294 1521 375 1553 Ald.
391 1521 489 1554 Junt.
507 1522 616 1554 Colin.
642 1522 674 1553 in
700 1523 862 1554 lemmate
887 1528 921 1554 et
944 1522 977 1553 in
994 1531 1041 1553 vs.
1060 1524 1154 1552 2.—1
1182 1520 1285 1552 Tibris
1306 1524 1342 1552 et
1357 1519 1504 1551 Mariscae
1527 1519 1603 1551 cod.

161 1565 298 1596 Beverl.
341 1565 413 1597 Alit
428 1575 490 1606 pro
505 1569 589 1596 amat
599 1566 674 1597 vult
688 1567 745 1598 De
758 1567 930 1607 Rooy.—2
946 1565 1058 1607 Scyllae
1074 1565 1158 1596 Vat-

806 1651 948 1684 NOTAE

190 1729 206 1757 1
233 1725 348 1767 Ebria]
365 1726 443 1758 Hoc
459 1730 523 1767 est,
539 1730 690 1758 saturata
702 1731 737 1758 et
750 1730 849 1768 pasta

146 1778 180 1809 in
196 1778 271 1809 lacu
286 1778 430 1809 Lucrino
442 1787 551 1819 prope
567 1778 682 1809 Baias.
712 1779 850 1809 Macro-

148 1830 223 1861 bius
248 1830 307 1861 lib.
323 1839 364 1861 11.
390 1839 466 1870 cap.
484 1833 535 1861 11.
561 1830 570 1847 ‘
583 1829 720 1869 Sergius
739 1829 849 1860 Orata

147 1904 155 1912 .
172 1903 179 1911 .
195 1903 201 1911 .
219 1880 346 1922 primus
363 1880 528 1922 optimum
545 1889 703 1922 saporem
726 1880 848 1912 ostreis

904 1726 1061 1758 Lucrinis
1073 1723 1309 1766 adjudicavit!

945 1780 965 1808 2
992 1776 1102 1807 Nobile
1112 1775 1239 1816 garum]
1263 1775 1339 1807 Quo
1355 1772 1479 1815 nempe
1501 1774 1607 1815 liqua-

902 1828 991 1859 mine
1002 1832 1104 1868 capta
1118 1826 1276 1858 conditur
1287 1830 1413 1857 ostrea.
1457 1826 1513 1857 De
1525 1835 1606 1866 garo

902 1877 995 1910 infra
1009 1878 1111 1919 Epig.
1129 1879 1202 1908 102.

736 2017 1038 2060 LXXXIII.

751 2107 996 2147 SQUJLLAE.

163 2176 449 2218 COERULEUS
471 2189 554 2217 nos
575 2175 689 2217 Liris
711 2180 845 2226 amat,
869 2188 998 2229 quem
1019 2174 1147 2228 sylva
1168 2172 1354 2214 Maricae

210 2244 430 2298 Protegit:
460 2244 560 2284 hinc
581 2244 754 2297 squillae
778 2243 978 2285 maxima
1000 2243 1132 2283 turba
1153 2254 1317 2282 sumus.

190 2362 367 2401 Diligimur
381 2372 400 2392 a
415 2361 487 2393 Liri
501 2361 644 2401 coeruleo,
658 2361 711 2402 qui
725 2361 903 2400 defenditur
912 2362 1001 2403 sylva
1017 2360 1172 2392 Maricae:
1189 2359 1260 2391 hinc
1270 2359 1391 2400 squillae
1406 2367 1509 2390 sumus
1522 2367 1609 2388 maa·-

150 2406 211 2435 ima
225 2405 327 2436 turbu.

803 2447 950 2479 NOTAE

193 2515 209 2543 1
237 2511 395 2542 Caeruleus
415 2510 518 2550 Liris]
547 2511 685 2542 Fluvins
719 2511 854 2544 scilicet

151 2563 349 2608 Cajnpaniae
367 2561 423 2602 qui
439 2561 633 2592 Minturnas
650 2562 758 2594 alluit.
782 2563 853 2594 Ho-

151 2612 258 2644 ratius
270 2612 329 2643 lib.
348 2621 372 2643 1.
389 2611 467 2643 Ode
482 2613 536 2642 31.
555 2611 564 2628 ‘
577 2611 656 2643 Non
680 2622 760 2643 rura
775 2623 850 2655 quae

151 2664 238 2696 Liris
254 2664 372 2704 quieta
390 2661 531 2693 Mox-det
547 2672 645 2703 aqua,
664 2663 852 2695 taciturnus

150 2712 278 2745 amnis!
325 2712 380 2743 Ad
410 2713 503 2744 illum
526 2711 664 2744 fluvium
688 2718 741 2746 est
757 2715 853 2755 sylva

151 2777 249 2799 sacra
275 2765 417 2797 Maricae
441 2764 614 2806 nymphae‚
642 2765 732 2796 illius
758 2764 853 2797 fluvii

153 2817 291 2857 accolae,
307 2825 380 2857 quae
397 2814 471 2855 regi
487 2815 602 2846 Fauno
615 2815 741 2856 nupsit.
764 2816 853 2849 vide

907 2511 1093 2544 Horatium
1105 2510 1164 2542 lib.
1180 2519 1239 2542 111.
1253 2509 1332 2542 Ode
1346 2511 1396 2541 17.

949 2566 969 2594 2
993 2563 1080 2595 Hinc
1094 2561 1232 2603 squillae]
1250 2561 1302 2592 Ex
1314 2560 1386 2592 Liri
1396 2557 1498 2591 fluvio
1510 2557 1609 2598 pisci-

907 2614 976 2646 culi
998 2613 1156 2644 nimirum
1187 2611 1244 2653 qui
1276 2609 1443 2651 gregatim
1473 2612 1606 2646 natant,

907 2664 996 2696 unde
1019 2664 1028 2680 ‘
1042 2664 1188 2695 maxima
1204 2661 1306 2693 turba
1318 2661 1326 2674 ’
1358 2660 1496 2691 dicitur.
1518 2657 1608 2688 Vide

906 2715 1055 2746 Plinium
1070 2713 1129 2745 lib.
1141 2722 1192 2744 xx.
1207 2722 1282 2752 cap.
1298 2714 1351 2742 42.
1377 2707 1611 2747 Alias‘scilla‚'

907 2765 978 2797 sive
1005 2766 1015 2782 ‘
1029 2763 1173 2805 squilla,'
1208 2762 1314 2794 herba
1347 2759 1450 2792 bulbo
1487 2758 1611 2800 insigni

908 2815 1067 2857 praedita.
