1893 3225
266 228 352 270 658

741 237 789 267 M.
813 236 875 265 VA
888 237 925 265 L.
961 235 1026 264 MA
1038 235 1236 266 RTIALIS

268 333 442 376 Retulit
461 346 564 375 ossa
584 333 683 374 sinu
705 333 798 374 cari
821 332 1009 384 Nigrina
1026 331 1186 380 mariti,

325 402 381 443 Et
402 407 558 456 questa
578 405 647 442 est
665 401 820 453 longas
837 413 925 441 non
949 400 1062 441 satis
1085 412 1184 439 esse
1205 399 1328 440 vias:

267 469 470 523 Cumque
491 469 615 510 daret
635 474 830 510 sanctam
855 468 1050 516 tumulis,
1073 467 1233 520 quibus
1255 465 1435 516 invidet,
1459 479 1627 516 urnam,
1701 467 1729 507 5
1778 518 1781 521 Ι

323 537 439 578 Visa
459 538 543 578 sibi
562 541 632 578 est
650 540 779 590 rapto
800 537 869 577 bis
890 535 1072 577 viduata
1092 534 1203 575 viro.

267 658 411 689 sceleris!
457 658 599 697 Nigrina
614 659 684 689 sinu
700 658 870 697 reportavit
887 667 953 687 ossa
968 657 1076 687 dilecti
1095 656 1246 696 conjugis,
1263 661 1292 687 et
1313 657 1410 687 doluit
1424 658 1485 687 iter
1499 667 1559 687 non
1572 667 1635 688 esse
1651 659 1729 688 sutis

266 703 390 740 longum
401 712 411 732 .·
434 705 463 732 et
478 713 546 732 cum
560 703 701 732 conderet
714 705 852 732 sunctum
876 710 985 731 urnam
1007 700 1167 740 sepulcris,
1188 700 1298 740 quibus
1314 701 1445 739 invidet,
1459 699 1520 731 sibi
1542 702 1608 731 visa
1622 705 1667 731 est
1684 702 1730 732 bis

267 745 373 776 orbata
389 749 479 785 rapto
494 745 632 784 conjuge.

927 797 1066 829 NOTAE

312 876 322 902 l
355 873 584 913 Cappadocum]
621 873 764 913 Impiam
791 872 970 912 Cappado-

265 934 340 954 cum
361 930 484 955 terram
503 925 604 963 (lixit,
618 925 674 955 lib.
689 934 737 954 Vi.
751 924 849 964 Epig.
865 927 917 954 85.

309 978 328 1005 4
355 976 397 1005 Et
414 979 520 1015 questu
536 975 595 1015 est]
632 975 795 1007 Quamvis
822 984 864 1005 ex
883 975 971 1014 Cap-

267 1025 411 1065 padocia
438 1026 571 1065 longum
604 1030 694 1056 esset
722 1026 787 1055 iter
816 1025 972 1062 Romam,

266 1082 379 1106 tamen
405 1077 485 1116 quia
512 1077 581 1106 illic
602 1076 713 1106 mariti
734 1075 894 1116 reliquias
919 1081 969 1105 tu-

266 1128 356 1157 mulo
386 1126 533 1157 condere
556 1126 704 1157 debebat
731 1126 889 1166 Nigrina,
915 1136 970 1157 cu-

268 1177 387 1217 piebat
419 1178 522 1208 etiam
549 1178 681 1217 longius
714 1187 799 1216 esse,
828 1187 869 1208 ne
901 1183 971 1208 tam

1025 872 1094 902 cito
1116 871 1294 913 reliquias,
1309 882 1390 914 quas
1413 872 1486 903 sinu
1502 872 1657 912 fovebat,
1674 873 1730 904 ‹le-

1026 929 1180 964 poneret.

1068 977 1085 1004 5
1115 973 1235 1009 Quibus
1250 974 1385 1015 inridet]
1418 975 1549 1016 Utpote
1576 976 1631 1016 qui
1652 986 1730 1007 con·

1025 1024 1111 1055 dunt
1125 1034 1200 1055 suos
1217 1034 1358 1055 amores.

1068 1080 1088 1105 (j
1113 1076 1173 1106 Bis
1189 1075 1330 1116 viduata]
1364 1076 1482 1108 Primo
1503 1086 1578 1108 cum
1603 1077 1730 1107 occidit

1026 1125 1180 1164 maritus,
1197 1132 1231 1157 et
1245 1136 1360 1158 rursus
1377 1136 1453 1158 cum
1471 1128 1544 1168 ejus
1561 1138 1638 1159 ossa
1652 1137 1730 1159 con-

1027 1176 1111 1207 dere
1129 1181 1251 1208 coacta
1267 1183 1331 1208 est.

887 1358 1121 1400 XXXII.

795 1449 857 1478 DE
894 1449 918 1476 v
930 1448 1028 1477 Emi
1063 1448 1202 1477 YOTO.

268 1514 387 1556 DUM
412 1530 559 1557 6011165
586 1515 758 1558 Arctois
779 1517 962 1558 haereret
985 1516 1175 1558 Caesaris
1197 1517 1330 1559 armis

324 1582 496 1634 Velius,
518 1585 629 1625 hanc
652 1585 790 1625 Marti
813 1597 892 1637 pro
914 1584 1023 1625 duce
1046 1586 1171 1626 vovit
1191 1597 1331 1625 avem.

266 1650 392 1692 Luna
413 1658 566 1705 quater
586 1654 712 1693 binos
733 1666 815 1693 non
838 1658 932 1693 tota
952 1657 1180 1706 peregerat
1199 1654 1341 1702 orbes,

325 1720 489 1761 Debita
508 1721 830 1774 poscebatjam
852 1722 939 1761 sibi
959 1727 1060 1762 vota
1080 1721 1220 1762 Deus.

266 1786 374 1839 Ipse
396 1800 499 1827 suas
521 1800 649 1827 anser
670 1788 922 1841 properavit
942 1788 1074 1828 laetus
1097 1788 1152 1828 ad
1174 1801 1288 1837 aras,
1703 1790 1731 1829 5

323 1854 379 1895 Et
400 1855 564 1895 cecidit
585 1856 752 1896 sanctis
774 1855 920 1895 hostia
940 1868 1076 1908 parva
1096 1855 1222 1896 focis.

309 1975 395 2006 Dum
415 1975 526 2007 Vibius
540 1977 741 2008 comitaretur
760 1987 847 2007 orma
871 1976 1047 2007 Sarmatica
1065 1978 1215 2015 Caesaris,
1242 1987 1298 2018 pro
1315 1978 1507 2018 Imperatore
1530 1977 1612 2008 vovit
1627 1977 1731 2007 Marti

265 2018 342 2049 hanc
364 2029 460 2050 avem.
506 2020 595 2050 Luna
611 2021 743 2050 nondum
759 2019 930 2050 absolverat
947 2024 1012 2050 octo
1026 2021 1124 2058 orbes,
1140 2021 1211 2058 jum
1237 2022 1321 2052 Deus
1337 2022 1430 2051 Mars
1444 2020 1566 2061 petebat
1583 2023 1653 2050 vom
1668 2020 1730 2050 sibi

264 2061 381 2093 debita.
428 2062 498 2103 Ipse
513 2073 604 2094 anser
626 2063 736 2094 hilaris
751 2062 922 2100 festinavit
943 2065 984 2093 ud
1007 2073 1062 2094 sua
1085 2064 1215 2103 altaria,
1241 2068 1332 2105 utque
1347 2064 1462 2103 exigua
1476 2064 1603 2094 victima
1619 2063 1730 2093 cecidit

879 2147 1116 2161 mammo

309 2201 360 2233 De
378 2202 466 2233 Vebii
482 2207 550 2234 voto
566 2203 599 2233 in
617 2203 696 2234 Ald.
712 2204 807 2236 Junt.
828 2204 937 2234 Colin.
953 2206 1017 2236 &m

1061 2204 1112 2234 De
1133 2203 1219 2234 Vibii
1240 2207 1309 2234 voto
1330 2202 1362 2234 in
1379 2203 1453 2234 aliis
1470 2207 1556 2235 vett.
1588 2202 1641 2234 Ad
1661 2203 1730 2233 Cae-

263 2254 364 2275 sarem
378 2247 415 2276 de
430 2256 536 2277 ansere
553 2247 662 2277 codex
679 2247 936 2278 Puhnanni.——l
963 2248 1048 2278 Dum
1069 2256 1166 2277 comes
1180 2246 1338 2277 Archadis
1363 2246 1568 2277 Beverlandi
1593 2246 1727 2277 Ms.—-2

271 2287 385 2319 Vebius
398 2289 476 2320 hanc
488 2290 520 2319 iu
538 2289 616 2321 edd.
634 2296 717 2320 vett.
746 2290 855 2321 Vibius
869 2290 949 2320 hunc
970 2290 1003 2320 in
1020 2289 1104 2321 aliis.

1155 2290 1259 2321 Velius
1274 2290 1353 2320 hanc
1368 2289 1575 2320 Beverlandi
1596 2289 1727 2320 Ms.-9

921 2375 1069 2408 NOTAE

309 2447 325 2475 l
344 2445 429 2475 Dum
451 2455 549 2476 comes
572 2445 714 2485 Arctois]
748 2446 801 2477 De
826 2446 968 2487 expedi-

265 2496 358 2527 tione
374 2497 566 2536 Sarmatiae,
583 2508 656 2539 quae
674 2504 726 2528 est
754 2498 794 2528 ad
812 2498 968 2539 Septem-

266 2547 425 2587 trionem,
444 2548 516 2588 jam
541 2548 667 2588 saepius
695 2548 834 2580 dictum.
878 2548 968 2579 Vide

265 2597 324 2629 lib.
347 2607 413 2629 vu.
438 2598 539 2639 Epig.
567 2603 596 2630 5.
642 2599 735 2629 Vibii
763 2599 967 2630 mentionem

264 2647 349 2680 facit
368 2649 550 2680 Suetonius
574 2650 606 2680 in
634 2649 828 2680 Domitiano
845 2659 920 2690 cap.
937 2653 968 2681 3.

264 2699 347 2739 Alii,
367 2700 488 2732 Vebius.

307 2753 327 2782 2
354 2751 444 2783 Vovit
460 2751 562 2792 avem]
589 2750 750 2782 Anserem
768 2760 890 2791 nempe
904 2751 970 2782 Ro·

264 2802 354 2833 mani
380 2802 521 2844 Imperii
549 2802 736 2834 custodem.
780 2802 854 2833 Lib.
884 2811 969 2833 xm.

1023 2446 1123 2487 Epig.
1139 2449 1192 2478 47.

1065 2501 1083 2528 3
1108 2498 1196 2528 Luna
1223 2498 1346 2538 quater]
1385 2496 1461 2528 Hoc
1487 2500 1551 2535 est,
1577 2495 1726 2528 nondum

1024 2549 1132 2589 elapsi
1149 2553 1247 2579 erant
1262 2553 1343 2579 octo
1359 2558 1507 2587 menses,
1518 2547 1637 2589 quibus
1651 2548 1726 2578 Sar-

1024 2599 1185 2630 maticum
1200 2599 1325 2630 bellum
1342 2603 1395 2629 est
1413 2597 1618 2630 confectum.

1066 2653 1084 2679 5
1110 2649 1180 2690 Ipse
1203 2660 1276 2680 suas
1298 2648 1404 2689 anser]
1439 2649 1524 2680 Cum
1542 2654 1654 2680 autem
1673 2658 1725 2680 re-

1023 2699 1137 2730 nitens
1155 2699 1227 2731 ibat
1241 2699 1283 2729 ad
1302 2709 1389 2739 aras,
1409 2699 1527 2740 quibus
1552 2699 1726 2729 immolan-

1025 2750 1069 2781 da
1108 2755 1181 2782 erat
1218 2750 1367 2790 victima,
1403 2758 1499 2780 omen
1536 2747 1723 2780 infaustum

1025 2805 1112 2832 erat.
