1893 3225
537 255 939 286 EPlcRAMMATUM
979 256 1072 285 11113.
1109 256 1177 285 lx.
1507 247 1591 287 713

127 353 260 407 Saepe
278 358 508 395 recusatos
525 366 686 407 parcus
709 352 895 394 duxisse
917 352 1177 406 triumphos,

186 421 342 464 Victor
363 422 658 476 Hyperboreo
675 434 833 462 nomen
856 421 912 462 ab
929 421 1036 462 orbe
1058 421 1170 461 tulit.
1536 423 1591 462 ‘20

129 489 313 544 Templa
335 490 448 540 Deo,
471 502 614 531 mores
636 489 819 544 populis
842 488 981 538 dedit,
1003 489 1094 530 otia
1115 488 1245 538 ferro,

184 556 320 599 Astra
340 558 450 608 suis,
474 559 589 600 coelo
609 556 772 607 sidera,
795 561 918 598 serta
943 555 972 598 J
977 556 1063 598 ovi.

128 624 402 667 Herculeum
424 625 556 667 tantis
572 639 733 666 numen
754 639 840 666 non
861 624 1029 666 sufficit
1049 625 1190 666 actis:

182 693 376 748 Tarpeio
400 694 525 735 Deus
545 693 617 735 hic
637 693 890 736 commodet
911 705 988 734 ora
1008 692 1140 746 patri.

127 826 298 856 sudantem.
345 825 446 867 Saem
467 837 529 857 non
544 836 684 858 comessa
706 825 876 858 facultate
899 825 1013 865 agendi
1030 824 1200 864 triumphos
1217 823 1394 857 Parthicos,
1411 822 1510 852 rit-lor
1525 832 1594 851 con-

127 871 248 899 secutus
263 872 309 899 est
324 879 432 900 nomen
455 869 493 900 ab
509 870 579 900 orbe
594 870 846 910 septemtrionali.
893 868 1033 900 Donavit
1058 868 1143 899 Deos
1160 867 1292 906 templis,
1303 867 1430 906 populos
1450 865 1596 902 moribus,

125 920 212 941 «arma
227 912 339 951 quiete,
360 921 433 943 suos
455 913 562 953 ‹mcv-is,
583 915 690 944 caelum
713 913 878 951 sideribus,
902 913 1013 943 Jovem
1027 911 1160 942 coronis.
1205 910 1394 941 Herculeum
1408 918 1519 939 numen
1535 918 1593 937 nou

125 954 240 995 sufficit
255 955 459 993 tuntissnctis
472 967 482 985 .-
506 956 555 987 hic
571 957 657 988 Deus
673 956 891 988 Domitianus
905 965 968 987 suo
982 956 1071 986 vultu
1085 955 1202 993 referat
1219 954 1385 994 Tarpeium
1398 956 1529 993 patrem.

743 1042 986 1055 “Nm“

124 1097 162 1125 et
184 1094 477 1128 Bau-bouins.—19
498 1096 637 1128 ‘Parcas
664 1097 873 1130 Gevartius:
898 1107 975 1129 nam
1006 1096 1206 1129 Domitiano
1237 1104 1315 1126 cum
1340 1094 1479 1125 Parthis
1504 1093 1595 1123 nulla

125 1137 227 1177 bella,
242 1138 303 1169 scd
327 1143 425 1170 arcta
440 1139 601 1172 amicitia.
645 1140 836 1172 Scriverius
855 1141 985 1172 mavult
1001 1143 1158 1171 recusatos
1177 1149 1303 1180 parcus.
1348 1138 1442 1178 Lege
1456 1136 1595 1178 ραν-σιω]

124 1180 334 1213 Bcverland.
375 1182 551 1214 ‘Scrivelu
581 1193 600 1214 e
626 1183 831 1216 membranis
857 1183 994 1224 profert
1023 1187 1180 1214 recusatos
1205 1191 1334 1222 parcus:
1363 1181 1455 1222 quod
1488 1178 1590 1211 victis

122 1223 287 1256 Sarmatis
314 1225 524 1267 triumphum
550 1226 747 1258 recusavit!
770 1227 908 1259 Far-nab.
934 1227 1091 1258 Schrecel.
1137 1226 1310 1257 ‘Recusato
1341 1224 1474 1265 phrasis
1506 1232 1598 1259 rara,

123 1275 188 1298 nec
203 1271 319 1299 tamen
336 1268 422 1300 adeo
439 1269 562 1301 aliena.
590 1270 715 1310 Portos,
728 1279 794 1302 non
814 1271 963 1310 Parthos,
979 1271 1044 1310 leg.
1061 1279 1136 1301 esse
1149 1267 1409 1300 contenderim!
1422 1266 1595 1298 Flosculus.

126 1309 292 1343 Nostram
306 1312 390 1344 lect.
405 1312 465 1344 dat
478 1312 682 1344 Barbouius.

789 1377 932 1409 NOTAE

122 1450 191 1481 Ter
214 1449 300 1482 vicit
324 1460 462 1493 quoque
486 1451 618 1484 Getas:
654 1451 695 1483 de
712 1451 834 1494 quibus

124 1511 239 1541 supra.

170 1555 211 1583 19
234 1552 325 1593 Sa’pe
340 1562 403 1584 rec.
429 1552 602 1594 [recusato]
626 1552 695 1584 Hic
712 1552 833 1584 modus

124 1603 288 1644 loquendi
319 1603 494 1635 familiaris
518 1608 571 1635 cst
597 1603 738 1635 Aurelio
755 1604 833 1635 Vic-

125 1654 212 1685 tori:
239 1654 408 1686 ablativus
425 1660 477 1685 est
492 1654 668 1686 absolutus
680 1654 834 1685 neutrius

126 1705 284 1745 generis3
309 1705 372 1736 hoc
398 1705 465 1746 ipsi
490 1709 662 1745 recusato,
683 1715 744 1736 seu
770 1704 833 1736 hac

124 1765 162 1786 re
190 1761 360 1795 recusata,
386 1765 509 1796 nempe
540 1760 577 1786 ut
605 1756 833 1787 auxiliaretur

124 1807 297 1847 Vologeso
309 1807 516 1837 Parthorum
533 1807 616 1848 regi.
649 1807 832 1838 Suetonius

124 1867 201 1898 cap.
231 1859 264 1889 2.
288 1858 323 1888 in
347 1857 545 1888 Domitiano
565 1868 573 1889 :
597 1859 606 1875 ‘
624 1858 699 1889 Nec
718 1863 831 1889 tamen

123 1918 164 1939 eo
181 1909 308 1948 secius,
324 1918 400 1939 cum
416 1909 608 1949 Vologesus
624 1908 831 1940 Parthorum

125 1968 185 1990 rex
203 1959 330 1990 auxilia
354 1959 516 1990 adversus
540 1959 669 1990 Alanos
694 1959 833 1991 ducem-

125 2019 192 2051 que
207 2010 351 2041 alterum
365 2019 406 2040 ex
420 2010 624 2050 Vespasiani
640 2009 757 2041 liberis
774 2010 833 2042 de-

123 2060 352 2101 poposcisset,
385 2059 474 2091 omni
498 2069 563 2101 ope
587 2060 780 2098 contendit,
795 2065 835 2092 ut

125 2111 198 2151 ipse
214 2110 429 2152 potissimum
445 2111 641 2143 mitteretur
657 2123 666 2152 ;
690 2117 737 2154 et,
753 2112 834 2154 quia

124 2162 281 2193 discussa
296 2171 351 2193 res
368 2165 434 2202 est,
458 2162 540 2193 alios
557 2162 711 2194 Orientis
724 2173 832 2204 reges,

124 2217 164 2244 ut
180 2212 269 2244 idem
293 2213 519 2253 postularent,
531 2211 628 2243 donis
646 2223 684 2244 ac
702 2213 834 2254 pollici-

125 2264 313 2295 tationibus
330 2263 504 2295 solicitare
517 2264 692 2296 tentavit.'

169 2316 290 2346 Parcus
306 2315 476 2357 [Parthos]
499 2315 575 2347 Hoc
605 2321 671 2356 est,
698 2317 834 2349 Parthi-

126 2375 197 2397 cos.
241 2366 406 2406 Virgilius
416 2367 548 2407 Ecloga
562 2376 595 2399 x.
611 2367 621 2384 ‘
632 2368 736 2400 Libet
752 2369 835 2400 Par-

127 2416 184 2446 tho
201 2419 362 2458 torquere
377 2417 533 2458 Cydonia
544 2427 649 2450 cornu
665 2419 832 2461 Spicula‚’

126 2469 191 2501 &c-

169 2520 211 2548 20
235 2518 454 2560 Hyperboreo]
480 2519 558 2552 Hoc
588 2525 656 2560 est,
686 2526 835 2562 septem·

129 2569 292 2601 trionali:
331 2580 406 2602 uam
438 2581 457 2602 a
481 2572 625 2604 devictis
653 2573 836 2606 Germanis

891 1451 1133 1490 Germanicus,
1150 1456 1252 1492 atque
1265 1460 1285 1481 a
1300 1449 1452 1482 subactis
1464 1449 1598 1480 Sarma-

890 1503 934 1533 tis
944 1502 1153 1534 Sarmaticus
1168 1501 1282 1533 dictus
1298 1506 1351 1532 est
1368 1499 1600 1532 Domitianus.

890 1552 1080 1583 Scriverius
1110 1552 1195 1593 legit
1210 1563 1218 1582 :
1257 1553 1266 1568 ‘
1284 1552 1384 1593 Saepe
1420 1555 1597 1582 recusatos

889 1613 1012 1643 parcus
1025 1603 1164 1634 duxisse
1176 1602 1390 1643 triumphos‚’
1402 1601 1491 1643 quod
1506 1601 1600 1632 victa

888 1655 1058 1687 Sarmatia
1071 1655 1281 1696 triumphum
1297 1654 1483 1686 recusavit.

931 1710 971 1740 21
1000 1707 1128 1748 Templa
1152 1705 1237 1746 Deo]
1262 1705 1352 1737 Vide
1381 1705 1482 1748 Epig.
1498 1708 1532 1737 4.
1547 1715 1600 1736 su-

889 1766 963 1798 pra.

932 1809 1054 1851 Mores]
1077 1809 1178 1850 Epig.
1195 1812 1227 1840 4.
1245 1812 1282 1840 et
1296 1812 1328 1840 7.
1342 1808 1401 1840 lib.
1420 1818 1472 1840 Vl.

933 1860 1011 1891 Otia
1019 1859 1127 1901 ferro]
1152 1860 1230 1891 Hoc
1247 1864 1302 1891 est
1316 1871 1325 1891 :
1350 1859 1450 1890 Bello
1466 1858 1601 1890 confec-

888 1915 937 1951 to,
952 1921 1074 1951 pacem
1097 1911 1250 1942 hostibus
1266 1910 1436 1942 concessit
1453 1920 1463 1949 ;
1501 1910 1602 1952 Epig.

889 1966 942 1994 15.
960 1962 1020 1994 lib.
1039 1971 1123 1994 vm.

931 2016 973 2044 22
1000 2015 1096 2045 Astra
1124 2012 1202 2053 suis]
1238 2013 1317 2044 Hoc
1340 2016 1411 2044 est:
1447 2012 1603 2051 Patrem,

887 2062 1046 2103 fratrem,
1076 2074 1219 2095 uxorem
1248 2063 1283 2094 in
1308 2063 1459 2094 Deorum
1484 2072 1601 2093 nume-

890 2124 963 2145 rum
991 2114 1123 2155 retulit,
1143 2119 1178 2146 et
1188 2114 1317 2145 Flaviae
1329 2114 1425 2155 genti
1438 2114 1601 2155 templum

890 2165 1013 2205 erexit,
1029 2165 1071 2196 de
1085 2175 1151 2206 quo
1168 2166 1270 2206 Epig.
1286 2168 1317 2197 2.
1334 2176 1447 2206 supra.

932 2215 1028 2247 Serta
1041 2216 1132 2256 Jovi]
1157 2216 1248 2248 Quia
1270 2216 1423 2247 lauream
1440 2216 1519 2248 Jovi
1538 2217 1601 2248 Ca-

890 2265 1033 2307 pitolino
1048 2266 1165 2298 intulit
1181 2276 1223 2298 ex
1242 2266 1387 2298 victoria
1398 2267 1602 2298 Sarmatica.

890 2318 1077 2351 Suetonius
1094 2318 1128 2349 in
1142 2318 1359 2350 Domitiano.

934 2372 977 2401 24
1003 2368 1152 2409 Tarpeio]
1176 2369 1303 2400 Sensus
1318 2373 1392 2401 est:
1415 2370 1487 2401 Pro
1503 2373 1555 2402 tot
1566 2375 1602 2402 et

888 2421 993 2453 tantis
1010 2420 1112 2452 rebus
1123 2420 1229 2461 gestis
1240 2430 1308 2452 non
1324 2419 1465 2461 sufficit,
1482 2426 1521 2452 ut
1537 2422 1601 2453 sub

889 2471 1038 2512 imagine
1076 2471 1238 2503 Herculis
1267 2472 1402 2504 colatur
1431 2474 1601 2505 Domitia-

890 2522 1031 2562 nus‚sed
1045 2523 1106 2555 sub
1120 2523 1268 2565 imagine
1283 2523 1387 2565 ipsius
1402 2523 1500 2557 Jovis
1511 2528 1602 2555 esset

891 2573 1070 2607 colendus.
