1893 3225
303 230 388 274 692
779 242 1282 272 M.VAL.MARTnnns

305 337 468 378 Clausa
490 337 595 378 mihi
615 341 739 379 texto
759 351 859 378 cum
880 338 1065 392 prandia
1088 338 1250 378 vimine
1272 339 1437 388 mittaS,

362 405 449 445 Cur
471 405 682 445 comitata
703 405 840 458 dapes
861 406 979 446 nulla
999 405 1150 456 lagena
1170 406 1324 445 venit?

303 472 444 525 Atqui
465 473 597 524 digna
611 477 686 513 tuo
710 473 747 513 si
767 473 939 513 nomine
953 485 1130 512 munera
1150 471 1301 521 ferres,
1723 487 1751 514 o

359 541 473 590 Scis,
496 544 616 593 puto,
637 540 864 581 debuerint
886 552 985 593 quae
1008 539 1115 579 mihi
1136 539 1254 581 dona
1272 540 1379 580 dari.

305 651 497 689 Groecornm,
521 659 587 680 cum
607 651 647 680 ad
671 659 718 680 me
734 649 841 680 mittas
855 649 988 688 prandia
1010 649 1112 679 clausa
1134 649 1268 680 canistro
1295 649 1440 688 vimineo,
1464 659 1556 690 quare
1582 651 1665 680 nulla
1687 661 1751 681 am-

299 694 395 733 phora
409 693 553 724 comitata
565 695 609 723 est
621 691 723 724 cibos?
746 692 845 732 Atqui
860 693 887 722 si
902 692 1038 722 mitteres
1062 693 1143 723 dona
1165 693 1260 731 digna
1276 695 1328 723 tuo
1343 693 1474 732 nomine,
1488 693 1616 732 novisti,
1633 693 1752 734 opinor,

300 747 366 777 quoe
381 745 507 766 munera
522 736 599 766 minz·
610 736 752 766 donanda
760 735 896 773 suerint.

906 798 943 809 Ν
946 797 1138 809 eeeeeeeeee

343 844 395 875 Ad
405 843 549 875 Liberum
562 844 693 874 amicum
710 843 742 874 iu
754 844 903 874 aliis.—l
929 843 998 874 Pro
1012 843 1124 873 vittate
1140 843 1197 873 alii
1213 843 1372 879 redimite,
1388 843 1558 874 Gruterus
1577 852 1618 874 ex
1636 844 1750 876 Paiat.

299 886 401 928 Angl.
418 887 598 928 legendum
614 892 743 926 censet,
765 887 890 917 vittate.
938 886 1014 917 Nec
1031 886 1132 917 aliter
1144 885 1253 917 codex
1270 885 1508 917 Pireheimeri.

955 959 1095 991 NOTAE

343 1029 359 1057 l
383 1026 491 1066 Liber]
509 1025 562 1057 Ad
577 1034 674 1067 quem
688 1023 835 1064 scripsit,
846 1023 904 1054 lib.
916 1032 995 1054 vm.
1052 1032 1191 1054 exerces
1208 1023 1407 1055 Graecorum
1420 1026 1607 1065 certamen,
1621 1023 1753 1056 scilicet

299 1077 399 1117 Epig.
414 1080 466 1108 77.
499 1076 650 1116 Amyclae
694 1075 816 1106 civitas
845 1079 897 1104 est
934 1074 995 1104 La·
1051 1074 1250 1114 pugilatum.

298 1127 417 1167 coni-21³,
444 1128 477 1157 in
505 1136 569 1167 qua
597 1126 740 1157 maxime
767 1125 995 1156 exercebatur
1093 1127 1111 1155 3
1138 1125 1268 1165 Clausa]
1291 1124 1368 1156 Hoc
1395 1128 1460 1163 est,
1480 1133 1541 1156 cur
1558 1124 1656 1156 simul
1673 1135 1736 1157 cun

299 1178 481 1218 pugiiatus‚
496 1176 585 1207 uude
608 1185 732 1207 corona
756 1175 932 1215 Amyclaea
946 1174 994 1204 di·
1050 1175 1202 1215 sportula
1217 1185 1282 1206 non
1300 1174 1415 1206 misisti
1431 1176 1608 1216 lagenam?

298 1229 388 1259 citur
404 1236 443 1257 ea
459 1237 524 1268 qua
548 1227 718 1257 donantur
746 1227 874 1266 pugiles
892 1226 994 1256 victo-
1092 1229 1109 1255 5
1136 1225 1247 1264 Digna
1263 1224 1329 1264 tuo]
1354 1225 1456 1256 Liber
1481 1226 1569 1256 enim
1595 1226 1749 1257 Bacchus

297 1289 362 1309 res.
410 1278 557 1308 Frontem
578 1277 691 1307 vittate
712 1276 883 1317 [redimite]
911 1276 994 1307 Hel·
1050 1275 1188 1313 dicitur,
1205 1281 1308 1316 atque
1325 1275 1374 1306 ita
1386 1275 1514 1307 Bacchi
1527 1285 1666 1306 munera
1678 1278 1751 1308 mit-

296 1329 458 1360 lenismus
475 1332 540 1364 est,
565 1326 606 1357 de
627 1336 691 1367 quo
713 1327 836 1366 saepius
853 1327 994 1358 dictum.
1051 1331 1125 1356 tere
1142 1324 1272 1356 debuit.

339 1381 359 1409 2
385 1377 449 1413 Qui
463 1377 578 1417 quatis]
614 1377 690 1407 Hoc
719 1382 783 1414 est,
809 1376 866 1417 qui
887 1377 994 1408 Italus

901 1559 1138 1600 LXXIV.

851 1649 902 1680 lN
937 1651 1186 1681 SUTOREM.

295 1719 558 1759 DENTissUS
578 1719 784 1771 antiquas
806 1716 968 1758 solitus
990 1717 1234 1771 producere
1258 1717 1411 1771 pelles,

352 1785 408 1827 Et
428 1785 620 1826 mordere
641 1786 733 1826 luto
751 1790 875 1838 putre
898 1790 1116 1838 vetusque
1140 1785 1297 1834 solum,

293 1852 568 1894 Praenestina
587 1857 708 1893 tenes
730 1853 901 1906 decepti
921 1865 1052 1904 regna
1072 1852 1259 1904 patroni,

351 1919 402 1960 In
423 1919 582 1973 quibus
603 1919 803 1972 indignor
824 1919 861 1958 si
883 1919 961 1959 tibi
984 1918 1098 1959 cella
1118 1918 1214 1959 fuit.

293 1986 487 2040 Rumpis
509 1992 551 2028 et
572 1986 741 2027 ardenti
763 1985 965 2026 madidus
989 1986 1196 2039 crystalla
1219 1986 1422 2035 Falerno,
1712 2002 1740 2028 ο

349 2053 407 2096 Et
427 2055 567 2108 pruris
589 2054 750 2096 domini
773 2067 873 2094 cum
894 2052 1150 2107 Ganymede
1171 2055 1248 2095 tui.

333 2166 450 2196 Solitas
462 2164 602 2196 dentibus
618 2166 782 2196 extendere
798 2165 940 2204 antiquos
952 2165 1056 2204 pelles,
1073 2168 1103 2195 et
1121 2166 1258 2196 mordere
1268 2165 1379 2195 soleam
1395 2168 1528 2196 veterem
1542 2167 1572 2195 et
1585 2165 1744 2205 putridam

290 2210 366 2246 luto,
388 2208 522 2248 possides
546 2218 620 2239 rura
647 2209 842 2238 Proenestina
872 2207 996 2247 patroni
1020 2208 1146 2246 mortui,
1170 2209 1203 2238 in
1229 2207 1338 2247 quibus
1361 2218 1444 2246 αξη-ε
1457 2207 1532 2244 sero
1557 2207 1584 2237 si
1608 2207 1745 2237 habuisti

289 2252 405 2283 cellam.
433 2251 535 2291 Atque
547 2251 648 2281 ebrius
663 2251 787 2281 ardenti
807 2251 937 2282 Falerno
945 2250 1077 2289 frangis
1091 2250 1249 2290 crystalla.
1274 2250 1293 2268 *
1317 2250 1334 2267 *
1356 2250 1417 2281 Sed
1430 2253 1574 2291 parentes
1589 2251 1744 2281 dementes

898 2335 1132 2346 eeeeeeeeeeee

335 2393 353 2421 3
372 2390 438 2421 Alii
454 2389 590 2428 defuncti
604 2393 776 2421 rum—10
803 2391 881 2426 Quce
902 2393 990 2420 sutor
1006 2390 1226 2420 Pulmannus.

939 2475 1083 2506 NOTAE

332 2542 348 2570 l
373 2539 527 2580 Antiquas
552 2539 659 2579 pelles]
697 2539 772 2570 Hoc
788 2544 853 2578 est,
868 2544 986 2570 vetera
1040 2543 1093 2569 rat
1109 2543 1214 2569 sutor.
1258 2539 1314 2569 De
1336 2537 1552 2568 Praenestino
1575 2546 1651 2568 rure
1677 2537 1738 2568 lib.

287 2590 391 2620 coria.
1039 2599 1088 2621 lv.
1105 2589 1204 2629 Epig.
1221 2591 1274 2619 04.

330 2643 349 2670 2
373 2639 492 2678 Solum]
537 2639 687 2670 Sutnitur
717 2640 771 2671 hic
803 2650 864 2682 pro
893 2641 986 2671 solea
1079 2642 1099 2670 4
1123 2639 1235 2670 Sitibi
1259 2640 1333 2670 cella
1348 2638 1433 2678 fuit]
1471 2638 1549 2670 Hoc
1580 2643 1646 2678 est,
1672 2648 1735 2669 nec

289 2690 394 2720 caicei
410 2691 513 2729 rupti,
531 2700 628 2730 quem
646 2690 755 2721 reficit
772 2696 878 2723 sutor.
1038 2690 1138 2727 cella,
1155 2699 1218 2721 nec
1234 2690 1371 2722 minima
1393 2691 1511 2722 domus
1542 2695 1641 2731 parte
1666 2690 1736 2730 dig-

330 2743 348 2770 3
375 2740 583 2779 Proenesi'inn]
608 2741 735 2780 Legata
751 2741 812 2772 tibi
831 2752 849 2772 a
872 2746 984 2782 patro·
1038 2749 1099 2770 uus
1116 2749 1200 2772 eraS.

289 2800 344 2828 110,
363 2798 457 2830 quem
475 2798 554 2819 saue
573 2789 668 2820 malis
685 2791 814 2822 artibus
830 2796 985 2832 captave-
