1893 3225
559 249 964 279 }·:P10RAMM.=x'r[JM
1005 250 1097 279 [ΑΒ.
1131 252 1203 280 xi.
1526 243 1609 283 813

147 347 264 388 Nam
282 359 379 387 mea
405 347 672 400 Lampsacio
693 346 871 387 lascivit
890 346 1050 399 pagina
1072 359 1219 397 versu,

204 413 259 455 Et
278 414 562 455 Tartessiaca
582 418 818 467 concrepat
840 426 932 454 aera
952 427 1100 455 mann.

148 482 186 523 O
212 483 386 535 quoties
406 482 546 535 rigida
567 481 772 535 pulsabis
793 481 931 534 pallia
953 494 1077 530 vena,
1581 485 1608 523 5

203 551 276 592 Sis
296 551 468 604 gravior
490 550 639 599 Curio,
665 549 959 602 Fabricioque
980 549 1107 590 licet!

144 620 216 660 Tu
235 632 415 673 quoque
435 619 656 672 nequitias
674 619 813 659 nostri
834 618 1048 671 lususque
1069 618 1205 659 libelli

203 688 307 728 Uda
328 688 475 740 puella
494 688 633 740 legeS,
649 686 712 727 sis
735 685 961 727 Patavina
976 686 1098 727 lieet.

147 755 345 806 Erubuit,
368 756 605 809 posuitque
627 767 776 796 meum
798 753 1009 795 Lucretia
1026 753 1188 794 librum
1206 768 1216 804 3

204 823 292 864 Sed
314 837 464 864 coram
481 824 640 865 Bruto:
675 823 828 872 Brute,
849 821 1023 872 recede,
1045 823 1175 875 leget.
1554 825 1609 864 10

145 944 228 978 togae
252 940 394 971 urbance:
418 950 484 971 mea
511 940 592 971 euim
606 941 724 981 pagina
746 940 869 971 lascivit
891 940 1027 971 carmine
1054 939 1246 979 Lampsacio,
1268 944 1299 971 et
1316 941 1419 980 pulsat
1439 950 1504 972 cera
1518 951 1609 972 manu

146 984 292 1023 Hispana
315 983 334 999 *
357 982 386 1014 *.
419 984 567 1014 Lucretia
591 983 726 1023 erubuit,
749 987 842 1024 atque
855 983 966 1022 abjecit
982 984 1232 1020 meamlibrum;
1258 987 1292 1014 at
1316 993 1420 1015 coram
1445 985 1567 1015 B1·uto.·
1591 996 1609 1015 o

150 1027 265 1065 Brute,
288 1027 406 1066 recede,
430 1028 559 1057 evolvet.

758 1077 950 1090 'venereo-estne
957 1079 999 1090 veo·

188 1135 207 1164 3
232 1133 362 1164 Lassata
376 1133 443 1164 Ms.
460 1134 597 1165 Beverl.
615 1138 651 1165 et
667 1144 716 1165 vs.
732 1137 765 1165 4.
793 1135 990 1175 Tarpesz'aco,
1005 1138 1041 1165 et
1058 1144 1108 1165 vs.
1126 1137 1156 1165 6.
1171 1134 1253 1172 fecit
1271 1143 1331 1174 pro
1355 1135 1440 1174 licet,
1457 1140 1493 1166 et
1511 1145 1558 1166 vs.
1575 1139 1604 1168 8.

148 1176 177 1206 si
192 1179 277 1207 stata
290 1177 361 1207 vina
378 1176 463 1207 bibas
478 1176 532 1208 vel
547 1176 643 1208 bibes.

810 1230 954 1263 NOTAE

188 1298 207 1326 3
224 1294 420 1335 Lampsacio]
431 1295 598 1336 Priapeio
614 1307 622 1328 ε
641 1297 852 1337 Lampsacus
906 1298 964 1327 28.

145 1345 225 1376 urbs
242 1350 296 1376 est
312 1346 450 1386 Mysiae,
473 1346 528 1377 ubi
554 1346 700 1387 Priapus
716 1347 853 1378 coleba-
954 1347 1125 1386 Concrepat
1137 1356 1201 1376 oera
1213 1345 1321 1387 manu]
1344 1346 1419 1377 Lib.
1438 1356 1486 1377 νῐ.
1512 1347 1611 1387 Epig.

145 1401 209 1428 tur.
255 1396 410 1428 Ortelius
427 1397 468 1427 ab
482 1397 653 1437 aliquibus
664 1396 769 1428 fuisse
783 1398 852 1429 col·
906 1399 959 1428 71.
975 1399 983 1414 ‘
1002 1396 1116 1428 Edere
1133 1398 1278 1429 lascivos
1296 1398 1338 1428 ad
1363 1399 1497 1429 Baetica
1520 1408 1611 1429 erns-

145 1448 294 1479 locatam
312 1447 396 1478 dicit
420 1447 511 1478 inter
536 1447 676 1479 Parium
702 1452 738 1479 et
753 1448 852 1479 Pria·
906 1455 998 1480 mata
1014 1448 1157 1488 gestus‚'
1180 1452 1245 1480 διο.

147 1509 227 1539 pum
265 1498 308 1529 ad
349 1498 630 1538 Hellespontum.
675 1498 847 1530 Ovidius:
950 1502 990 1530 lo
1013 1499 1075 1529 Sed
1091 1508 1193 1530 coram
1208 1499 1327 1539 Bruto]
1350 1499 1613 1539 IpsaLucrefia,

148 1549 157 1565 ‘
169 1550 214 1580 Et
232 1555 266 1580 te
282 1549 443 1588 ruricola,
460 1549 661 1588 Lampsaco,
674 1552 751 1580 tuta
768 1548 852 1581 tuo.’
905 1550 1047 1580 absente
1076 1550 1186 1581 Bruto
1202 1550 1275 1581 viro
1293 1550 1504 1591 gravissimo,
1520 1552 1613 1591 leget

192 1603 211 1631 4
239 1599 447 1639 Tartessiaca]
479 1599 569 1629 Vide
600 1599 735 1632 lib.vn.
751 1600 851 1641 Epig.
907 1611 1000 1632 meos
1013 1599 1127 1630 libros

791 1755 959 1797 XVII.

714 1847 780 1876 AD
814 1846 1055 1877 SAssiNUM.

150 1915 263 1957 NON
287 1914 432 1955 omnis
457 1915 592 1955 nostri
610 1919 830 1954 nocturna
850 1919 917 1955 est
939 1915 1100 1967 pagina
1119 1914 1241 1955 libri:

208 1983 414 2024 Invenies
431 1986 472 2023 et
493 1982 611 2036 quod
632 1995 777 2032 mane,
795 1982 976 2033 Sabine,
998 1972 1137 2036 legas.

191 2093 324 2124 Lasciva
339 2104 399 2125 noa
425 2095 471 2123 est
498 2091 597 2122 omnis
611 2092 730 2132 pagina
745 2092 848 2123 nostri
873 2092 967 2123 libri:
992 2092 1022 2124 O
1049 2092 1175 2129 Sabine,
1199 2092 1346 2134 reperies,
1368 2096 1397 2123 ez
1422 2094 1502 2133 quod
1527 2095 1612 2133 legas

152 2147 251 2168 mane.

812 2178 954 2210 NOTAE

193 2247 209 2274 1
237 2242 416 2282 Nocturna]
434 2242 612 2281 petulans,
628 2246 730 2283 atque
747 2241 856 2282 impu·
913 2242 1016 2272 etiam
1037 2241 1168 2273 sobrius
1189 2242 1296 2283 possis
1310 2242 1427 2283 legere
1440 2242 1532 2272 salva
1562 2251 1613 2272 ve-

150 2295 237 2326 dica.
913 2292 1084 2324 secundia.

193 2349 212 2377 2
237 2345 395 2385 Invenies]
433 2345 561 2376 Versus
589 2345 734 2383 scilicet,
774 2353 857 2386 quos

793 2492 986 2534 XVIII.

750 2582 798 2612 lN
838 2581 1028 2612 LU-PUM.

269 2650 518 2701 DONAST1,
540 2651 681 2705 Lupe,
704 2664 778 2692 rus
800 2651 882 2691 sub
904 2651 1011 2692 urbe
1028 2651 1181 2692 nobis:

270 2718 361 2759 Sed
381 2732 454 2759 rus
476 2723 546 2760 est
563 2719 669 2759 mihi
689 2720 831 2774 majus
852 2720 896 2760 in
917 2718 1123 2760 fenestra.

201 2828 231 2858 0
249 2827 345 2868 Lupe,
367 2828 443 2858 mihi
470 2828 582 2859 dedisti
596 2830 747 2868 proediam
763 2828 979 2867 mcburbmum,
1001 2829 1053 2859 sed
1076 2828 1169 2858 habeo
1187 2828 1285 2865 majas
1299 2826 1451 2865 prteslimn
1468 2826 1611 2862 insinues-
