1893 3225
559 206 966 237 umGRAMMA'rUM
1006 211 1097 238 mn.
1136 211 1181 239 x.
1501 205 1586 245 7‘25

242 300 299 341 Et
314 304 442 342 notus
463 301 666 355 populis3
699 303 803 356 quid
826 304 1032 345 invidetis
1048 308 1066 344 ’ἶ

243 367 346 410 Non
368 382 464 409 sum
488 368 780 410 Andraemone
798 372 949 412 notior
968 372 1173 414 Caballo.
1558 392 1585 419 ε)

118 486 299 526 procacibus
313 496 325 522 ;
347 486 422 526 quid
436 486 604 517 invidetis?
628 487 701 517 Non
715 497 784 517 sum
796 488 899 518 notior
913 488 1109 520 Andr-emano
1122 491 1251 522 caballo.

735 561 968 573 ‘mmo

165 619 183 647 5
207 614 359 646 Andrem.
382 614 462 648 edd.
480 619 564 646 vett.
581 618 617 646 et
633 615 806 656 Farnabii,
822 619 858 646 et
874 616 988 647 Maitt.
1016 617 1112 648 Dant
1128 618 1244 649 caballo
1265 618 1343 650 edd.
1360 618 1471 651 Paris.
1485 623 1583 653 1617.

126 664 161 690 et
179 659 353 691 Barbouii.

780 701 920 733 NOTAE

165 765 183 791 5
208 761 414 792 Andr-nemone
432 760 573 802 Caballo]
588 760 662 791 Lib.
678 770 702 791 1.
720 760 824 801 Epig.
878 762 1006 803 telligit
1043 773 1208 795 scurram.
1254 763 1324 795 Alii
1362 766 1479 798 volunt
1509 776 1584 798 esse

120 816 174 844 42.
210 812 378 854 quendam
404 821 553 844 scurram
583 811 718 842 vocavit
740 812 822 842 Sex·
878 823 1002 846 nomen
1016 814 1139 846 nobilis
1155 815 1331 856 cujusdam
1348 817 1427 858 equi
1452 818 1586 849 circen-

121 865 205 895 tium
221 864 410 897 Cuballum.
455 864 521 895 Hic
547 863 648 895 etiam
666 862 757 895 forte
773 864 821 895 in·
876 874 933 897 Sis.

824 1069 889 1109 X.

674 1158 724 1187 ΙΝ
760 1159 1023 1190 PAULLUM.

120 1225 232 1267 CUM
257 1230 318 1276 tu,
340 1225 570 1278 laurigeris
592 1238 754 1266 anuum
777 1227 853 1279 qui
873 1226 1073 1267 fascibus
1094 1227 1249 1277 intras,

177 1294 311 1336 Mane
331 1294 550 1335 salutator
570 1294 721 1336 limina
741 1294 861 1335 mille
883 1300 999 1336 teras
1017 1309 1028 1346 3

118 1361 209 1402 Hic
232 1375 314 1415 ego
336 1362 443 1416 quid
462 1362 654 1403 faciam?
688 1363 791 1416 quid
813 1363 955 1413 nobis,
979 1363 1154 1413 Paulle,
1178 1363 1407 1417 relinquis,

175 1429 267 1480 Qui
288 1430 341 1471 de
363 1431 493 1484 plebe
518 1429 562 1471 N
567 1443 695 1480 umae,
717 1430 943 1484 densaque
966 1432 1096 1471 turba
1117 1444 1270 1471 sumus
1287 1432 1306 1471 ‘l

119 1497 210 1548 Qui
232 1512 301 1539 me
321 1499 543 1552 respiciet,
566 1499 809 1548 dominum,
830 1512 1062 1552 regemque
1086 1499 1292 1539 vocabo?
1553 1501 1580 1540 5

176 1565 282 1606 Hoc
305 1571 351 1607 tu
371 1565 474 1620 (sed
496 1569 662 1620 quanto
682 1566 887 1607 blandius
903 1565 935 1620 !)
955 1568 1051 1620 ipse
1072 1567 1195 1607 facis.

117 1634 358 1683 Lecticam,
381 1634 592 1675 sellamve
613 1636 807 1688 sequar?
840 1648 922 1675 nec
944 1635 1055 1675 ferre
1074 1648 1277 1676 recusas:

174 1702 263 1743 Per
283 1702 475 1743 medium
496 1715 668 1755 pugnas
691 1707 734 1744 et
754 1703 875 1756 prior
896 1703 958 1742 ire
978 1703 1130 1748 lutum.

116 1775 296 1828 Saepius
319 1788 551 1828 assurgam
570 1776 771 1816 recitanti
795 1776 1020 1817 carmina?
1053 1780 1099 1816 tu
1122 1782 1232 1825 stas,

171 1843 231 1884 Et
251 1844 417 1897 pariter
437 1844 637 1896 geminas
660 1843 801 1902 tendis
822 1845 865 1885 in
887 1856 967 1884 ora
987 1857 1157 1885 manus.
1524 1845 1579 1885 10

159 1960 238 1991 Cum
253 1964 298 1997 tu,
315 1961 367 2000 qui
382 1961 484 2000 aperis
496 1971 608 1991 cinnum
617 1960 762 1998 fascibus
778 1961 957 1998 laurigeris,
972 1970 1061 1991 mane
1076 1960 1231 1990 salutator
1247 1959 1336 1990 obeas
1350 1959 1434 1990 mille
1449 1959 1556 1990 limina
1569 1971 1579 1994 ;

113 2003 162 2033 hic
178 2014 233 2042 ego
250 2005 324 2043 quid
349 2001 467 2043 agam?
492 2003 522 2033 O
549 2004 673 2042 Paulle,
697 2004 771 2042 quid
795 2003 883 2033 nobis
901 2003 1063 2042 relinquis,
1086 2003 1139 2042 qui
1155 2013 1260 2033 sumus
1274 2003 1347 2033 vilis
1371 2003 1474 2041 turha,
1496 2004 1580 2033 etde

111 2047 196 2086 plebe
224 2047 361 2078 Numoe?
384 2047 439 2077 An
465 2046 576 2077 vocabo
602 2047 770 2084 dominum,
793 2049 823 2076 et
849 2056 964 2085 regem,
986 2046 1039 2085 qui
1066 2055 1112 2076 me
1136 2045 1307 2084 respiciat?
1342 2046 1389 2076 Tu
1413 2046 1478 2085 ipse
1500 2047 1579 2085 (sed

113 2092 228 2128 quanto
242 2089 415 2128 suaviusl)
428 2090 500 2128 agis
513 2090 578 2120 hoc.
624 2089 678 2119 An
694 2098 804 2128 sequar
820 2089 958 2119 lecticam
973 2092 1002 2119 et
1019 2087 1152 2120 sellam?
1179 2089 1246 2119 Nec
1261 2098 1365 2119 recuso
1379 2092 1521 2128 portare:
1543 2091 1578 2118 at

112 2136 150 2162 tu
166 2133 334 2171 contendis,
349 2136 383 2163 ut
392 2133 479 2172 prior
492 2143 542 2163 eas
553 2142 608 2172 per
623 2132 757 2163 medium
768 2132 875 2162 lutum.
909 2131 963 2162 An
977 2132 1094 2171 saepius
1106 2141 1269 2171 assurgam
1283 2132 1431 2162 recitanti
1445 2141 1551 2162 versus
1562 2129 1579 2161 ί)

115 2177 162 2207 Tu
181 2179 258 2217 stas,
275 2179 304 2207 et
318 2176 411 2207 simul
425 2176 527 2207 tendis
542 2175 649 2206 ambas
665 2185 772 2206 manus
788 2176 821 2205 iu
835 2175 965 2213 faciem.
1013 2175 1099 2211 Quid
1112 2178 1186 2214 aget
1202 2175 1303 2215 inops,
1327 2175 1380 2215 qui
1392 2174 1498 2214 nequit
1513 2184 1578 2205 esse

722 2248 967 2260 “cmv-‘nvo

156 2298 174 2326 1
196 2295 341 2326 Fastibus
358 2296 456 2325 intrat
471 2294 546 2325 cod.
562 2295 697 2326 Beverl.
715 2301 749 2325 et
768 2306 817 2325 vs.
834 2299 866 2327 4.
891 2295 978 2330 Quid
994 2294 1189 2335 ephetha—5
1217 2294 1377 2334 Respiciat
1395 2292 1473 2324 edd.
1490 2296 1577 2323 vett.

112 2338 271 2378 Respicies
290 2339 367 2369 cod.
385 2339 631 2369 Fuluiana—7
657 2337 832 2379 Sellumque
847 2362 855 2369 .
869 2360 876 2368 .
889 2361 896 2369 .
912 2348 1018 2369 recuso
1035 2338 1114 2368 edd.
1143 2341 1228 2368 vett.
1247 2344 1281 2368 et
1311 2336 1483 2367 Farnabii.
1508 2336 1578 2366 Sel-

112 2382 208 2412 lamue
224 2381 300 2412 cod.
314 2381 562 2412 Pulmann.—9
588 2381 690 2412 Testis
705 2390 766 2422 pro
783 2385 818 2412 lu
837 2385 903 2413 stas
918 2381 964 2413 id.
982 2381 1143 2413 (κτὼ-11
1173 2380 1325 2411 Clientem
1341 2379 1418 2411 cod.
1439 2379 1577 2409 Beverl.

774 2466 913 2498 NOTAE

156 2538 172 2565 1
201 2534 278 2564 Cum
294 2536 341 2571 tu,
356 2532 535 2572 laurigeris]
559 2531 659 2563 Anno
675 2530 815 2562 ineunte
870 2530 962 2563 Quid
975 2529 1106 2561 facient
1123 2539 1306 2570 paupereS,
1321 2538 1398 2560 cum
1413 2528 1476 2559 viri
1494 2529 1578 2560 clari

112 2584 224 2616 fasces
250 2583 393 2614 laureati
420 2582 641 2622 gestabantur
659 2587 740 2613 ante
757 2592 816 2613 no·
870 2587 904 2613 et
920 2582 1052 2613 nobiles
1069 2591 1185 2612 eorum
1201 2580 1314 2612 officia
1331 2580 1480 2612 obeant?

114 2646 172 2666 vos
187 2633 363 2666 Consules.
408 2633 460 2663 De
485 2633 728 2665 salutatoribus
745 2633 816 2664 dle·
913 2636 933 2664 9
958 2633 1128 2673 Assur'gam
1151 2632 1314 2673 recitanti]
1360 2632 1409 2663 Ut
1437 2632 1578 2673 applau-

112 2691 184 2716 tum
202 2684 260 2716 lib.
277 2693 318 2715 11.
336 2682 438 2723 Epig.
456 2685 508 2714 18.
871 2684 960 2716 dam.

154 2739 173 2766 4
198 2736 249 2767 De
262 2734 348 2775 plebe
360 2733 489 2773 Numoe]
514 2734 580 2767 Qui
596 2744 717 2775 nempe
735 2745 816 2775 pau-
915 2738 955 2766 10
981 2736 1025 2766 Et
1044 2736 1166 2775 pariter
1178 2735 1336 2775 geminas]
1372 2735 1508 2777 Signum
1527 2738 1579 2765 est

111 2797 175 2829 per
215 2785 282 2817 fuit
308 2785 397 2816 iuter
429 2794 535 2825 reges.
587 2786 711 2816 Sensus
742 2791 817 2817 est:
872 2785 1114 2826 applaudentis
1131 2792 1165 2817 et
1179 2786 1361 2817 adulantis.
