1893 3225
565 230 967 261 EPIGRAMMATUM
1006 233 1099 262 ms.
1134 233 1225 262 Χιι.
1523 225 1607 266 903

273 324 500 376 Gemmas,
524 339 671 374 aurea,
693 327 809 375 vina,
831 328 1127 369 concubinos:

275 391 350 432 Sic
373 396 426 443 tc,
448 399 665 447 perpetua
686 393 772 433 fide
791 394 1036 446 probatum,
1582 401 1610 440 5

272 458 399 500 Nulli
421 474 508 501 non
527 466 602 502 tua
623 460 831 514 praeferat
851 465 1059 514 patrona:

275 526 513 569 Succurras
534 528 707 577 misero,
730 541 900 581 precor,
920 528 1068 578 furori,

275 594 333 635 Et
352 608 497 637 serves
518 595 753 649 aliquando
772 596 1038 649 negligenter

275 662 382 704 Illos
406 666 479 718 qui
500 665 615 706 male
636 678 711 705 cor
730 677 875 705 meum
898 669 1135 718 perurunt:

278 730 403 781 Quos
425 737 469 773 et
490 734 696 774 noctibus
718 736 760 773 et
781 732 937 772 diebus
959 738 1066 787 opto
1556 733 1611 775 10

281 799 333 839 In
354 806 504 841 nostro
526 801 717 854 cupidus
738 801 838 841 sinu
858 800 1021 850 videre,

280 866 536 918 Formosos,
558 868 723 917 niveos,
744 880 885 921 pareS‚
907 867 1132 921 gemellos,

279 934 490 986 Grandes,
512 949 596 976 non
618 948 795 989 pueros,
819 935 899 976 sed
920 936 1118 976 uniones.

167 1035 222 1063 tua
237 1033 280 1063 sic
295 1037 325 1064 te
337 1034 564 1074 comprobatum
577 1038 724 1075 perpetua
739 1034 807 1075 fide
829 1037 996 1074 anteponat
1015 1033 1173 1065 omnibus:
1197 1043 1249 1063 oro
1270 1032 1429 1064 subrenias
1443 1031 1614 1070 miserofu-

165 1075 242 1114 rori,
256 1079 344 1116 atque
364 1076 526 1117 aliquando
549 1078 702 1109 custodias
725 1078 926 1116 indiligenter
948 1077 1030 1116 illos,
1045 1077 1097 1117 qui
1112 1077 1190 1108 male
1203 1079 1355 1116 perurunt
1370 1079 1478 1117 pectus
1493 1084 1612 1105 meum:

167 1127 240 1157 quos
255 1123 391 1158 spectare
404 1120 435 1150 in
448 1124 551 1150 nostro
567 1121 637 1151 sinu
647 1121 756 1151 avidus
779 1123 886 1160 expeto
904 1120 953 1150 die
968 1123 997 1150 e!
1018 1123 1124 1151 nocte:
1145 1118 1301 1160 pulchros,
1315 1119 1430 1159 niveos,
1444 1127 1546 1159 pares,
1558 1127 1613 1157 ge-

167 1160 283 1201 melles,
299 1171 358 1192 non
371 1163 490 1192 adultos
498 1172 611 1203 pueros
624 1163 745 1203 sentio,
759 1164 809 1193 sed
825 1165 963 1193 uniones.

767 1246 963 1258 emenone
968 1247 983 1257 e
988 1247 1006 1257 e·

205 1290 224 1318 4
248 1288 319 1320 Alii
333 1289 611 1322 concubinas.—13
634 1291 783 1322 Juniorcs
797 1292 1004 1323 Beverlandi
1024 1291 1089 1322 Ms.

817 1356 957 1388 NOTAE

206 1419 226 1446 4
241 1417 445 1459 Concnbinos]
462 1419 861 1462 Aliiconcubinas‚nempe
917 1432 1056 1462 pensum
1074 1420 1198 1452 habeat
1218 1420 1396 1456 lectorem,
1415 1415 1509 1458 quasi
1525 1418 1616 1446 esset

164 1475 311 1506 gemmas
331 1469 529 1510 quibuscum
553 1471 712 1502 cubabat.
756 1472 795 1503 In
819 1481 860 1502 eo
916 1473 1086 1511 petiturus
1104 1479 1239 1512 puerOS‚
1264 1478 1339 1500 cum
1366 1470 1510 1508 appetat
1527 1465 1615 1496 solos

162 1520 216 1548 est
236 1527 377 1550 acumen
392 1520 668 1561 Epigrammatis,
682 1522 770 1562 quod
787 1531 858 1552 sus·
914 1522 1063 1553 uniones.

872 1630 921 1670 L.

490 1722 541 1752 iN
578 1722 851 1751 HABENTEM
886 1718 1102 1749 AMOENAS
1136 1715 1287 1747 AEDES.

173 1789 501 1838 DAPHNONAS‚
523 1789 806 1842 platanonas,
829 1793 870 1829 et
897 1787 1039 1829 aerias
1064 1786 1335 1839 cyparissos,

224 1857 281 1898 Et
301 1870 387 1898 non
408 1857 535 1897 unius
557 1858 717 1898 balnea
738 1858 861 1897 solus
881 1857 1016 1897 habes
1035 1869 1046 1906 ;

168 1923 223 1964 Et
244 1924 323 1965 tibi
344 1925 540 1964 centenis
561 1929 649 1967 stat
669 1925 867 1977 porticus
889 1923 982 1964 alta
1002 1922 1234 1968 columnis,

225 1991 523 2044 Calcatusque
544 1995 618 2032 tuo
639 1993 722 2032 sub
744 1992 855 2045 pede
877 1993 995 2032 lucet
1017 2002 1159 2043 onyx3

172 2058 521 2116 Pulvereumque
541 2058 678 2112 fugax
698 2059 1022 2112 hippodromon
1046 2056 1207 2110 ungula
1227 2052 1416 2109 plaudit,
1592 2051 1620 2090 5

225 2126 283 2167 Et
304 2127 521 2180 pereuntis
543 2140 669 2180 aquae
692 2126 854 2168 fluctus
874 2127 1041 2180 ubique
1065 2128 1210 2166 sonat.

212 2236 303 2267 Solus
327 2235 464 2274 possides
477 2236 607 2274 laureta,
620 2236 772 2276 ρῑαίαηοε,
795 2239 884 2276 atque
901 2236 1035 2267 excelsas
1048 2234 1231 2276 cyparissm,
1254 2235 1284 2263 et
1311 2231 1416 2262 balnea
1438 2238 1497 2258 mm
1517 2227 1621 2265 unius,

171 2281 261 2318 utque
275 2279 394 2309 excelsa
413 2283 467 2309 tua
487 2280 629 2319 porticus
644 2283 743 2309 erecta
771 2283 815 2309 est
841 2283 962 2309 centum
977 2278 1134 2316 columnis,
1155 2281 1249 2316 atque
1264 2284 1348 2314 onyx
1360 2281 1484 2313 pressus
1499 2270 1554 2301 sub
1571 2273 1622 2300 ⁶¹1⁰

168 2323 246 2360 pede
260 2322 407 2361 splendet,
423 2324 452 2351 et
467 2322 579 2352 celeres
594 2322 661 2362 equi
676 2323 751 2352 dunt
766 2323 906 2362 plausum
922 2322 1121 2362 hippodromo
1129 2318 1355 2360 pulverulento,
1366 2319 1396 2346 et
1403 2315 1524 2355 fluctus
1535 2322 1622 2354 aquoe

775 2395 832 2406 aee
836 2394 1015 2406 meme

170 2479 181 2506 t
215 2436 231 2463 l
255 2433 373 2506 {grew
385 2434 522 2474 phyonas
538 2434 743 2466 Bcverlandi
760 2435 828 2466 Ms.
855 2435 935 2475 Ipse
959 2439 1072 2466 tamen
1098 2433 1213 2473 legere
1240 2431 1313 2462 vult
1340 2427 1560 2470 pityona8·-3
1580 2425 1623 2455 Et

186 2486 223 2506 ua
240 2484 258 2505 e
310 2498 317 2506 .
334 2481 420 2506 vett.

822 2520 962 2552 NOTAE

213 2585 234 2613 2
259 2583 303 2612 Et
328 2591 388 2612 non
408 2581 512 2621 unius]
537 2583 622 2613 Tam
645 2584 733 2614 enim
757 2585 869 2624 ampla
924 2595 999 2625 quae
1031 2582 1200 2624 significat
1230 2580 1378 2621 spatium
1414 2577 1449 2607 in
1481 2584 1546 2616 quo
1581 2573 1624 2604 de

172 2636 264 2671 sunt,
280 2637 317 2663 ut
329 2633 381 2662 vel
398 2632 532 2672 publica
547 2633 613 2663 dici
627 2635 774 2673 possint:
799 2635 869 2674 pla·
924 2644 1086 2675 equorum
1100 2632 1278 2664 celeritate
1289 2628 1497 2661 certabatur.
1603 2673 1609 2679 .

172 2682 242 2713 tani
258 2682 389 2713 etlauri
401 2683 527 2713 umbrae
540 2683 649 2723 gratia
660 2684 871 2717 serebantur.
968 2687 988 2715 6
1014 2686 1055 2715 Et
1068 2683 1224 2724 pereuntis
1245 2679 1347 2722 aquae]
1371 2676 1529 2708 Fontium
1546 2678 1626 2704 arti-

215 2735 234 2763 4
261 2732 370 2772 Onyx]
392 2733 494 2773 Lapis
516 2733 651 2773 nobilis,
674 2745 739 2775 quo
764 2741 870 2767 strata
926 2735 1001 2767 ficia
1029 2736 1062 2766 in
1078 2736 1135 2766 illa
1152 2736 1251 2766 domo
1278 2731 1382 2763 fuisse
1403 2724 1626 2758 amoenissima

173 2787 248 2814 erat
264 2783 392 2814 domus.
925 2787 1088 2827 intellige.

215 2837 231 2864 5
259 2833 508 2874 Hippodromon]
546 2835 619 2864 Vox
659 2838 710 2865 est
736 2835 871 2874 Graeca,
