1893 3225
277 237 363 279 606
758 248 807 278 M.
840 248 953 278 VAL.
986 247 1265 279 MAR'rlAms

280 344 397 386 Vera
413 344 558 386 minus
579 344 697 386 flavo
717 344 889 385 radiant
908 344 1071 385 electra
1091 343 1288 394 metallo,
1714 361 1743 388 o

335 413 394 455 Et
414 413 589 454 niveum
610 412 719 454 felix
738 412 916 466 pustula
935 412 1070 454 vincit
1090 412 1210 452 ebur.

278 482 327 523 M
333 482 485 523 ateriae
507 494 594 522 non
613 481 732 523 cedit
747 493 884 535 opus:
918 481 982 521 sic
1006 479 1159 532 alligat
1180 480 1348 529 orbem,

334 550 535 591 Plurima
550 562 651 590 cum
675 552 772 590 tota
796 547 1003 601 lampade
1026 547 1153 588 Luna
1172 547 1297 588 nitet.

276 620 380 660 Stat
401 630 535 672 caper
553 617 704 658 AEolio
725 616 927 657 Thebani
949 616 1112 657 vellere
1128 615 1298 670 Phryxi

332 686 515 728 Cultus:
548 687 603 726 ab
624 686 708 726 hoc
726 685 878 726 mallet
898 689 1025 726 vecta
1039 685 1181 726 fuisse
1203 697 1342 725 soror.

275 755 413 796 Hunc
433 767 513 795 nec
535 753 782 808 Cinyphius
802 759 959 794 tonsor
979 753 1230 804 violaverit,
1250 757 1292 795 et
1308 758 1357 794 tu

333 823 440 876 Ipse
460 826 533 863 tua
552 823 682 876 pasci
702 823 810 872 vite,
833 822 985 876 Lyaee,
1009 822 1139 863 velis.

273 891 415 943 Terga
435 891 596 945 premit
618 891 795 944 pecoris
817 891 1002 943 geminis
1022 889 1164 931 Amor
1185 903 1346 932 aureus
1369 889 1478 932 alis:

331 959 564 1000 Palladius
582 962 732 1001 tenero
752 959 872 999 lotos
894 959 950 1000 ab
976 971 1052 999 ore
1075 963 1223 1000 sonat.

1687 684 1739 726 10

270 1087 376 1125 ignem
388 1087 616 1126 exploratorem
626 1097 636 1117 .·
658 1095 731 1117 vera
745 1086 859 1118 electra
869 1085 1160 1126 splendentmetallo
1174 1085 1276 1116 minus
1280 1085 1382 1126 flavo,
1392 1089 1484 1126 atque
1497 1084 1654 1117 elaborata
1667 1095 1741 1127 pus-

271 1130 339 1160 tula
354 1133 481 1168 superat
494 1130 659 1160 candidum
674 1129 758 1160 ebur.
783 1130 869 1168 Opus
879 1139 938 1159 non
953 1132 1118 1168 superatur
1132 1139 1151 1159 a
1163 1129 1297 1160 materia
1309 1140 1319 1159 .·
1334 1130 1380 1160 sic
1392 1129 1481 1160 Luna
1492 1129 1609 1160 claudit
1623 1130 1739 1166 orbem,

271 1182 340 1204 cum
362 1172 453 1212 plena
467 1173 604 1212 splendet
624 1175 689 1202 tota
710 1174 861 1212 lampade.
908 1172 1011 1212 Caper
1033 1173 1187 1212 prominet
1215 1175 1343 1202 ornatus
1357 1173 1462 1203 AEolz'o
1484 1173 1593 1203 vellere
1611 1172 1738 1213 Phryxi

275 1215 424 1254 Thebani,
452 1216 547 1256 cujus
573 1225 659 1246 soror
673 1216 776 1246 mullet
793 1218 881 1246 vecla
889 1215 991 1253 fuisse
1005 1215 1042 1245 ab
1059 1215 1125 1246 hoc.
1171 1216 1239 1246 Nec
1253 1219 1359 1246 tonsor
1376 1216 1553 1256 Cinyphius
1576 1215 1739 1246 violaverit

271 1261 363 1295 hunc,
373 1262 402 1289 et
419 1261 465 1297 tu,
479 1269 499 1289 o
517 1259 652 1297 Bacche,
669 1260 733 1299 ipse
744 1259 829 1289 simis
842 1258 932 1288 illum
949 1258 1029 1288 vesci
1045 1261 1100 1289 tua
1110 1258 1184 1288 vite.
1230 1258 1329 1289 Amor
1340 1268 1453 1288 aureus
1465 1258 1600 1297 geminis
1614 1259 1675 1289 alis
1685 1267 1739 1289 ur-

269 1305 324 1344 get
339 1302 464 1333 dorsum
478 1302 614 1343 pecoris:
627 1302 704 1333 lotos
719 1302 883 1333 Palladius
892 1305 978 1332 sonat
992 1301 1030 1332 ab
1046 1311 1097 1332 ore
1113 1301 1255 1333 delicato.
1279 1302 1334 1332 Sic
1342 1301 1466 1342 delphin
1481 1302 1606 1333 loetutus
1620 1301 1740 1333 Arione

888 1392 1105 1404 “sese-‘W

270 1452 370 1484 codd.
388 1452 466 1483 Vat.
491 1457 526 1484 et
551 1453 704 1484 Florem.
750 1454 796 1484 Et
821 1453 951 1484 nimium
966 1453 1054 1492 felix
1073 1453 1199 1493 pustula
1225 1452 1306 1484 Ald.
1336 1453 1435 1485 Junt.
1456 1452 1567 1484 Colin.
1599 1450 1737 1493 Gryph.

270 1498 333 1527 δίο.
379 1496 426 1527 Et
447 1497 569 1526 nii-eum
582 1496 670 1535 felix
690 1498 802 1537 pusula
824 1497 944 1537 legunt
961 1497 1031 1528 alii.
1070 1496 1270 1528 Lectionem
1287 1502 1439 1528 nostram
1459 1500 1609 1528 testatur
1625 1495 1735 1528 codex

932 1584 1077 1616 NOTAE

270 1657 382 1699 phiala
408 1657 543 1688 sincera
559 1662 625 1699 est,
649 1662 685 1690 et
708 1668 796 1700 pura
812 1659 856 1690 ab
885 1659 975 1691 omni

269 1709 414 1740 macula.

313 1760 380 1790 Nec
395 1758 477 1799 odit]
501 1758 599 1790 Sicut
616 1769 733 1791 aurum
746 1759 973 1793 adulterinum

270 1810 360 1851 quod
377 1811 455 1851 igne
472 1812 689 1850 exploratum
703 1812 893 1844 evanescit.

312 1865 330 1891 5
360 1863 437 1892 Vera
466 1861 582 1901 minus]
614 1862 735 1892 Sensus
769 1868 835 1901 est,
859 1864 972 1905 inquit

269 1913 445 1944 Raderus:
477 1913 570 1943 Vera
600 1913 745 1953 electra,
774 1924 833 1944 seu
866 1915 971 1946 succi-

268 1975 361 2002 num,
375 1965 484 1995 miuus
500 1964 635 1995 radiant
652 1974 750 2005 quam
776 1965 874 2006 hujus
898 1966 970 2006 phi-

268 2017 332 2047 alae
348 2014 474 2047 flavum
491 2016 681 2055 metallum,
707 2014 742 2045 id
759 2020 824 2054 est,
841 2026 970 2048 aurum.

273 2067 355 2098 Vera
391 2067 503 2097 electra
541 2064 630 2097 dixit
667 2065 709 2096 ad
739 2064 972 2098 differentiam

268 2117 389 2149 electri
405 2117 546 2157 factitii,
561 2116 651 2158 quod
674 2116 780 2148 fiebat
796 2127 838 2148 ex
853 2119 972 2159 quinta

267 2169 401 2209 argenti
418 2168 576 2209 portione
594 2178 676 2199 auro
692 2168 855 2200 admixta.
905 2170 970 2200 Vel

268 2220 582 2260 sicintelligeliune
599 2229 751 2251 versum:
774 2219 862 2250 Haec
876 2219 971 2260 phia-

266 2273 300 2303 la
317 2282 358 2303 ex
383 2272 512 2302 electro
536 2270 671 2302 factitio
695 2271 888 2312 composita
903 2281 971 2302 ma-

267 2324 319 2364 gis
355 2322 464 2364 fulget
502 2332 603 2364 quam
634 2331 752 2354 verum
789 2320 968 2354 electrum.

267 2375 382 2416 Eligat
398 2375 523 2405 lector.

309 2430 330 2458 6
354 2427 400 2457 Et
415 2425 553 2466 niveum]
592 2424 673 2465 Alii,
689 2429 719 2456 et
733 2424 882 2456 m‘mz‘um:
907 2425 969 2456 mi-

266 2488 329 2510 nus
343 2477 443 2509 bene.
468 2477 519 2508 De
536 2481 680 2517 argento
696 2477 871 2518 pustulato
883 2476 968 2507 dixi-

266 2539 339 2560 mus
367 2528 424 2560 lib.
443 2537 509 2559 vn.
527 2528 628 2568 Epig.
645 2531 697 2559 86.
738 2528 829 2559 Felix
842 2530 968 2568 pustula

266 2579 406 2620 dicitur,
416 2578 470 2610 vel
482 2578 572 2619 quod
583 2578 733 2609 feliciter
745 2584 780 2609 et
791 2579 967 2619 ingeniose

266 2634 359 2661 esset
388 2628 577 2668 elaborata,
614 2629 669 2660 vel
692 2628 783 2670 quod
812 2634 966 2661 nostrum

266 2680 413 2712 Poetam
426 2679 559 2711 bearet.

309 2733 328 2762 7
345 2730 399 2762 Sic
414 2731 525 2770 alligat
542 2729 660 2770 orbem]
678 2729 757 2761 Hoc
773 2733 840 2769 est,
853 2731 967 2771 phiala

265 2782 449 2823 splendore
475 2787 511 2814 et
532 2781 642 2822 figura
659 2781 774 2812 similis
791 2785 846 2813 est
862 2783 967 2814 Lunae

266 2834 390 2874 plenae.

1073 1662 1094 1691 9
1118 1658 1193 1690 Stat
1207 1658 1316 1700 caper]
1340 1658 1396 1690 Sic
1410 1658 1589 1691 ,Iuvenalis
1611 1658 1684 1690 Sat.
1708 1667 1735 1690 1.

1030 1713 1083 1743 76.
1105 1710 1315 1750 ‘Argentum
1329 1714 1440 1750 vetus,
1460 1714 1495 1741 et
1512 1713 1660 1741 stantem
1676 1719 1735 1740 ex-

1029 1765 1083 1792 tra
1106 1762 1232 1801 pocula
1247 1760 1414 1801 caprum!

1070 1812 1191 1852 AEolio]
1216 1813 1353 1852 Nempe
1380 1812 1445 1843 iste
1472 1821 1578 1852 caper
1594 1815 1734 1843 ornatus

1027 1868 1102 1895 erat
1144 1872 1247 1894 aureo
1278 1863 1419 1903 vellere,
1451 1863 1553 1905 quale
1582 1863 1735 1895 habebat

1026 1915 1129 1953 aries,
1152 1925 1219 1956 quo
1249 1919 1367 1946 vectus
1392 1925 1469 1946 eum
1494 1924 1611 1946 sorore
1626 1915 1734 1947 Helle

1028 1967 1169 2007 trajecit
1199 1976 1292 1997 mare
1318 1967 1491 2008 Pliryxus,
1519 1966 1610 1998 filius
1628 1966 1734 1998 Atha·

1026 2017 1152 2049 mantis
1168 2018 1258 2058 regis
1272 2018 1523 2059 Thebanorum,
1539 2019 1634 2060 cujus
1651 2019 1730 2050 AEo-

1027 2069 1079 2100 lus
1104 2072 1204 2108 pater
1222 2067 1298 2100 fuit.
1331 2070 1432 2110 Epig.
1449 2072 1503 2101 28.
1522 2079 1638 2110 supra.

1070 2122 1108 2151 11
1134 2120 1202 2151 Nec
1220 2120 1407 2161 Cinyphius]
1439 2120 1512 2152 Lib.
1537 2130 1601 2152 vn.
1629 2120 1733 2162 Epig-

1026 2175 1080 2203 95.

1070 2226 1110 2254 12
1135 2224 1205 2264 Ipse
1220 2223 1289 2264 tua]
1312 2222 1420 2254 Grata
1433 2226 1488 2254 est
1503 2223 1644 2254 Baccho
1661 2222 1731 2254 vic—

1024 2274 1108 2306 tima
1123 2275 1248 2313 hircus,
1262 2274 1320 2304 lib.
1338 2283 1396 2305 111.
1414 2273 1516 2314 Epig.
1532 2276 1587 2306 24.
1631 2273 1732 2305 Atta-

1023 2334 1101 2356 men
1118 2326 1183 2356 iste
1215 2329 1285 2356 tam
1302 2322 1431 2355 affabre
1448 2328 1524 2355 erat
1548 2322 1729 2363 formatus,

1024 2378 1063 2405 ut
1088 2384 1150 2406 sua
1181 2374 1252 2405 vite
1291 2373 1400 2405 libens
1442 2373 1537 2405 illum
1569 2378 1729 2415 pasceret

1024 2426 1196 2457 Bacchus.

1067 2479 1106 2507 13
1131 2477 1234 2516 Terga
1257 2474 1389 2516 premit]
1414 2476 1528 2517 Capro
1558 2475 1729 2508 insidebat

1026 2528 1174 2569 Cupido.

1065 2581 1105 2610 14
1130 2578 1292 2610 Palladius
1316 2578 1407 2618 lotos]
1441 2577 1520 2610 Hoc
1537 2582 1602 2618 est,
1627 2577 1726 2611 tibia.

1023 2629 1146 2660 ‘Lotos
1178 2629 1218 2660 ad
1245 2629 1405 2661 tibiarum
1443 2634 1564 2661 cantus
1593 2630 1727 2671 expeti-

1023 2681 1104 2720 tur‚'
1121 2682 1232 2723 inquit
1250 2682 1383 2713 Plinius
1399 2681 1460 2713 lib.
1477 2692 1563 2715 xnl.
1579 2693 1655 2724 cap.
1671 2686 1723 2715 1⁷.

1023 2733 1190 2764 Palladius
1203 2732 1268 2764 dici
1285 2732 1435 2773 videtur,
1459 2733 1547 2775 quod
1563 2732 1725 2774 frequens

1023 2783 1055 2814 in
1078 2782 1195 2814 Africa
1220 2789 1380 2814 nascatur
1395 2793 1460 2815 non
1478 2784 1597 2825 procul
1613 2793 1633 2815 a
1648 2783 1724 2815 Tri-

1024 2838 1103 2864 tone
1127 2834 1201 2866 lacu
1219 2844 1314 2866 sacro
1330 2834 1508 2866 Minervae.
