1893 3225
563 230 966 262 ΕΡιοκΑΜΜΑἰύΜ
1004 231 1097 260 mu.
1135 231 1216 262 vll.
1534 222 1619 265 553

164 330 281 372 Dum
301 329 410 370 ludit
427 328 571 370 media
590 327 759 381 populo
776 330 1003 380 spectante
1025 326 1246 380 palaestra,
1594 340 1621 368 ς)

220 397 421 452 Delapsa
440 403 509 438 est
528 396 691 436 misero
713 394 871 445 fibula3
904 407 1062 447 verpus
1084 402 1194 433 erat.

815 493 955 525 NOTAE

209 566 228 593 6
258 563 376 603 Verpus
392 562 474 603 erat]
496 562 651 600 Judaeus‚
667 561 719 592 vel
739 561 862 592 recuti-
919 560 1018 591 modo
1058 559 1168 602 dicta)
1205 560 1248 591 ad
1289 559 1468 591 velandam
1498 568 1618 601 περιτο-

166 617 238 644 tus:
253 613 414 644 utebatur
426 619 537 644 autem
552 611 653 644 fibula
666 612 740 655 (illa
749 612 864 653 priore
920 611 992 650 μήν.

745 775 1044 818 LXXXIII.

693 867 755 896 DE
790 866 1106 896 EUTRAPELO.

170 932 508 976 EUTRAPELUS
529 937 679 976 tonsor
700 935 806 976 dum
827 935 983 976 circuit
1004 947 1082 975 ora
1104 933 1311 988 Luperci,

224 1011 526 1067 Expingitque
548 1027 697 1067 genas,
729 1015 865 1056 altera
883 1014 1022 1055 barba
1041 1013 1173 1054 subit.

7 1122 10 1171 l*
164 1112 500 1185 wsstgrzifutrapelus
524 1117 626 1145 tonsor
646 1114 790 1146 circumit
803 1125 858 1146 ora
881 1114 1027 1156 Luperci,
1041 1117 1132 1155 atque
1147 1113 1290 1154 expingit
1302 1122 1412 1152 genaS,
1422 1112 1522 1143 altera
1534 1111 1629 1142 burbu

210 1262 230 1290 2
264 1258 489 1300 Expungitque‘
517 1270 616 1300 genas
644 1260 725 1292 Ald.
758 1262 858 1294 Junt.
885 1262 995 1294 Colin.
1023 1260 1153 1302 Gryph.
1183 1260 1271 1291 aliae.
1340 1259 1556 1299 Expingitque
1586 1268 1628 1290 ex

170 1303 270 1377 {odi}
288 1304 365 1377 fspis
389 1304 543 1344 reposuit
567 1304 758 1344 Gruterus3
782 1310 818 1336 et
840 1304 888 1335 sic
912 1304 1022 1336 codex
1049 1304 1244 1344 Pulmanni,
1263 1312 1327 1334 nec
1344 1303 1445 1334 aliter
1470 1303 1530 1334 lib.
1549 1311 1631 1333 vm.

203 1356 272 1387 Μ’
334 1369 343 1378 ’
832 1389 974 1422 NoTAE

213 1455 233 1483 2
260 1453 490 1494 Expingitque]
517 1453 611 1485 Scite
628 1455 732 1493 radit,
748 1460 783 1487 et
799 1455 872 1497 pin·
927 1455 1068 1487 evellit:
1094 1454 1153 1486 sed
1178 1454 1278 1493 male,
1311 1452 1421 1495 inquit
1448 1452 1632 1483 Gruterus.

174 1503 235 1543 git.
288 1503 369 1544 Alii,
397 1506 562 1545 expungit,
578 1505 658 1547 {hoc
689 1511 754 1547 est,
785 1506 871 1547 pilos
926 1505 1016 1537 Vide
1033 1505 1093 1537 lib.
1111 1514 1194 1536 vm.
1213 1504 1313 1545 Epig.
1329 1506 1382 1535 52.

760 1661 1052 1704 LXXXIV.

707 1751 785 1781 AD
841 1751 1102 1782 LIBRUM.

174 1817 291 1858 DUM
316 1830 418 1858 mea
440 1816 626 1857 Caecilio
646 1816 861 1858 formatur
878 1817 1024 1871 imago
1046 1818 1271 1868 Secundo,

231 1885 382 1939 Spirat
401 1890 446 1926 et
467 1887 620 1937 arguta
639 1884 759 1938 picta
780 1885 946 1926 tabella
964 1898 1116 1936 manu,

177 1953 217 2004 I,
238 1953 361 2003 liber,
386 1952 442 1994 ad
466 1947 667 1993 Geticam
690 1952 888 2003 Peucen,
912 1953 1162 2007 Istrumque
1183 1958 1426 1994 tacentem:

233 2021 351 2062 Haec
372 2021 474 2062 loca
495 2020 759 2075 perdomitis
779 2021 980 2074 gentibus
1001 2020 1074 2061 ille
1095 2024 1226 2062 tenet.

223 2133 304 2163 Dum
320 2142 387 2163 mea
401 2133 504 2172 imago
524 2132 684 2174 effingitur
700 2131 827 2163 Caecz'lio
851 2131 1002 2170 Secundo,
1017 2135 1047 2162 et
1063 2131 1175 2162 tabella
1197 2130 1297 2171 spirat
1311 2139 1456 2169 expressa
1480 2138 1570 2158 manu
1586 2138 1638 2168 pe-

176 2175 253 2216 rita,
278 2175 308 2207 O
334 2176 424 2216 liber,
453 2179 523 2216 pete
555 2176 699 2206 Geticam
728 2176 864 2215 Peucen,
890 2179 919 2206 et
933 2177 1077 2206 silentem
1093 2175 1292 2206 Danubium:
1315 2174 1366 2203 ille
1383 2172 1538 2203 Caecilius
1554 2171 1641 2210 regit

787 2246 826 2257 Ν
830 2246 943 2256 eece-ee
947 2245 1024 2256 eoaee

219 2295 239 2324 2
263 2292 370 2334 Spirat
388 2296 417 2324 et
435 2295 579 2332 argutam
602 2292 687 2333 picta
710 2291 822 2323 labella
845 2302 968 2322 manum
990 2291 1023 2322 in
1040 2290 1161 2322 codice
1182 2289 1441 2321 Pulmanni.—-3
1465 2288 1640 2327 Istrumque

835 2377 865 2408 N
874 2376 976 2408 OTAE

220 2447 238 2474 1
263 2443 349 2474 Dum
364 2443 446 2483 mea]
471 2442 626 2474 Raderus
643 2447 678 2473 et
692 2441 879 2473 Farnabius
934 2451 1058 2482 nempe
1070 2439 1112 2471 ad
1128 2439 1280 2472 Danubii
1294 2439 1445 2478 ostia,de
1458 2447 1526 2478 qua
1539 2437 1638 2477 Epig.

179 2498 302 2534 putant
327 2494 416 2525 hunc
435 2492 609 2524 Caeciliu'm
632 2503 707 2524 esse
729 2493 880 2524 Plinium
935 2495 967 2524 6.
985 2502 1099 2532 supra.
1146 2492 1244 2522 Getae
1262 2494 1374 2520 autem
1393 2488 1540 2520 Danubii
1554 2488 1641 2518 ostia

180 2544 378 2584 secundum,
395 2544 450 2586 qui
464 2544 615 2576 Pontum
631 2549 665 2575 et
681 2544 881 2585 Bithyniam
936 2543 1143 2576 incolebant.

181 2595 374 2636 provincias
390 2596 552 2635 obtinuit,
579 2600 616 2626 ut
632 2600 732 2636 patet
748 2604 789 2626 ex
806 2595 880 2635 ejus
982 2594 1159 2635 Istrumque
1186 2591 1353 2632 tacentem]
1374 2590 1441 2622 Vel
1470 2588 1558 2631 quod
1580 2598 1638 2620 un-

179 2646 264 2676 vita.
307 2646 468 2687 Quisquis
497 2646 636 2678 tandem
672 2647 730 2678 ille
763 2645 882 2683 fuerit,
939 2644 999 2676 das
1018 2644 1152 2686 placide
1179 2644 1307 2682 volvat,
1336 2643 1388 2673 vel
1406 2641 1493 2683 quod
1512 2640 1639 2680 frigore

178 2695 363 2736 imaginem
387 2697 497 2727 nostri
527 2696 648 2728 Poetae
673 2695 716 2728 ad
739 2706 776 2728 se
792 2696 881 2728 mitti
937 2702 1154 2728 concrescat.
1205 2694 1294 2726 Vide
1330 2694 1430 2734 Epig.
1462 2695 1492 2724 7.
1523 2700 1637 2732 supra.

181 2751 380 2787 optaverat·
938 2748 1075 2789 Legunt
1092 2747 1162 2788 alii,
1182 2746 1359 2786 Istrumque
1374 2744 1544 2784 jacentem.

224 2800 243 2828 3
272 2797 324 2829 Aa
365 2796 509 2828 Geticam
543 2798 682 2838 Peucen]
732 2798 882 2830 Insulam
