1893 3225
581 225 986 256 ΕνιοκΑΜΜΑΤυΜ
1026 225 1115 255 [ΑΒ.
1151 227 1199 255 x.
1532 214 1618 257 773

823 319 967 351 NOTAE

165 385 270 414 Laelia
296 383 355 415 fies
381 384 522 424 pulchra
546 389 581 415 et
608 384 745 424 elegans
775 384 862 415 Lais,
917 390 1045 424 censet,
1059 384 1146 425 Lais,
1157 389 1262 416 recte.

165 435 252 466 Hinc
283 445 342 476 pro
373 435 469 466 Thais
490 435 657 467 Gruterus
679 434 860 475 legendum

797 599 983 641 LXIX.

756 709 818 738 DE
854 707 1027 738 POLLA.

158 793 418 834 Cusvroosss
443 795 539 843 das,
564 794 706 844 Polla,
732 795 855 843 viro;
886 806 971 833 non
993 791 1168 845 accipis
1191 791 1307 845 ipsa.

214 862 318 903 Hoc
338 866 405 902 est
426 875 604 903 uxorem
626 862 798 912 ducere,
821 861 969 910 Polla,
992 861 1146 902 virum.

164 1024 180 1055 b
206 981 237 1012 0
257 982 361 1031 Polla,
373 984 428 1014 das
442 984 583 1014 custodes
598 983 725 1023 marito,
741 982 808 1023 ipsa
826 992 907 1014 vero
922 993 982 1014 non
1003 982 1140 1023 accipis:
1163 991 1183 1013 ο
1200 982 1301 1022 Polla,
1318 982 1372 1012 hoc
1388 983 1434 1012 est
1446 980 1547 1011 virum
1562 990 1618 1011 na-

185 1035 234 1057 ere
251 1035 353 1056 πυταντ.

775 1077 1011 1089 eeeeeeeeeeee

205 1135 220 1162 l
247 1132 320 1163 Non
336 1141 398 1173 pro
413 1142 468 1163 nec
482 1131 588 1163 habet
601 1131 678 1164 cod.
696 1132 854 1163 Pulman.

821 1216 962 1248 NOTAE

208 1295 223 1322 1
248 1292 318 1323 Das
340 1290 445 1331 Polla]
469 1291 546 1322 Alia
562 1301 644 1323 sane
656 1296 709 1322 est
730 1301 750 1322 a
765 1291 865 1322 Polla
919 1291 1035 1322 violas.

161 1351 266 1373 uxore
281 1342 423 1381 Lucani,
437 1342 478 1372 de
494 1352 562 1383 qua
572 1342 669 1383 Epig.
684 1345 736 1373 64.
750 1351 862 1382 supra.
961 1342 1032 1372 Hoc
1058 1344 1103 1372 est
1132 1339 1275 1380 uxorem]
1299 1340 1376 1371 Hoc
1401 1349 1467 1371 uon
1491 1343 1545 1370 est
1560 1349 1619 1371 nu-

209 1392 274 1423 Nec
299 1392 413 1432 accipis
436 1392 518 1432 ipsa]
541 1391 656 1434 Atque
679 1393 727 1424 ita
743 1397 780 1424 tu
796 1402 865 1423 non
917 1391 998 1423 bere
1026 1391 1108 1431 viro,
1135 1391 1195 1422 sed
1221 1390 1336 1431 potius
1358 1390 1466 1421 virum
1491 1389 1619 1421 nubere

163 1443 344 1475 observata
376 1443 571 1484 promissam
609 1443 730 1475 marito
759 1441 862 1474 fidem
918 1443 1030 1485 uxori,
1046 1452 1105 1473 seu
1120 1442 1259 1482 servire,
1277 1441 1377 1483 Epig.
1398 1443 1449 1473 12.
1466 1440 1523 1472 lib.
1538 1449 1619 1471 vm.

818 1620 980 1662 LXX.

723 1726 753 1756 A
763 1728 791 1756 D
825 1726 1002 1756 Po'rl'rU
1012 1726 1059 1754 Μ.

166 1806 312 1856 QUOD
335 1806 441 1846 mihi
463 1806 539 1847 vix
561 1818 675 1846 unus
696 1810 793 1846 toto
811 1805 921 1845 liber
939 1808 1071 1845 exeat
1092 1815 1225 1852 anno,

227 1874 419 1915 Desidiae
439 1873 517 1915 tibi
538 1885 651 1923 sum,
672 1872 800 1914 docte
822 1871 985 1921 Potite,
1008 1884 1119 1912 reus.

167 1942 196 1983 J
202 1943 345 1983 ustius
363 1945 408 1982 at
428 1945 592 1994 quanto
612 1940 780 1990 mirere,
804 1939 920 1995 quod
941 1944 1075 1979 exeat
1096 1952 1223 1989 unus,
1246 1973 1254 1979 .

223 2009 452 2050 Labantur
472 2008 556 2049 toti
578 2021 675 2048 eum
696 2007 801 2048 mihi
824 2020 946 2060 saepe
966 2006 1074 2046 dies.

168 2076 300 2118 Nunc
320 2077 610 2117 resalutantes
631 2075 761 2117 video
784 2079 1024 2116 nocturnus
1046 2074 1230 2121 amicos,
1593 2070 1621 2109 5

224 2143 433 2186 Gratulor
453 2147 498 2185 et
516 2143 689 2195 multis;
719 2155 860 2192 nemO,
885 2141 1052 2191 Potite,
1073 2140 1194 2180 mihi.

212 2274 243 2304 Ο
261 2275 382 2305 erudite
397 2274 518 2314 Potite,
534 2277 567 2305 tu
585 2284 633 2305 me
647 2284 773 2305 accusas
794 2273 930 2313 iuer-tice,
952 2273 1029 2313 quod
1045 2275 1109 2303 toto
1121 2281 1200 2302 anno
1216 2271 1271 2301 vix
1286 2270 1373 2300 edam
1390 2277 1484 2299 unum
1498 2267 1621 2298 librum.

172 2316 232 2347 Sed
244 2321 356 2357 quanto
372 2319 492 2358 ceqm'us
507 2318 632 2355 mirere,
647 2319 726 2357 quod
739 2318 826 2348 edam
841 2326 949 2355 anum,
965 2325 1033 2346 cam
1048 2324 1129 2354 soepe
1144 2313 1263 2352 integri
1283 2312 1349 2343 dies
1359 2311 1467 2351 fluant
1481 2310 1559 2341 mihi
1575 2310 1623 2339 ni·

170 2359 217 2389 hil
231 2360 404 2392 scribenti.
449 2361 542 2392 Nunc
553 2364 720 2391 nocturnus
733 2362 834 2401 specto
846 2359 1054 2390 resalutantes
1075 2356 1202 2396 amicos,
1214 2356 1358 2395 gratulor
1370 2358 1400 2385 et
1423 2353 1540 2392 multis,
1555 2353 1623 2382 mil-

825 2454 965 2488 NOTAE

215 2545 232 2571 5
261 2541 351 2571 Nunc
383 2540 601 2580 resalutantes]
636 2540 729 2573 Quos
770 2549 867 2570 mane
964 2541 985 2569 6
1009 2537 1162 2569 Gratulor
1190 2540 1221 2568 et
1246 2534 1367 2575 multis]
1395 2533 1466 2564 Aut
1490 2531 1622 2572 adeptis

171 2594 380 2624 salutaverat
394 2589 515 2630 Poeta,
539 2595 574 2622 et
600 2591 718 2631 quibus
735 2591 869 2622 dixerat
922 2589 1079 2628 honores,
1095 2593 1152 2619 aut
1168 2587 1342 2618 meliorem
1358 2584 1529 2615 fortunam
1546 2590 1621 2612 nac-

173 2651 248 2680 ave,
277 2639 410 2680 vesperi
436 2649 496 2680 pro
523 2648 614 2670 more
640 2640 869 2671 Romanorum
923 2640 985 2678 tis3
1012 2643 1048 2670 at
1063 2639 1174 2669 nullus
1190 2637 1270 2667 mihi
1286 2634 1486 2676 gratulatur,
1502 2635 1623 2677 utpote

172 2693 265 2724 illum
294 2690 541 2729 resalutabant,
566 2689 696 2731 ipsique
724 2691 798 2722 vale
821 2690 871 2721 ‹li-
925 2690 983 2731 qui
1011 2689 1094 2720 nihil
1119 2687 1347 2729 gratulatione
1380 2684 1517 2725 dignun]
1555 2680 1623 2712 adi·

173 2742 307 2775 cebant.
926 2740 1050 2781 piscar.
