1893 3225
580 235 985 266 EPIGRAMMATUM
1022 235 1117 267 121ss.
1152 235 1256 266 x1v.
1546 227 1656 269 1057

804 409 1024 452 CXCIV.

754 500 1073 531 LUCANUS

193 566 331 607 SUNT
355 567 549 620 quidam,
573 568 651 622 qui
671 582 740 611 me
762 569 915 610 dieunt
935 582 1022 611 non
1044 582 1144 610 esse
1166 568 1365 624 pob'tam:

249 634 350 685 Sed,
373 636 451 689 qui
471 649 541 677 me
563 636 723 687 vendit,
746 637 1000 691 bibliopola
1021 642 1165 692 putat.

234 751 314 782 Sunt
331 753 455 793 quidum
467 753 522 794 qui
537 756 653 793 negant
669 763 718 784 me
733 763 796 785 esse
809 754 932 795 po'e'tam
946 765 957 785 .-
979 754 1032 785 sed
1048 753 1209 785 existimat
1228 754 1393 796 bibliopola
1409 756 1461 795 qui
1478 766 1523 786 me
1535 757 1649 787 tendit.

849 829 991 862 NOTAE

233 892 248 919 1
275 888 356 920 Sunt
371 888 509 929 quidam]
538 889 593 920 De
609 889 748 921 Lucano
761 888 892 920 dictum
946 888 1154 921 istimarunt.

186 939 246 971 lib.
269 949 334 971 vu.
361 940 460 980 Epig.
484 943 536 972 21.
566 943 619 971 22.
649 944 686 971 et
709 942 763 971 23.
792 949 892 981 quem
989 942 1009 971 2
1032 941 1149 981 Putat]
1174 941 1232 972 Me
1249 950 1322 972 esse
1334 941 1493 982 poiz'tam:
1518 953 1592 975 cum
1607 953 1649 975 ex

187 990 438 1021 commendavit
453 990 577 1021 Poifita.
612 989 682 1021 Alii
698 994 813 1021 tamen
827 989 894 1020 his·
946 990 1031 1022 meis
1045 991 1198 1023 versibus
1214 1001 1285 1024 rem
1298 991 1414 1024 faciat.

186 1040 332 1073 toricum
349 1042 454 1082 magis
470 1051 546 1073 eum
563 1050 660 1083 quam
681 1040 819 1082 poie'tam
835 1050 892 1072 ex-

816 1175 1012 1217 CXCV.

742 1254 1095 1285 cATULLUs

182 1322 405 1364 TANTUM
428 1335 589 1375 magna
609 1336 692 1364 suo
724 1323 853 1365 debet
874 1322 1052 1364 Verona
1075 1323 1271 1373 Catullo,

241 1389 464 1441 Quantum
480 1404 620 1444 parva
637 1405 718 1432 suo
743 1391 934 1432 Mantua
956 1390 1161 1445 Virgilio.

188 1502 341 1575 V'An‘wla
363 1502 483 1532 Verona
509 1505 631 1533 tantum
657 1502 868 1542 obstringitur
882 1513 937 1533 suo
965 1502 1100 1542 Catullo,
1121 1506 1270 1543 quantum
1294 1503 1408 1544 exigua
1430 1504 1564 1535 BIcmlua
1582 1515 1634 1535 suo

219 1546 338 1584 lrbzlzo.
843 1587 983 1620 NOTAE

224 1650 238 1678 1
267 1647 416 1687 Tantum]
455 1647 533 1678 Hoc
550 1652 615 1686 est,
638 1649 766 1678 claram
793 1657 886 1679 suam
943 1656 1036 1678 suam
1060 1647 1241 1679 obscuram
1258 1649 1444 1681 illustravit
1467 1650 1645 1690 Virgilius,

179 1699 325 1739 patriam
353 1708 421 1729 non
445 1698 555 1729 minus
586 1699 754 1738 Catullus,
784 1708 885 1740 quam
942 1699 1031 1731 Vide
1047 1699 1106 1731 lib.
1126 1709 1151 1733 1.
1169 1700 1334 1741 Epig.62.

799 1823 1018 1865 CXCVI.

561 1912 727 1943 CALDA
761 1913 819 1941 ET
854 1913 1064 1943 FRIGIDA
1096 1912 1250 1950 AQUA.

178 1979 301 2021 HAEG
324 1981 419 2030 tibi,
443 1993 545 2034 quae
566 1979 727 2021 fuerint
746 1980 973 2021 caldarum
995 1981 1192 2030 nomina,
1215 1981 1389 2023 dicunt:

231 2047 343 2101 Ipsa
361 2061 466 2089 suas
486 2048 644 2089 melius
666 2048 822 2088 charta
840 2048 1014 2088 natabit
1036 2061 1190 2102 aquas.

219 2147 283 2178 Hic
295 2147 374 2178 liber
389 2148 443 2188 qui
457 2148 555 2187 refert
571 2147 631 2178 tibi
646 2146 848 2188 quoefuerint
864 2147 990 2178 nomina
1003 2148 1172 2188 caularum,
1183 2148 1249 2189 ipse
1264 2149 1374 2180 melius
1387 2149 1587 2188 immergetur
1607 2151 1638 2179 in

173 2200 243 2221 suas
257 2201 367 2230 aquas.

781 2242 881 2253 ‘MN
884 2243 983 2253 eeeee
983 2243 1022 2254 Ν

219 2288 310 2319 Calvi
338 2289 376 2319 de
399 2297 486 2327 aquae
509 2287 647 2327 frigidae
671 2297 729 2318 usu
744 2287 820 2318 cod.
847 2288 976 2319 Thuan.
1005 2291 1041 2319 et
1058 2287 1136 2319 edd.
1162 2287 1278 2319 Maitt.
1305 2292 1341 2319 et
1370 2287 1538 2318 Barb.—l
1563 2289 1638 2319 ‘Sic

171 2331 307 2370 legend.
325 2331 406 2362 Hoec
427 2331 487 2361 tibi
501 2341 569 2371 quae
586 2329 693 2368 sontes
708 2333 738 2361 et
754 2340 902 2371 aquarum
926 2332 1050 2362 nomina
1065 2331 1155 2367 dicit,
1183 2332 1258 2371 Ipsa
1274 2331 1338 2362 suis
1352 2331 1460 2361 melius
1474 2341 1502 2361 c.
1519 2331 1639 2361 notabit

171 2373 261 2412 aquis
272 2385 282 2403 :
306 2379 340 2404 et
357 2374 495 2415 quidem
512 2384 554 2405 ex
571 2374 707 2414 optimis
722 2373 835 2405 codd.’
855 2375 1027 2406 Fcoscuzus.
1073 2374 1189 2405 Fontes
1203 2374 1396 2414 et'aquarum
1420 2374 1543 2404 nomina
1559 2375 1635 2404 dicii

172 2415 249 2447 eod.
268 2416 405 2447 Beverl.
429 2421 465 2448 et
489 2417 544 2448 ed.
569 2417 674 2448 Barb.
709 2417 848 2448 Fuerant
864 2418 918 2448 ed.
939 2418 1122 2449 Maitt.-2
1147 2418 1282 2449 Notabis
1297 2417 1374 2448 cod.
1403 2417 1435 2447 in
1460 2425 1567 2455 marg.
1583 2417 1636 2447 ed.

172 2459 253 2490 Par.
271 2461 367 2490 1617.
382 2459 463 2490 Vid.
479 2460 561 2492 Var.
579 2461 662 2492 Not.
675 2465 711 2491 et
726 2460 856 2501 Delph.

833 2535 975 2566 NOTAE

215 2590 230 2618 1
261 2587 339 2618 Hoec
353 2586 428 2627 tibi]
451 2587 566 2619 Mittit
586 2596 701 2619 versus
716 2587 759 2618 de
776 2588 878 2618 variis
932 2588 1012 2620 tuo.’
1059 2589 1116 2620 Sic
1131 2598 1208 2620 suos
1234 2598 1350 2619 versus
1366 2592 1531 2619 extenuat
1547 2588 1635 2619 Ροέ-

170 2649 267 2681 aquae
277 2639 386 2671 caldae
397 2639 600 2671 nominibus.
624 2640 744 2671 Dicunt
754 2649 876 2681 nempe
931 2646 977 2671 ta.
1023 2639 1076 2670 De
1101 2649 1189 2681 aqua
1208 2639 1307 2670 calda
1330 2639 1454 2678 saepius
1473 2638 1547 2678 jam
1563 2637 1634 2668 dic-

174 2691 247 2721 haec
264 2690 424 2721 carmina.
931 2696 1013 2721 tum.
1059 2689 1212 2729 Natabz't]
1237 2688 1319 2727 Alii,
1343 2688 1418 2719 Visa
1444 2688 1508 2718 suis
1524 2689 1632 2719 melius

214 2743 234 2770 2
260 2741 332 2781 Ipsa
355 2739 443 2780 suas]
471 2739 558 2772 Vide
584 2739 643 2771 lib.
667 2749 692 2771 1.
719 2740 821 2781 Epig.
843 2744 876 2772 6.
928 2742 1038 2772 clem-ta
1050 2740 1169 2772 notabit
1185 2748 1289 2781 aquaS.

171 2792 179 2807 ‘
194 2790 254 2822 Vis
270 2794 352 2831 puto
368 2800 445 2822 cum
468 2790 570 2826 libro,
597 2791 730 2832 Marce,
755 2797 875 2823 natare

257 2844 373 2885 Delph.
387 2849 417 2876 et
439 2845 514 2876 Var.
532 2845 614 2876 Clas.
852 2846 1001 2878 Murtial.
1470 2845 1488 2873 3
1512 2843 1544 2873 Χ
