1893 3225
290 295 374 337 588
757 309 805 338 M.
839 310 954 339 vm„
989 310 1269 340 MAR'rmms

289 399 361 441 An
384 407 462 442 tua
481 402 743 444 multifidum
763 404 1011 445 numeravit
1031 405 1132 446 lana
1150 405 1401 455 Timavum,

347 468 491 519 Quem
511 472 633 524 prius
653 471 853 512 astrifero
873 471 1077 526 Cyllarus
1106 485 1178 513 ore
1200 473 1342 514 bibit?

288 536 355 577 Te
376 551 456 578 nec
476 536 711 592 Amyclaeo
733 539 882 580 decuit
900 539 1037 581 livere
1056 553 1238 590 veneno,

347 604 446 646 Nec
467 605 653 647 Miletus
675 611 771 647 erat
790 607 950 648 vellere
971 608 1101 661 digna
1121 612 1208 648 tuo.
1689 608 1745 649 10

289 671 407 713 Lilia
428 676 473 714 tu
493 673 650 724 vincis,
672 687 753 715 nec
775 673 920 715 adhuc
943 675 1127 729 delapsa
1147 675 1350 727 ligustra,

346 740 401 781 Et
420 741 652 783 Tiburtino
674 746 821 783 monte
843 743 964 796 quod
985 744 1104 784 albet
1123 743 1245 785 ebur.

288 807 533 861 Spartanus
555 809 635 850 tibi
657 809 787 850 cedet
807 809 916 860 olor,
941 809 1217 864 Paphiaeque
1239 810 1482 861 columbae3

344 874 482 917 Cedet
501 875 739 930 Erythraeis
760 881 882 918 eruta
903 890 1072 930 gemma
1092 878 1235 919 vadis.

287 941 378 983 Sed
399 943 506 984 licet
525 943 622 984 haec
643 944 795 997 primis
816 944 990 985 nivibus
1015 945 1101 986 sint
1122 946 1282 986 aemula
1303 944 1434 995 dona,
1689 944 1747 985 15

344 1009 452 1051 Non
471 1016 571 1051 sunt
590 1011 828 1053 Parthenio
850 1012 1108 1053 candidiora
1130 1026 1225 1053 suo.

287 1076 394 1117 Non
414 1091 496 1131 ego
516 1080 781 1131 praetulerim
802 1080 1082 1134 Babylonica
1103 1081 1225 1133 picta
1246 1081 1439 1135 superbe

341 1144 504 1195 Texta,
522 1146 783 1188 semiramia
804 1162 903 1202 quae
923 1148 1142 1189 variantur
1161 1161 1257 1189 acu.

285 1228 331 1258 vit
354 1231 384 1258 te
399 1228 492 1258 etiam
504 1230 536 1258 in
548 1231 629 1260 unda
644 1229 813 1271 Hispana?
858 1232 909 1263 An
924 1236 978 1262 tua
992 1233 1063 1263 lama
1078 1232 1252 1263 numerat-it
1273 1233 1372 1262 multa
1388 1231 1469 1262 ostia
1488 1231 1624 1268 Timavi,
1639 1231 1671 1261 in
1687 1241 1743 1271 quo

283 1271 372 1311 prius
385 1270 461 1302 bibit
480 1272 625 1312 Cyllarus
639 1283 691 1303 ore
705 1273 878 1311 astrifero?
928 1276 992 1305 Nec
1022 1275 1162 1306 convenit
1189 1274 1274 1315 infici
1298 1278 1329 1306 te
1355 1285 1468 1305 veneno
1493 1274 1668 1314 Amycloeo:
1690 1284 1746 1306 nec

283 1313 415 1343 Miletus
425 1314 519 1353 (ligna
529 1319 595 1345 erut
611 1319 663 1346 tuo
680 1317 801 1348 vellere.
851 1318 895 1347 Τιι
910 1318 1056 1348 candore
1072 1328 1198 1358 superas
1215 1318 1292 1357 lilia,
1305 1321 1334 1348 et
1351 1318 1484 1356 ligustra
1497 1317 1747 1356 nondumjacen-

283 1357 340 1394 tia,
355 1360 385 1386 et
400 1357 567 1397 eburquml
582 1360 691 1389 candet
707 1363 807 1390 monte
835 1360 1011 1391 Tiburtino.
1058 1361 1134 1391 Olor
1159 1360 1347 1400 Spartanus,
1378 1363 1408 1390 et
1435 1360 1571 1400 Paphioe
1601 1360 1746 1390 columbae

283 1399 402 1429 dabunt
415 1399 472 1429 tibi
486 1401 621 1440 primus.-
641 1412 762 1440 gemma
777 1407 920 1433 extracta
932 1403 1023 1434 rubro
1037 1405 1117 1433 mari
1127 1404 1213 1434 dabit
1228 1404 1426 1443 tibiprimus.
1466 1403 1507 1433 At
1526 1402 1668 1443 quamvis
1681 1403 1746 1433 hoec

283 1451 410 1472 munera
434 1444 616 1473 <emulemur
632 1445 766 1475 intactus
786 1446 882 1483 nives,
903 1456 962 1476 uon
987 1450 1058 1476 sunt
1084 1447 1264 1476 candidiora
1289 1456 1343 1475 suo
1372 1445 1552 1476 Parthenio.
1600 1446 1669 1483 Ego
1684 1455 1746 1476 uon

283 1485 509 1524 anteposuerim
534 1489 623 1517 texta
650 1488 840 1527 Babylonica
863 1488 1026 1530 magnifice
1045 1489 1145 1529 picta,
1172 1499 1238 1528 quoe
1263 1489 1500 1527 distinguuntur
1522 1498 1578 1519 acu
1607 1488 1746 1519 Semira-

897 1560 1133 1572 coeterum-e

282 1606 371 1632 erat:
395 1602 470 1632 Iuvit
497 1613 601 1643 aqzm,·
629 1613 740 1645 neque
767 1614 786 1635 e
812 1610 927 1636 mente
950 1615 1013 1635 nec
1041 1610 1115 1636 arte
1144 1605 1274 1644 Poc'tae,
1297 1615 1373 1636 cum
1397 1604 1565 1635 distichon
1591 1604 1745 1644 superius

281 1644 382 1674 etiam
400 1645 549 1676 clausum
566 1645 669 1677 fuerit
693 1648 856 1687 aquia—7
881 1648 925 1680 At
951 1651 1005 1678 tua
1033 1648 1238 1678 Beverlandi
1263 1648 1397 1678 Ms.—8
1423 1648 1521 1682 Quem
1543 1647 1612 1686 pius
1637 1647 1745 1678 codex

282 1687 483 1727 Pulmanni3
506 1687 594 1719 forte
620 1700 662 1719 ex
686 1696 766 1721 nota
782 1691 1014 1722 contractione
1039 1692 1119 1731 pius,
1142 1701 1202 1731 pro
1229 1691 1414 1730 prius.-12
1438 1690 1645 1720 Beverlandi
1676 1691 1746 1722 Ms.

282 1731 361 1769 quod
377 1732 463 1770 alget
489 1731 582 1766 chum·
605 1738 641 1763 et
659 1733 707 1763 sic
724 1733 756 1763 in
773 1734 1044 1764 Vaticana—17
1071 1734 1247 1773 Babylonia
1271 1734 1358 1773 picta
1381 1733 1519 1772 superba>
1535 1733 1645 1763 codex
1664 1733 1745 1763 Pul-

282 1773 408 1803 manni.
454 1773 644 1805 Gronovius
661 1775 841 1815 legendum
860 1781 997 1807 censet:
1026 1776 1199 1816 Babylonos
1212 1777 1297 1816 picta
1309 1776 1447 1816 superba*
1467 1776 1576 1815 Texta,
1590 1778 1642 1815 ᾅϊ.
1666 1776 1747 1817 quia

282 1814 316 1844 in
338 1815 414 1846 cod.
441 1825 499 1847 suo
528 1822 602 1848 erat
628 1819 818 1858 Babylonos.
864 1819 1029 1850 Grouovii
1057 1819 1143 1849 hanc
1168 1819 1257 1858 conj.
1284 1819 1396 1849 firmat
1422 1823 1578 1849 vetustus
1599 1819 1746 1850 fratrum

280 1857 513 1890 Puteauorum
530 1860 628 1900 liber,
652 1871 752 1902 quem
774 1862 860 1892 citat
879 1863 970 1893 Dan.
990 1861 1110 1892 Heius.
1136 1861 1178 1892 ad
1195 1861 1313 1893 Claud.
1333 1871 1382 1892 ιν.
1404 1861 1506 1893 Cons.
1523 1861 1653 1893 Honor.
1669 1864 1745 1893 652.

934 1937 1078 1968 NOTAE

324 1999 342 2027 7
367 1997 577 2038 Multifidum]
609 1999 768 2030 Timavus
785 1999 858 2031 fons
873 2001 986 2031 multis
1042 2000 1329 2039 candidissimum,
1354 2001 1452 2041 cujus
1468 1999 1609 2031 formam
1633 2000 1745 2032 induit

280 2047 378 2078 ostiis
392 2047 544 2079 illabitur
558 2049 590 2079 in
605 2059 709 2082 mare.
753 2052 841 2082 Vide
858 2051 916 2082 lib.
936 2061 984 2081 iv.

281 2098 381 2138 Epig.
400 2101 451 2129 25.
470 2098 526 2129 ubi
553 2104 589 2130 et
617 2100 659 2130 de
677 2101 813 2141 Cyllaro
833 2102 985 2132 Castoris

280 2158 367 2190 equo
384 2149 540 2189 diximus,
554 2155 587 2181 et
604 2151 691 2191 Epig
707 2154 759 2182 21.
776 2162 888 2192 supra.

323 2202 343 2230 9
366 2199 522 2240 Amycloeo
546 2201 674 2241 veneno]
705 2202 914 2242 Amyclaeum
933 2212 987 2232 ve-

280 2258 405 2280 nenum
431 2250 488 2280 alii
521 2251 717 2282 existimant
740 2262 811 2282 esse
838 2253 984 2284 colorem

280 2298 436 2338 viridem,
451 2300 505 2330 alii
519 2310 600 2331 vero
618 2311 836 2342 purpureum.
882 2304 984 2345 Amy-

281 2349 341 2380 clae
365 2349 485 2380 civitas
502 2356 552 2381 est
569 2352 748 2384 Laconiae:
773 2354 914 2384 Miletus
932 2365 985 2385 au-

281 2403 351 2429 tem
378 2399 484 2430 Ionia*
502 2400 534 2430 in
552 2400 636 2431 Asia
660 2403 801 2443 minore,
827 2404 884 2435 ubi
908 2406 983 2435 lana

281 2459 409 2480 summo
426 2449 491 2480 fuit
510 2451 542 2480 in
559 2453 681 2491 pretio.

324 2503 362 2531 11
387 2500 556 2541 Ligustra]
591 2503 704 2534 Flores
730 2504 842 2534 eximii
860 2504 982 2536 cando-

281 2550 339 2581 ris.
372 2550 535 2590 Virgilius
554 2552 671 2593 Eelog.
688 2563 727 2585 Π.
751 2555 760 2570 ‘
778 2554 864 2585 Alba
881 2555 983 2595 ligus-

279 2606 332 2633 tra
345 2601 497 2633 cadunt.’

323 2655 363 2683 12
388 2653 433 2683 Et
447 2653 625 2694 Tiburtino]
642 2655 730 2686 Vide
742 2655 800 2687 lib.
818 2665 865 2686 iv.
883 2657 983 2697 Epig.

280 2705 334 2733 62.
379 2703 507 2734 Coelum
529 2704 618 2735 euim
630 2705 846 2738 Tiburtinum
862 2713 981 2748 utpote

279 2754 440 2795 frigidum
467 2756 563 2788 ebori
586 2757 852 2790 candefaciendo
877 2760 981 2791 inser-

285 2805 413 2837 viebat.

326 2857 364 2886 13
380 2855 552 2897 Spartanus
565 2859 642 2900 olor]
667 2858 816 2901 Cycnum
830 2860 982 2903 intellige

1040 2052 1179 2093 Jupiter
1196 2063 1270 2084 cum
1287 2053 1416 2084 Ledam
1437 2052 1640 2094 Spartanam
1657 2062 1745 2084 com·

1042 2104 1177 2143 pressit.

1085 2154 1288 2195 Paphiaeque]
1309 2153 1437 2185 Veneri
1462 2153 1591 2184 scilicet
1606 2151 1744 2193 dicatae,

1040 2205 1089 2235 sic
1107 2205 1208 2236 ‹lictae
1227 2206 1269 2236 ab
1296 2205 1403 2236 insula
1425 2205 1556 2245 Papho,
1581 2204 1639 2235 ubi
1656 2205 1745 2236 cole-

1042 2257 1151 2288 batur.

1086 2312 1124 2339 14
1150 2307 1343 2349 Erythroeis]
1374 2306 1462 2337 Vide
1484 2306 1633 2337 Plinium
1647 2306 1745 2338 Juni-

1040 2369 1132 2390 orem
1149 2359 1206 2390 lib.
1218 2369 1267 2390 lx.
1285 2358 1395 2398 Epist.
1408 2359 1460 2387 33.
1501 2356 1543 2387 In
1566 2356 1656 2386 Mari
1674 2356 1743 2387 Ru·

1041 2411 1100 2440 bro
1114 2409 1524 2440 nobilissimaenascuntur
1535 2408 1742 2448 margaritae.

1040 2460 1116 2490 Lib.
1136 2469 1168 2490 v.
1186 2459 1286 2499 Epig.
1304 2461 1356 2490 38.
1606 2500 1609 2501 .

1082 2513 1121 2540 16
1146 2509 1333 2549 Parthenio]
1358 2509 1409 2540 De
1423 2519 1487 2550 quo
1503 2508 1561 2540 lib.
1578 2518 1626 2540 lv.
1641 2508 1743 2549 Epig.

1036 2563 1090 2590 45.
1122 2560 1314 2590 candidiora
1332 2558 1423 2590 refer
1435 2559 1476 2590 ad
1493 2559 1640 2590 animum
1657 2559 1742 2590 Par-

1037 2610 1142 2641 thenii
1161 2610 1341 2641 sincerum.

1081 2664 1119 2692 17
1144 2660 1349 2700 Babylonica]
1374 2659 1648 2701 Alii‚Babylonis.
1670 2661 1741 2692 Pli-

1038 2712 1113 2742 nius
1139 2711 1245 2742 refert
1273 2711 1332 2742 lib.
1351 2720 1429 2742 x‘111.
1446 2720 1523 2752 cap.
1549 2713 1602 2742 48.
1626 2711 1738 2743 varios

1036 2762 1180 2803 picturae
1198 2762 1326 2792 colores
1343 2771 1425 2803 quos
1443 2761 1593 2792 vestibus
1610 2762 1739 2793 intexe-

1038 2813 1120 2843 bant
1136 2806 1329 2852 Babylonii.

1082 2866 1119 2894 18
1144 2862 1331 2894 Semiramio
1346 2861 1417 2902 acu]
1443 2860 1518 2893 Hoc
1536 2864 1605 2902 est,
1625 2860 1739 2903 Baby-
