1893 3225
296 245 379 286 Sl&
776 254 824 285 M.
858 253 974 282 VAL.
1009 253 1283 282 MAR'i'lALlS

926 401 1126 443 XXIII.
1215 456 1222 464 ἱ

901 492 951 521 IN
987 492 1099 521 SILA
1109 492 1157 520 M.

301 559 515 600 Nonam
537 560 631 601 Sila
651 560 758 600 mihi
781 559 905 599 nulla
924 572 1012 599 non
1033 559 1132 611 lege
1155 563 1314 612 parata
1335 564 1407 599 est
1427 572 1435 599 :

357 627 444 669 Sed
467 629 601 669 Silam
619 628 741 668 nulla
760 628 921 667 (lucere
943 627 1038 678 lege
1059 626 1181 667 volo.

300 693 411 735 Cum
433 699 576 736 tamen
600 697 799 744 instaret,
821 695 967 735 decies
989 695 1096 735 mihi
1120 694 1238 734 dotis
1260 695 1304 734 in
1326 707 1429 734 auro

358 764 533 818 Sponsa
554 764 698 813 dabis,
718 764 809 803 dixi
828 777 836 804 :
870 763 974 816 quid
995 764 1138 803 minus.
1159 775 1255 803 esse
1278 763 1455 815 potest?

301 831 398 872 Nec
417 832 586 872 futuam
611 832 812 884 quamvis
835 834 975 884 prima
994 835 1037 872 te
1056 836 1185 872 nocte
1208 831 1390 871 maritus
1408 843 1417 870 ε

358 898 612 939 Communis
632 904 774 939 tecum
796 912 877 939 nec
900 899 1002 939 mihi
1025 899 1169 939 lectus
1192 900 1288 939 erit.

300 967 676 1020 Complectarque
701 981 859 1016 meam,
880 980 961 1007 nec
984 972 1029 1008 tu
1052 967 1319 1021 prohibel)i5‚
1342 967 1551 1007 amicam:
1787 952 1893 1044 ‘fla

362 1034 580 1075 Ancillam
603 1035 748 1075 mittes
770 1039 812 1076 et
835 1036 938 1075 mihi
956 1036 1086 1088 jussa
1110 1041 1240 1076 tuam.
1808 1025 1818 1031 ”
1867 1019 1884 1041 ⁸*

299 1103 364 1142 Te
387 1107 620 1155 spectante
643 1103 767 1143 dabit
788 1104 916 1142 nobis
938 1104 1104 1144 lasciva
1128 1105 1321 1144 minister

357 1170 513 1218 Basia,
536 1170 630 1211 sive
653 1183 794 1220 meus,
819 1171 909 1211 sive
931 1171 1010 1211 erit
1031 1172 1103 1212 ille
1126 1177 1244 1212 tuus.
1703 1170 1757 1209 10

300 1237 372 1278 Ad
395 1251 567 1279 coenam
592 1239 765 1279 venies:
799 1239 877 1279 sed
899 1239 962 1278 sic
984 1239 1130 1280 divisa
1152 1241 1400 1288 recumbes,

358 1306 420 1346 Ut
441 1319 530 1346 non
553 1311 784 1358 tang-antur
807 1307 946 1360 pallia
969 1312 1119 1348 nostra
1139 1309 1243 1348 tuis.

301 1373 468 1414 Oscula
487 1387 586 1415 rara
607 1375 733 1415 dabis
753 1376 897 1424 nobis,
920 1375 996 1415 sed
1020 1390 1103 1417 non
1124 1377 1253 1416 dabis
1274 1376 1386 1416 ultro
1406 1390 1415 1417 :

359 1441 402 1481 N
407 1455 459 1482 ec
483 1443 611 1495 quasi
630 1445 770 1495 nupta
791 1442 933 1491 dabis,
956 1443 1034 1483 sed
1057 1444 1186 1496 quasi
1209 1449 1346 1485 mater
1369 1456 1496 1485 anus.

302 1509 351 1549 Si
373 1512 501 1562 potes
522 1509 607 1550 ista
627 1510 733 1562 pati,
757 1511 795 1549 si
815 1509 879 1550 nil
901 1510 1092 1564 perferre
1114 1524 1293 1552 recusas
1311 1525 1320 1552 :
1694 1509 1751 1549 15

362 1577 569 1617 Invenies
591 1578 664 1630 qui
686 1582 728 1618 te
752 1577 928 1627 ducere,
953 1578 1060 1627 Sila,
1084 1579 1201 1619 velit.

1725 829 1753 868 0¹

907 1686 921 1696 ο
927 1685 1119 1697 net-‘etet‘
1125 1686 1142 1696 e

346 1753 384 1782 In
399 1752 516 1792 Syllam
541 1751 619 1783 Ald.
635 1752 733 1785 Junt.
752 1752 861 1783 Colin.
908 1752 952 1782 Et
973 1752 1035 1783 hoc
1062 1762 1154 1784 more
1172 1752 1326 1784 scribunt
1349 1752 1382 1783 in
1399 1752 1752 1793 Epigrammate.—-16

304 1796 407 1826 Malit
425 1796 478 1826 De
497 1796 593 1836 Rooy
608 1796 709 1827 velim.

962 1858 1100 1890 NOTAE

349 1928 365 1955 l
392 1924 489 1954 Nulla
504 1924 578 1964 non]
602 1924 679 1955 Hoc
690 1928 754 1963 est,
765 1923 1004 1965 qualibetcon-
1061 1924 1157 1964 tium,
1172 1924 1272 1965 Epig.
1288 1912 1361 1955 10¹5.
1400 1923 1496 1954 Infra
1510 1922 1675 1954 describit
1691 1932 1758 1953 mo-

305 1974 449 2005 ditione.
1060 1984 1114 2006 res
1131 1976 1252 2015 quibus
1268 1984 1407 2006 uxorem
1421 1974 1598 2015 praeditam
1613 1973 1707 2005 velit.

347 2028 364 2056 3
392 2025 521 2065 Decies]
559 2025 716 2056 Centena
744 2024 848 2056 millia
883 2028 1004 2056 sester-

935 2152 1127 2194 XXIV.

842 2244 907 2273 AD
942 2243 1229 2273 LABULLUM.

425 2309 538 2349 DUM
563 2312 603 2349 te
623 2323 881 2363 prosequor,
900 2315 944 2350 et
966 2310 1145 2350 domum
1165 2310 1341 2359 reduco,

412 2375 579 2416 Aurem
603 2377 704 2417 dum
728 2378 810 2417 tibi
831 2381 991 2431 praesto
1013 2377 1231 2429 garrienti,

422 2443 480 2484 Et
497 2444 705 2497 quicquid
728 2445 940 2498 loqueris,
963 2445 1176 2498 facisque,
1198 2445 1350 2495 laudo,

423 2510 547 2561 Quot
566 2524 722 2552 versus
745 2516 959 2565 poterant,
983 2512 1182 2562 Labulle,
1204 2514 1360 2554 nasci?

338 2619 368 2649 0
380 2620 519 2659 Labulle,
530 2622 601 2651 (lum
617 2623 648 2651 te
663 2621 791 2651 comitor
804 2625 834 2652 et
850 2623 960 2652 reduco
972 2623 1107 2661 domum,
1117 2624 1189 2653 dum
1204 2625 1392 2655 accommodo
1402 2635 1505 2655 aurem
1521 2624 1578 2656 tibi
1588 2626 1755 2664 garrienti,

308 2666 338 2694 et
353 2664 443 2694 laudo
455 2664 558 2701 omnia
573 2667 627 2694 tua
642 2664 727 2694 dicta
742 2668 771 2695 et
773 2665 876 2702 sacta,
889 2668 960 2705 quot
975 2666 1114 2696 carmina
1129 2670 1270 2706 poterant
1283 2666 1445 2708 componi?
1470 2667 1516 2698 Tu
1528 2678 1587 2700 mm
1599 2669 1758 2700 existimas

919 2751 1153 2761 eeeeeeeeeeee

354 2802 403 2833 Aa
421 2803 580 2835 Fabullum
596 2805 774 2836 Palat.—6
793 2806 877 2841 Quid
895 2807 969 2838 cod.
990 2807 1169 2839 Pulmann.
1196 2814 1229 2840 et
1246 2808 1301 2840 ed.
1320 2808 1465 2840 Farnab.
