1893 3225
264 214 347 256 754
733 225 784 255 M.
816 225 928 256 VAI„
962 225 1240 258 MARTIAMS

258 319 374 371 Ergo
397 317 557 359 Numae
581 316 733 369 colles,
755 323 801 362 et
822 320 1105 365 Nomentana
1125 323 1348 376 relinques

315 385 420 426 Otia
435 385 454 424 ‘l
485 397 567 426 nec
588 386 746 427 retinet
766 400 930 442 rusque
950 389 1165 443 focusque
1190 390 1374 430 senem?

258 453 440 494 Gaudia
458 458 507 493 tu
527 452 694 495 differs:
726 458 771 496 at
790 469 879 496 non
900 459 943 497 et
962 457 1151 498 stamina
1172 457 1317 498 differt
1675 460 1705 499 5

313 518 528 572 Atropos,
550 522 677 573 atque
697 522 842 562 omnis
864 523 1068 564 scribitur
1088 523 1196 564 hora
1216 523 1312 565 tibi.

257 586 524 627 Praestiteris
545 600 648 628 caro
668 586 791 642 (quis
810 602 901 630 non
921 590 1006 631 hoc
1025 590 1176 632 laudet
1190 588 1232 644 Τ)
1253 590 1414 640 amico,

313 652 378 693 Ut
398 652 545 705 potior
564 653 657 694 vita
678 655 734 695 sit
755 656 834 696 tibi
857 659 1007 697 sancta
1025 656 1148 698 fides.—

255 720 346 762 Sed
367 721 550 761 reddare
571 721 661 761 tuis
681 722 856 763 tandem
876 736 1079 765 mansure
1102 724 1296 773 Sabinis,

313 787 470 841 Teque
490 793 592 829 tuas
611 801 815 830 numeres
831 789 940 830 inter
959 790 1192 831 amicitias,
1653 792 1708 832 10

252 923 326 945 nam
337 917 458 955 patrem
469 924 479 944 .·
502 914 604 953 igitar
619 915 740 945 deseres
755 915 846 946 colles
862 915 899 945 N
900 926 990 955 amoe,
1001 919 1030 947 et
1049 916 1276 947 Nomentanam
1292 913 1447 956 quietem?
1472 915 1539 946 Nec
1550 925 1603 946 rus
1616 918 1645 946 et
1654 916 1708 953 fo·

250 966 303 987 cns
322 957 459 987 retinent
475 960 509 988 te
524 954 647 987 senem?
670 957 850 997 Interponis
869 968 986 988 moram
1001 958 1123 989 loetz'tz'oe
1134 969 1146 995 ,·
1168 960 1221 989 sed
1235 959 1371 998 Atropos
1392 959 1508 989 nullam
1533 958 1707 998 interponit

251 999 447 1037 staminibus,
459 1003 550 1039 atque
563 998 660 1029 omnis
675 999 750 1030 hora
773 1003 901 1031 notatur
912 1001 982 1031 tibi.
1030 1001 1217 1032 Probaveris
1239 1010 1309 1032 caro
1321 1002 1430 1039 amico,
1453 1001 1543 1041 (quis
1556 1011 1616 1031 non
1627 1011 1706 1031 com-

249 1042 373 1071 mendet
388 1042 443 1071 Ιιοε
452 1040 490 1079 9)
511 1045 541 1072 te
567 1041 640 1071 vitae
666 1042 820 1080 praeferre
835 1047 974 1073 sanctam
979 1043 1091 1084 fidem.
1137 1045 1183 1074 At
1210 1044 1335 1075 tandem
1357 1052 1501 1074 mansure
1527 1043 1707 1074 restituaris

249 1083 314 1114 tuis
328 1083 473 1114 Sabinis.-
496 1087 527 1114 et
542 1087 574 1114 te
586 1084 696 1124 ipsum
711 1084 870 1116 existimes
885 1085 968 1116 inter
982 1088 1051 1116 tuos
1067 1086 1192 1118 amicos.

907 1170 1047 1202 NOTAE

291 1250 310 1277 3
336 1246 451 1277 Numae
464 1244 569 1284 colles]
592 1245 734 1276 Romam
755 1245 952 1286 intelligunt
1006 1245 1065 1276 sed
1096 1245 1240 1286 fugitiva
1269 1244 1408 1277 volant.'
1444 1244 1533 1275 Vide
1563 1244 1623 1276 lib.
1652 1254 1705 1277 1v.

248 1297 325 1328 alii:
357 1296 558 1327 SabInorum
576 1304 657 1326 vero
672 1295 844 1335 regionem
857 1305 951 1326 mon·
1006 1295 1174 1336 Epig.54.
1193 1296 1203 1313 ‘
1217 1295 1272 1327 Nil
1283 1295 1388 1326 adicit
1403 1304 1509 1336 penso
1521 1294 1706 1335 Lachesis:

246 1353 364 1378 tanam
377 1346 446 1384 alii,
460 1345 548 1376 unde
565 1345 727 1375 oriundus
745 1345 868 1376 Numa.
893 1346 949 1376 De
1004 1347 1069 1377 διο.

246 1397 465 1428 Nomentano
490 1395 621 1435 praedio
649 1395 778 1426 dictum
795 1395 854 1426 lib.
881 1405 946 1426 vn.
1047 1398 1086 1426 10
1111 1395 1211 1435 Teque
1222 1394 1307 1434 tuas]
1328 1395 1375 1425 Te
1386 1394 1474 1425 enim
1487 1394 1598 1434 ipsum
1615 1403 1703 1425 ama-

246 1447 347 1487 Epig.
362 1449 414 1477 93.
433 1450 469 1476 et
482 1445 539 1476 lib.
558 1454 583 1475 1.
606 1448 678 1475 106.
1002 1454 1038 1475 re
1068 1444 1186 1483 debes,
1217 1449 1255 1476 ut
1278 1444 1385 1475 virum
1416 1444 1559 1485 probum
1582 1443 1705 1475 decet:

288 1501 307 1527 5
336 1496 476 1535 Gaudia]
499 1495 580 1534 Sed,
596 1499 634 1525 ut
650 1494 737 1525 dixit
754 1494 866 1525 Poe'ta
888 1495 946 1527 lib.
1000 1494 1065 1526 hoc
1082 1499 1147 1535 est,
1163 1495 1224 1526 tibi
1241 1494 1305 1536 ipsi
1320 1495 1453 1526 tandem
1470 1494 1516 1526 sis
1530 1494 1667 1526 amicus.

246 1558 270 1579 1.
299 1547 399 1588 Epig.
428 1549 478 1577 16.
504 1544 661 1577 ‘Gaudia
687 1554 752 1576 non
782 1550 946 1585 remeant,

625 1827 677 1857 IN
712 1827 1011 1858 DELlCATUM
1048 1827 1328 1858 LECTOREM.

246 1906 295 1946 S1
320 1905 427 1959 quid
447 1906 546 1946 lene
566 1905 652 1946 mei
672 1905 826 1947 dicunt
844 1910 886 1947 et
907 1906 1036 1947 dulce
1059 1907 1213 1956 libelli,

300 1972 349 2013 Si
371 1972 481 2027 quid
501 1971 789 2013 honorificum
810 1972 973 2026 pagina
994 1973 1158 2014 blanda
1180 1977 1330 2014 sonat:

245 2039 347 2081 Hoc
370 2047 417 2080 tu
437 2041 603 2093 pingue
624 2044 775 2093 putas,
798 2044 843 2079 et
863 2043 1033 2080 costam
1056 2040 1207 2080 rodere
1226 2040 1386 2089 mavis,

301 2106 390 2148 Ilia
411 2107 648 2148 Laurentis
669 2119 771 2147 cum
793 2106 874 2147 tibi
897 2106 1054 2147 demus
1075 2108 1183 2160 apri.

284 2227 321 2258 Si
334 2228 406 2268 quid
422 2228 568 2258 blandum
583 2230 612 2256 et
629 2236 721 2257 suave
736 2230 781 2257 est
805 2227 839 2257 in
852 2227 929 2257 meis
944 2226 1032 2257 libris
1041 2237 1053 2263 ‚⁴
1075 2227 1103 2257 si
1119 2230 1226 2258 tenera
1240 2227 1357 2267 pagina
1371 2225 1470 2264 refert
1484 2225 1557 2266 quid
1572 2224 1697 2257 honori-

231 2270 332 2310 ficum
344 2280 356 2307 ;
379 2274 413 2300 tu
442 2271 496 2300 hoc
512 2269 677 2300 existimas
688 2269 765 2300 rude
776 2281 789 2307 ‚·
814 2272 844 2300 et
867 2279 935 2300 cum
958 2269 1018 2300 tibi
1039 2279 1227 2310 apponamus
1242 2270 1299 2300 ilia
1314 2269 1482 2300 Laurentis
1501 2269 1583 2310 apri,
1597 2268 1697 2299 mavis

847 2351 1086 2364 eeeeeeeeeeee

280 2406 471 2438 Delitiatum
488 2405 598 2437 Colin.
634 2405 828 2437 Delicialam
842 2406 939 2438 Junt.
976 2406 1028 2437 De
1042 2405 1155 2437 libellis
1168 2406 1232 2437 suis
1252 2406 1321 2437 Ms.
1341 2405 1583 2437 Pulmann.—l
1607 2405 1695 2436 Pene

235 2449 311 2480 cod.
327 2449 527 2480 Beverl.—3
545 2449 616 2480 Hoc
631 2450 777 2488 languere
792 2448 868 2480 cod.
880 2449 1061 2480 Pulmann.
1079 2453 1114 2480 et
1126 2451 1239 2479 tostam
1254 2458 1315 2489 pro
1332 2452 1457 2480 costam.

892 2531 1033 2565 NOTAE

278 2612 295 2639 l
321 2608 360 2639 Si
385 2608 459 2648 quid
485 2606 565 2647 lene]
598 2607 813 2640 Amatorium
843 2612 936 2650 puta,
1034 2611 1053 2639 3
1080 2609 1206 2640 Costam
1234 2608 1358 2649 rodere]
1397 2607 1602 2649 Metaphora
1625 2612 1690 2646 est,

232 2663 291 2690 aut
307 2659 475 2699 nuptiale.
991 2658 1089 2698 cujus
1105 2663 1157 2689 est
1168 2658 1222 2689 hic
1237 2668 1354 2690 sensus
1369 2669 1377 2690 z
1395 2659 1540 2690 Carmen
1553 2658 1693 2689 maledi-

277 2712 297 2739 2
322 2709 360 2740 Si
384 2708 458 2749 quid
481 2707 700 2749 honorificum]
722 2708 759 2740 Si
785 2707 866 2749 quid
892 2708 934 2740 ad
989 2719 1064 2740 cnm
1080 2709 1140 2740 tibi
1156 2710 1270 2749 potius
1286 2711 1453 2751 placeret,
1469 2719 1567 2751 quam
1593 2714 1687 2741 tene-

233 2758 349 2790 landes
366 2762 513 2799 spectat.
991 2769 1063 2790 rum
1078 2763 1113 2790 et
1131 2759 1302 2791 blandum.
