1893 3225
577 234 937 266 EPIGRAMMATU
950 238 979 264 Μ
1019 237 1110 266 121ss.
1146 238 1248 268 xlv.

1532 230 1643 273 1⁰:37

757 418 1055 459 CXXXIX.

644 519 859 549 CUCULLI
899 519 1178 551 LIBURNICl.

183 595 210 636 J
220 607 420 637 UNGERE
442 596 623 638 nescisti
645 597 789 647 nobis,
811 611 838 638 ο
861 598 1008 647 stulte,
1029 598 1257 640 lacernas:

242 664 459 705 Indueras
483 665 623 715 albas,
645 678 758 706 exue
781 666 1013 707 callainas.

229 777 403 814 Odemens,
417 787 477 808 non
492 777 608 808 novisti
622 776 715 818 ‚nobis
734 777 870 818 jungere
896 779 1034 809 lacernas
1057 778 1291 810 convenientes:
1317 778 1463 810 indueras
1486 780 1645 820 candidus,

184 829 262 850 exue
273 820 426 851 callaica&

793 874 930 885 aeaeaeaeaeaeae

933 874 1028 885 eeeee

229 937 389 968 Fiburm'ci
404 938 477 968 cod.
493 938 688 969 Tlman.-—2
714 938 868 970 Callaicas
884 940 998 980 vulgg.
1021 939 1213 970 Scriverius
1227 939 1311 980 legit
1325 940 1485 971 Callainas
1502 950 1520 970 a
1534 940 1641 971 Callai

183 989 327 1019 gemina,
343 981 501 1021 sapphiri
519 982 656 1012 aemula:
692 982 781 1022 quod
807 983 911 1013 etiam
939 988 1071 1014 rectum
1098 988 1215 1014 censet
1240 982 1361 1014 doctus
1390 983 1585 1014 Annotator
1608 984 1640 1013 in

183 1033 288 1063 marg.
305 1024 358 1054 ed.
377 1024 509 1064 Langii.

846 1080 985 1111 NOTAE

229 1148 350 1179 Cuculli
366 1147 545 1188 Liburnici]
571 1148 744 1180 Liburnia.
773 1149 883 1190 Illyri-

183 1199 235 1229 dis
251 1198 355 1238 regio.
383 1199 503 1229 Lazius
522 1199 678 1230 Crabaten
695 1204 730 1230 et
761 1201 886 1241 Krnyn,

183 1250 328 1281 Pinetus
359 1249 497 1280 Contado
526 1250 559 1280 αἱ
589 1250 674 1280 Zara
712 1249 885 1290 indigitat.

184 1300 277 1331 Huic
302 1298 511 1339 suffragatur
527 1300 693 1336 Vegetius
716 1300 772 1340 qui
801 1299 888 1332 dicit

183 1351 381 1383 Liburniam
418 1351 602 1382 Dalmatiae
643 1355 775 1391 partem
803 1360 889 1383 esse.

183 1401 349 1434 ortelius.
392 1401 501 1432 Porro
531 1411 574 1432 ex
604 1401 679 1432 lana
717 1401 888 1433 Liburniae

185 1452 289 1492 pallia
318 1451 492 1482 cucullata
517 1450 647 1481 fiebant
675 1449 762 1490 rufa,
798 1451 888 1482 unde

184 1503 297 1534 Po'eta
312 1502 397 1533 dicit
413 1502 566 1533 lacernas
582 1501 674 1532 albas
691 1502 887 1543 malejungi

184 1553 325 1585 cucullis
335 1552 665 1593 Liburnicis‚utpote
680 1562 755 1593 quae
770 1561 886 1583 eorum

940 1150 1053 1181 colore
1071 1149 1145 1181 rufo
1161 1149 1365 1181 inficiantur.

984 1203 1004 1231 2
1031 1201 1121 1230 Exue
1136 1200 1285 1231 callainas
1297 1199 1473 1241 [callaicus]
1491 1199 1567 1231 Hoc
1578 1206 1645 1240 cst,

944 1249 1047 1281 rufas.
1091 1250 1226 1281 Similes
1247 1260 1370 1290 nempe
1391 1260 1474 1281 auro
1491 1251 1646 1290 calinico,

944 1299 1067 1341 dequo
1085 1299 1212 1331 dictum
1228 1300 1330 1341 Epig.
1347 1303 1400 1332 95.
1427 1310 1541 1341 supra.
1576 1301 1646 1332 Alii

942 1349 1124 1390 legendum
1141 1355 1268 1391 putant
1293 1351 1441 1382 callainas
1463 1361 1504 1382 ex
1536 1353 1646 1382 veteri

943 1399 1076 1439 codice,
1100 1400 1134 1431 id
1169 1406 1234 1440 est,
1257 1402 1435 1442 caeruleam,
1466 1403 1524 1444 qui
1552 1403 1645 1434 color

942 1451 1096 1482 Venetus
1122 1452 1314 1493 dicebatur,
1339 1463 1359 1484 a
1389 1453 1483 1485 Calai
1513 1464 1646 1495 gemma

943 1511 1018 1542 quae
1037 1501 1234 1543 sapphirum
1250 1502 1412 1535 imitatur.

840 1708 986 1749 CXL.

701 1810 900 1840 UDONES

934 1810 1122 1840 CILICIl.

187 1887 299 1929 NON
324 1887 404 1928 hos
427 1888 528 1929 lana
551 1889 688 1939 dedit,
713 1888 791 1929 sed
812 1888 969 1930 olentis
989 1889 1129 1929 barba
1151 1890 1296 1930 mariti
1316 1905 1325 1931 :

246 1953 469 2010 Cinyphio
490 1957 653 2010 poterit
672 1956 825 2009 planta
844 1956 981 1997 latere
1002 1956 1116 1998 sinu.

230 2066 278 2097 Hi
293 2066 444 2104 nonfacti
455 2071 522 2096 sum
542 2076 580 2097 ex
592 2067 676 2105 lana,
694 2067 746 2098 sed
761 2076 800 2098 ex
817 2066 912 2097 barba
928 2066 1003 2097 olidi
1026 2066 1154 2098 mariti:
1175 2077 1230 2108 pes
1249 2067 1365 2108 poterit
1379 2068 1525 2099 abscondi
1545 2069 1641 2109 Ciny-

182 2110 257 2149 phio
272 2109 354 2140 sinu.

802 2162 921 2173 maet-

228 2222 246 2250 2
273 2219 426 2250 Poterant
440 2219 472 2249 in
490 2228 595 2259 marg.
610 2219 665 2250 ed.
682 2219 815 2259 Langii.

923 2161 1021 2175 ΝΟΜ

844 2293 987 2325 NOTAE

234 2358 371 2398 Udones]
395 2359 575 2391 Genusest
587 2360 812 2392 calceamenti
825 2369 891 2401 quo
944 2368 965 2390 a
995 2359 1151 2401 Cinypho
1178 2358 1303 2391 Africae
1329 2358 1447 2399 fluvio,
1473 2358 1514 2390 ad
1542 2369 1641 2400 quem

186 2417 310 2449 nempe
327 2409 513 2441 utebantur
529 2410 667 2442 Cilices.

231 2462 247 2489 l
288 2459 412 2490 Olentis
439 2460 563 2501 mariti]
596 2461 672 2493 Hoc
701 2465 767 2501 est,
792 2461 890 2492 hirci.

186 2507 350 2549 Virgilius
367 2520 375 2540 :
400 2512 409 2526 ‘
429 2509 492 2540 vir
507 2511 700 2552 gregisipse
716 2511 846 2552 caper!

229 2562 249 2589 2
275 2559 428 2601 Cinyphio
440 2560 524 2600 sinu]
551 2562 628 2593 Hoc
645 2564 712 2602 θεῖ,
729 2562 805 2603 pilis
822 2562 888 2593 hir·

187 2610 281 2641 cinis.
329 2611 417 2643 Nam
434 2611 519 2643 hirci
535 2611 692 2654 Cinyphii
710 2619 786 2645 sunt
801 2613 886 2644 dicti

945 2415 1024 2442 sunt
1038 2420 1158 2452 magna
1180 2411 1293 2452 copia.
1336 2411 1509 2442 Domitius.
1554 2411 1643 2443 Vide

947 2461 1048 2503 Epig.
1073 2464 1127 2493 95.
1155 2461 1213 2492 lib.
1247 2471 1313 2494 vn.
1359 2461 1516 2492 ‘Tonsor
1540 2461 1641 2502 Ciny-

944 2514 1023 2555 phio
1036 2514 1125 2546 Cilix
1138 2514 1285 2548 marito!
1302 2515 1370 2547 Ubi
1385 2516 1516 2556 egimus
1530 2514 1571 2545 de
1583 2513 1641 2546 illo

942 2564 1056 2597 fluvio.
