1960 3230
307 252 390 292 516
777 258 826 286 M.
860 255 977 285 vAL.
1012 253 1292 284 MARTIALIS

306 356 411 397 Non
432 354 541 408 pila,
561 366 652 394 non
670 352 805 401 sollis,
827 364 914 392 non
937 354 979 392 te
1001 350 1225 404 paganica
1245 347 1423 389 thermis

363 422 606 475 Praeparat,
628 424 704 461 aut
722 419 827 459 nudi
847 418 1017 471 stipitis
1039 418 1156 458 ictus
1177 416 1341 457 hebes:

304 491 427 533 Vara
446 503 524 531 nec
544 489 707 544 injecto
729 492 945 528 ceromate
965 485 1143 526 brachia
1166 483 1311 525 tendis
1335 497 1346 534 ;

361 559 465 601 Non
485 557 695 611 harpasta
715 568 851 608 vagus
871 553 1188 607 pulverulenta
1210 551 1361 604 rapis:
1709 551 1765 592 10

304 628 392 669 Sed
412 626 550 668 curris
571 625 724 665 niveas
743 627 907 663 tantum
929 634 1065 674 prope
1084 619 1280 672 Virginis
1298 617 1458 668 undas,

359 694 452 735 Aut
471 693 549 734 ubi
570 691 753 733 Sidonio
774 695 930 730 taurus
953 700 1101 728 amore
1121 687 1249 727 calet.

301 762 389 803 Per
410 762 556 803 varias
576 764 710 807 artes,
733 757 878 798 omnis
900 755 1060 808 quibus
1082 767 1189 794 area
1211 754 1359 803 servit,

359 829 546 878 Ludere,
569 840 668 869 cum
687 826 820 866 liceat
840 836 1026 872 currere,
1049 822 1228 876 pigritia
1248 825 1332 863 est.

299 953 385 993 rapit
397 952 585 983 immeritam
600 950 772 989 pecuniam.
820 949 889 979 Non
901 948 978 988 pila,
992 957 1051 978 non
1059 946 1162 984 follis,
1175 956 1229 977 nec
1244 946 1397 986 paganica
1413 948 1575 986 proeparot
1598 947 1629 976 te
1645 945 1685 976 ad
1699 944 1762 976 bal-

299 1006 370 1035 nea,
387 995 434 1026 vel
452 999 570 1025 retusus
585 995 663 1024 ictus
680 993 753 1022 nudi
777 992 917 1032 stipitis.-
941 1001 995 1021 nec
1018 991 1118 1020 tendis
1134 989 1261 1020 brachia
1282 999 1358 1019 vura
1372 988 1488 1025 injecto
1505 992 1659 1019 ceromate
1675 999 1684 1018 :
1708 998 1764 1019 nec

300 1041 438 1069 incertus
452 1037 586 1076 subripis
596 1038 742 1076 harpasta
756 1034 970 1074 pulverulenta
982 1044 991 1063 .·
1013 1038 1045 1062 a!
1063 1034 1158 1062 solum
1169 1032 1270 1062 curris
1276 1032 1374 1070 juxta
1385 1041 1482 1071 aquas
1494 1031 1600 1062 niteas
1614 1031 1763 1070 virginis,

299 1086 349 1112 vec
362 1081 413 1111 ubi
424 1085 533 1112 taurus
548 1081 651 1110 uritur
667 1088 770 1108 amore
782 1077 920 1108 Sidonio.
966 1076 1087 1106 Inertitt
1101 1078 1145 1106 est
1172 1075 1278 1105 ludere
1291 1075 1389 1106 variis
1400 1075 1521 1105 artibus
1536 1074 1642 1115 quibus
1667 1075 1764 1105 inser-

298 1124 343 1154 vic
360 1134 445 1164 area,
465 1133 532 1154 cum
537 1123 593 1161 fas
606 1124 648 1153 sit
663 1130 795 1152 currere.

911 1170 1147 1184 eeeeeeeeeeee

299 1231 447 1263 tina—6
472 1232 516 1262 Et
528 1230 613 1270 rapit
628 1230 804 1260 inmuneras
818 1227 970 1258 Turneb.
994 1225 1157 1256 Adverss.
1174 1233 1283 1255 xxiv.
1302 1226 1422 1256 28.—9
1450 1224 1552 1256 Varra
1568 1235 1622 1256 nec
1637 1225 1668 1255 in
1681 1225 1765 1256 lento

301 1274 440 1305 exhibet
457 1273 566 1305 codex
585 1273 781 1303 Vaticanus.
832 1271 914 1301 l'arn
932 1280 984 1300 mc
1002 1269 1127 1306 injecto,
1146 1268 1167 1298 i.
1184 1277 1214 1298 e.
1232 1276 1294 1298 nec
1312 1268 1404 1298 lucta
1421 1268 1606 1309 obtorques
1625 1268 1767 1299 brachia.

300 1322 337 1348 et
351 1318 499 1348 lacertos
513 1317 606 1357 quasi
625 1325 744 1352 varos;
770 1314 816 1344 sic
831 1313 1022 1344 Lndovicus
1036 1312 1172 1342 Carion.
1195 1311 1388 1341 emendavit
1405 1311 1452 1341 lib
1470 1320 1510 1342 11.
1528 1321 1603 1352 cap.
1618 1313 1648 1341 9.
1672 1311 1762 1350 qnod

300 1360 403 1391 etiam
429 1360 590 1390 exhibent
610 1358 687 1389 Ald.
703 1357 798 1389 Junt.
823 1357 932 1387 Colin.
955 1355 1087 1395 Grypli.
1111 1356 1174 1384 διο.
1199 1363 1274 1384 curn
1300 1353 1417 1384 codice
1434 1354 1626 1385 Pulmanni.
1675 1355 1763 1385 Rara

298 1413 355 1433 nec
381 1402 495 1441 injecto
516 1403 549 1433 in
566 1402 639 1431 aliis
657 1400 754 1431 codd.
799 1399 887 1429 Vide
904 1398 1055 1429 'rm-nel».
1083 1397 1140 1428 lib.
1160 1405 1266 1427 XXIV.
1292 1406 1367 1437 cap.
1382 1400 1523 1428 28.—13
1544 1397 1688 1435 Legitur
1715 1403 1762 1436 et,

297 1447 494 1485 areaserret.
539 1445 664 1475 Petrus
681 1443 788 1473 Scriv.
806 1443 815 1459 ‘
831 1451 924 1473 areas
938 1441 944 1453 '
963 1439 1126 1481 intelligit
1141 1442 1150 1456 ‘
1170 1440 1251 1470 vitae
1265 1439 1402 1480 spatia‚'
1420 1445 1456 1471 ut
1470 1440 1530 1471 lib.
1542 1450 1579 1471 x.
1595 1440 1696 1481 Epig.
1708 1444 1761 1472 24.

299 1489 359 1519 sed
377 1489 453 1520 vide
467 1488 607 1518 Senecae
627 1487 737 1527 Epist.
753 1488 803 1516 15.

953 1525 1099 1559 NOTAE

297 1595 476 1637 den1‚qnia
489 1604 625 1635 operam
641 1593 705 1624 illis
723 1601 789 1623 non
807 1592 925 1623 utilem
941 1591 1001 1622 im-

296 1646 428 1688 pendit.
475 1646 577 1685 Legit
601 1645 782 1675 'l'urnebus
806 1643 864 1673 lib.
892 1651 999 1673 xxn'.

295 1707 373 1739 cap.
397 1700 450 1728 28.
498 1697 543 1726 Et
567 1696 650 1735 rapit
665 1696 840 1725 innumeras
857 1692 1000 1723 sordidus

295 1752 406 1779 unctor
418 1757 499 1788 opes.
544 1746 684 1778 Judicet
701 1745 823 1775 lector.

338 1802 357 1830 7
383 1800 453 1829 Non
467 1797 547 1838 pila]
572 1797 705 1836 Nempe
719 1793 908 1834 trigonalis.
938 1793 995 1823 De

294 1854 440 1891 quatuor
452 1848 595 1887 pilarum
608 1844 802 1886 generibus,
812 1842 943 1873 scilicet
954 1842 995 1872 de

294 1899 465 1940 trigonali,
488 1896 572 1934 folii,
592 1895 770 1936 paganica,
787 1898 821 1924 et
836 1893 996 1933 harpasto

294 1950 368 1981 fuse
384 1949 529 1979 diximus
544 1947 603 1977 lib.
618 1955 668 1977 lv.
687 1945 787 1985 Epig.
805 1947 856 1975 19.

337 2003 357 2030 8
380 1999 446 2030 Aut
468 1997 545 2028 nudi
559 1995 693 2037 stipitis]
717 1995 757 2026 In
775 2002 900 2025 terram
917 1993 997 2034 fige-

262 2075 266 2077 .
293 2049 396 2081 batur
422 2048 529 2089 palus,
556 2052 675 2078 contra
707 2055 807 2087 quem
836 2051 995 2086 tanquam

294 2100 525 2131 adversarium
549 2107 584 2129 se
615 2097 827 2128 exercebant
853 2097 996 2128 tirones.

292 2150 467 2183 „luvenalis
482 2149 554 2181 Sat.
572 2158 621 2180 vr.
633 2151 708 2179 247.
733 2149 741 2164 ‘
757 2153 815 2178 aut
839 2147 912 2188 quis
930 2157 996 2177 non

290 2201 375 2232 vidit
397 2202 534 2232 vulnera
558 2200 637 2240 pali,
661 2200 770 2231 Quem
797 2203 897 2229 cavat
917 2198 997 2228 assi-

293 2251 367 2282 duis
383 2251 520 2282 sudibus
536 2256 700 2290 scutoque
718 2249 853 2279 lacessit
867 2247 889 2278 ?’

335 2303 356 2332 9
384 2301 467 2332 Vara
482 2299 551 2340 nec]
574 2300 650 2331 Hoc
667 2303 732 2338 est,
748 2308 810 2329 nec
837 2298 994 2329 luctaris:

292 2351 342 2382 ita
359 2360 438 2382 vero
454 2350 488 2381 in
504 2351 598 2381 lucta
613 2350 752 2381 atliletae
776 2349 997 2390 implicabant

1054 1590 1207 1630 brachia,
1226 1594 1264 1622 ut
1279 1600 1361 1621 vara
1378 1590 1586 1621 viderentur.
1624 1591 1762 1631 Legunt

1055 1641 1110 1672 alii
1129 1642 1216 1672 Rara
1232 1641 1342 1672 minus
1358 1641 1457 1673 bene.
1500 1642 1628 1672 Ceroma
1647 1648 1760 1673 antem

1054 1695 1128 1721 erat
1151 1697 1363 1730 unguentum
1381 1701 1423 1721 ex
1449 1691 1522 1721 oleo
1539 1697 1574 1722 et
1592 1692 1662 1722 luto
1680 1702 1760 1722 cou-

1052 1740 1194 1778 fectum,
1238 1750 1304 1781 quo
1354 1740 1572 1780 ungebantur
1606 1742 1759 1774 atliletae.

1052 1789 1140 1820 Vide
1154 1790 1212 1820 lib.
1226 1799 1283 1820 111.
1299 1790 1397 1830 Epig.
1415 1794 1468 1822 57.

1094 1843 1132 1871 11
1154 1841 1254 1880 Prope
1269 1840 1412 1879 Virginis
1422 1841 1536 1881 midas]
1549 1841 1673 1873 Sensus
1686 1848 1734 1875 est
1751 1854 1759 1874 :

1051 1890 1120 1922 Sed
1135 1900 1275 1922 exerces
1301 1896 1335 1922 te
1367 1901 1468 1922 cursu
1483 1892 1524 1922 ad
1544 1903 1663 1934 aquam
1680 1895 1759 1925 Vir-

1052 1942 1176 1982 ginem,
1192 1942 1234 1972 de
1261 1952 1326 1983 qua
1345 1943 1404 1973 lib.
1422 1953 1456 1974 v.
1480 1945 1580 1984 Epig.
1602 1947 1655 1976 21.
1692 1946 1758 1976 Vel

1052 1992 1094 2022 ad
1117 1993 1286 2032 porticum
1320 1994 1491 2034 Europes,
1519 1995 1574 2025 ubi
1598 1995 1757 2036 depictus

1052 2049 1126 2074 erat
1153 2043 1294 2083 Jupiter
1320 2044 1354 2074 in
1388 2050 1520 2075 taurum
1560 2056 1760 2087 conversus,

1053 2094 1160 2135 qualis
1179 2103 1239 2134 per
1255 2104 1347 2124 mare
1365 2095 1397 2125 in
1416 2095 1553 2126 Cretam
1581 2097 1674 2128 vexit
1691 2098 1758 2128 Eu-

1052 2154 1158 2185 ropen
1179 2144 1282 2175 filiam
1309 2145 1488 2187 Agenoris,
1518 2146 1574 2187 qui
1598 2147 1756 2179 Sidonem

1053 2195 1269 2227 condiderat.

1096 2249 1135 2277 14
1160 2247 1297 2284 Ludere,
1324 2257 1391 2277 cum
1422 2247 1529 2288 liceat]
1555 2247 1617 2278 His
1642 2249 1755 2280 verbis

1051 2297 1205 2328 omnibus
1217 2298 1291 2329 aliis
1305 2298 1608 2330 exercitationibus
1619 2309 1755 2330 cursum

1051 2349 1244 2390 anteponit.

891 2477 1152 2519 XXXIII.

833 2567 847 2596 1
866 2568 896 2597 N
943 2568 968 2596 c
983 2567 998 2596 1
1018 2567 1050 2596 N
1067 2566 1098 2596 N
1115 2567 1145 2596 A
1162 2565 1213 2596 M.

292 2634 576 2676 SossmmoR
597 2648 728 2676 coeno
749 2648 850 2675 cum
873 2634 930 2675 sit
949 2637 1067 2687 toga,
1087 2633 1262 2674 calceus
1285 2637 1429 2674 autem

349 2701 590 2743 Candidior
610 2703 748 2757 prima
771 2703 829 2743 sit
847 2702 942 2753 tibi,
960 2701 1114 2751 Cinna,
1134 2702 1232 2742 nive
1250 2716 1260 2753 3

335 2814 364 2844 0
387 2814 498 2853 Cinna,
521 2823 588 2843 cum
604 2813 831 2852 habmstvgum
856 2813 1055 2843 sordidiorem
1072 2813 1148 2852 luto,
1164 2813 1297 2844 calceum
1317 2823 1385 2843 nro
1414 2814 1625 2845 candidiorem
1645 2815 1749 2855 prima
