1893 3225
534 247 746 276 Emeum!
760 246 788 274 M
800 245 892 274 ATU
905 245 934 273 M
974 244 1064 273 ΜΒ.
1091 245 1160 273 lx.
1493 233 1577 273 (597

133 346 195 387 At
215 359 326 386 nunc
345 350 493 386 tantus
513 357 635 384 amor
657 343 844 392 cunetis,
871 341 1086 393 Auguste,
1109 345 1283 380 tuorum

191 413 254 454 Ut
275 414 333 453 sit
353 413 511 465 cuique
532 425 625 452 suae
646 424 749 452 cura
776 409 968 451 secunda
989 409 1160 449 domus.

132 482 243 522 Tam
265 482 453 535 placidae
473 485 654 529 mentes,
674 482 798 520 tanta
816 483 884 519 est
904 476 1149 518 reverentia
1170 475 1322 524 vestri,
1552 474 1580 513 5

189 550 301 590 Tam
321 553 486 603 pacata
507 548 647 601 quies,
666 550 811 587 tantus
832 546 876 586 in
898 558 969 586 ore
991 544 1142 598 pudor.

135 617 282 658 Nemo
303 629 408 657 suos
427 615 546 669 (haec
569 619 636 655 est
658 615 772 655 aulae
795 617 950 654 natura
971 608 1184 665 potentis)

193 684 282 725 Sed
303 683 465 724 domini
487 695 628 722 mores
650 680 933 722 Caesarianus
952 678 1096 719 habet.

132 804 208 835 tiam
228 803 366 834 Palatii.-
388 803 451 842 sed,
474 811 492 832 ο
508 801 662 841 Auguste,
684 811 764 833 nunc
780 811 882 833 omncs
897 800 972 831 adeo
987 801 1093 829 amant
1113 797 1382 836 tuamfumz't'iam,
1405 801 1437 828 nt
1455 798 1582 838 quilibet

131 848 232 877 minus
245 849 328 876 amet
341 856 426 875 suam
442 847 572 876 domum.
619 846 691 875 Tam
707 845 848 883 benigne,
858 848 922 874 tam
937 845 1123 879 reverenter,
1134 845 1199 871 tarn
1211 841 1324 881 quiete,
1337 844 1401 870 tam
1416 842 1584 871 verecunde

133 900 165 920 se
178 892 292 928 gerunt
308 898 382 926 erga
398 897 463 918 nos·
510 887 624 918 Nullus
641 889 837 918 Coesariunus
851 887 939 927 (hoec
954 888 999 916 est
1014 888 1127 915 natura
1141 885 1221 914 auloe
1234 885 1392 924 potentis)
1410 883 1499 914 habet
1515 892 1584 913 suus

136 941 247 971 mores,
268 932 321 961 sed
336 930 462 962 domini.

741 993 800 1003 on
804 991 979 1003 “comtesta-

136 1060 197 1133 βαίη
219 1059 385 1090 Grut.—3
422 1057 554 1088 Tuorum
583 1062 628 1089 est
657 1056 864 1088 Beverlandi
898 1056 1030 1087 Ms.-5
1067 1055 1186 1086 Mentis
1211 1054 1433 1085 Pulmannus.
1474 1053 1585 1084 Nostri

139 1112 148 1132 1
176 1111 240 1133 em.

793 1142 820 1173 N
830 1141 935 1173 OTAE

179 1228 198 1254 8
224 1222 435 1262 Caesarianus]
479 1222 555 1254 Hoc
584 1225 637 1253 est
661 1221 771 1252 Aulici
798 1227 834 1252 et
888 1232 996 1253 mores
1019 1221 1117 1252 illius.

136 1274 225 1305 servi
255 1272 400 1304 Caesaris
426 1273 604 1304 constituti
634 1276 712 1304 sunt
733 1273 834 1313 juxta

746 1430 990 1471 LXXXI.

722 1519 783 1549 DE
816 1519 1013 1549 emmo.

140 1588 399 1629 DUXERAT
422 1589 618 1628 esuriens
638 1588 908 1641 locupletem
931 1600 1098 1640 pauper
1119 1600 1335 1641 anumque

196 1656 393 1696 'Uxorem
415 1670 424 1696 :
460 1656 607 1709 pascit
629 1655 811 1703 Gellius,
834 1660 879 1695 et
899 1654 1046 1695 futuit.

749 1753 981 1765 eeeeeeeeeeee

181 1803 295 1844 Hujus
320 1803 584 1844 Epigrammatis
609 1803 712 1835 lectio
735 1803 855 1835 eadem
884 1808 938 1834 est
966 1802 999 1833 in
1031 1801 1186 1834 omnibus
1211 1802 1415 1833 membranis
1438 1806 1473 1833 et
1488 1801 1594 1832 libris.

794 1897 937 1930 NOTAE

183 1965 197 1992 l
224 1961 331 1992 Pascit
347 1961 479 2000 Gellius,
494 1961 564 2001 Cym]
587 1960 773 2002 Παθητικὸν,
801 1967 839 1993 ut
940 1960 1068 2000 Futuz‘t]
1093 1960 1286 1992 Uxoremne
1311 1971 1352 1992 an
1381 1960 1487 1991 alias?
1518 1959 1595 1990 vide

138 2016 146 2031 ‘
166 2012 322 2053 lavare,’‘
341 2013 506 2053 tondere‚’
527 2015 590 2045 Sec.
896 2011 1082 2042 Ausonium
1101 2011 1200 2051 Epig.
1220 2013 1290 2042 134.

739 2161 1009 2204 LXXXII.

708 2253 773 2283 AD
807 2253 1031 2283 AUC'PUM.

141 2319 340 2360 LECTOR
361 2324 403 2362 et
425 2321 600 2362 auditor
621 2325 798 2362 nostros
820 2322 995 2374 probat,
1018 2320 1180 2372 Aucte,
1201 2322 1396 2362 libellos:

198 2387 282 2428 Sed
305 2388 487 2441 quidam
507 2394 690 2430 exactos
713 2403 813 2430 esse
835 2388 974 2443 po'e'ta
994 2395 1136 2442 negat.

188 2495 219 2527 Ο
236 2495 327 2535 Aule,
350 2499 447 2529 nostri
463 2499 536 2529 libri
553 2498 677 2540 placent
700 2498 808 2530 lectori
829 2502 919 2539 atque
935 2499 1090 2530 auditori.-
1113 2500 1164 2529 seael
1180 2498 1303 2539 quidam
1316 2497 1408 2539 po'e'la
1424 2500 1517 2536 negat
1535 2506 1598 2527 csse

752 2573 986 2585 oeoaemeseeoe

188 2613 227 2643 In
246 2612 322 2644 Ald.
341 2614 437 2645 Junt.
454 2615 562 2647 Colin.
579 2622 614 2648 et
631 2617 705 2648 aliis
722 2617 904 2658 inscriptio
922 2618 1049 2659 legitur
1062 2619 1114 2650 Ad
1134 2620 1259 2649 Aulum.

802 2691 943 2723 NOTAE

191 2755 210 2783 2
237 2752 387 2792 Exactos]
424 2753 505 2793 Alii,
527 2760 685 2787 excoctos.-
729 2757 846 2789 videat
901 2758 942 2789 ab
959 2764 1032 2790 arte
1048 2759 1132 2790 coci.

144 2803 253 2834 lector
271 2815 279 2835 ;
304 2804 398 2845 quasi
414 2804 523 2845 petita
548 2814 636 2838 esset
651 2808 847 2849 metaphora
