1893 3225
0 0 138 161 r

534 243 943 275 EPlGRAMMA'i'UM
979 231 1204 274 mnsvni.
1508 235 1592 276 607

132 341 208 384 Sic
233 341 532 396 Methymnaeo
553 340 729 393 gavisus
748 337 913 380 Arione
936 338 1121 393 delphin
1537 342 1593 382 10

187 410 423 463 Languida
443 422 532 450 non
554 408 743 449 tacitum
762 421 842 461 per
862 407 973 450 freta
994 408 1118 449 vexit
1140 420 1265 449 onus.

132 480 310 521 Imbuat
331 478 549 531 egregium
570 476 703 529 digno
728 476 835 517 mihi
856 481 1030 517 nectare
1050 488 1208 516 munus

188 547 293 588 Non
316 559 444 599 grege
466 545 519 585 de
536 545 715 595 domini,
737 545 815 585 sed
837 548 926 593 tua,
950 543 1094 593 Ceste,
1117 557 1288 584 manus.

131 614 278 664 Ceste,
303 615 437 655 decus
456 626 637 662 mensae,
658 613 794 654 misce
816 613 989 654 Setina:
1024 612 1196 654 videtur

187 683 294 737 Ipse
315 695 422 737 puer
443 682 587 731 nobis,
616 681 712 735 ipse
734 681 852 722 sitire
876 694 1018 734 caper.
1536 679 1593 721 20

130 751 218 792 Det
237 764 465 792 numerum
484 750 653 804 cyathis
676 748 865 790 Instanti
886 749 1011 790 litera
1034 748 1164 804 Rufi:

187 818 361 860 Auctor
382 820 498 860 enim
516 819 624 859 tanti
645 817 835 858 muneris
858 817 930 857 ille
952 817 1070 857 mihi.

130 887 179 929 Si
195 888 432 929 Telethusa
453 887 587 936 venit,
610 886 919 940 promissaque
942 885 1105 938 gaudia.
1123 888 1287 939 portat,

187 955 404 996 Servabor
425 955 630 1004 dominae,
654 953 788 1003 Rufe,
811 953 967 994 triente
991 958 1081 994 tuo.

129 1023 179 1065 Si
199 1023 336 1064 dubia
353 1026 436 1072 est,
458 1028 671 1076 Septunce
694 1021 840 1063 trahar
858 1035 867 1061 :
901 1021 939 1061 si
960 1021 1075 1062 fallit
1093 1025 1328 1070 amantem,

187 1089 250 1130 Ut
273 1089 473 1144 jugulem
495 1103 642 1140 curas,
663 1101 825 1129 nomen
845 1092 1076 1143 utrumque
1092 1089 1262 1131 bibam.

127 1201 336 1242 BIethymnaeo
349 1201 488 1241 pertavit
503 1210 579 1231 onus
592 1210 734 1231 sonorum
742 1210 798 1240 per
804 1201 927 1241 placida
943 1201 1054 1232 maria.
1080 1201 1153 1231 Non
1169 1210 1286 1231 servus
1303 1208 1342 1230 ex
1351 1208 1448 1239 grege
1459 1198 1591 1238 domini,

126 1245 179 1275 sed
194 1248 248 1275 tua
271 1254 392 1283 manus,
424 1254 443 1274 ο
469 1245 572 1281 Ceste,
589 1244 693 1282 tingat
708 1244 787 1273 mihi
809 1247 964 1283 proestans
979 1246 1091 1275 donum
1105 1244 1239 1284 pretioso
1260 1246 1393 1274 nectare.
1439 1242 1470 1272 Ο
1491 1243 1593 1280 Ceste,

124 1290 337 1318 ornamentum
361 1296 484 1325 mensae,
508 1286 652 1317 ministra
675 1286 803 1317 Setina:
827 1287 890 1326 ipse
907 1297 983 1327 puer
1009 1287 1131 1318 videtur
1145 1286 1231 1317 nobis
1245 1286 1350 1325 sitire,
1368 1289 1399 1316 et
1414 1286 1479 1326 ipse
1489 1295 1590 1325 caper.

127 1331 238 1361 Litera
255 1330 407 1361 Instantis
420 1329 493 1371 R'fi
505 1330 643 1369 assignet
659 1340 818 1361 numerum
830 1331 951 1370 cyathis
967 1340 977 1365 ‚·
999 1340 1072 1360 nam
1088 1330 1139 1360 ille
1154 1339 1201 1360 me
1216 1329 1322 1369 affecit
1335 1332 1422 1359 tanto
1440 1330 1528 1359 dono.
1555 1328 1593 1358 Si

129 1373 288 1404 Telethusa
311 1374 441 1412 accedit,
463 1376 554 1413 atque
569 1372 665 1413 aff'ert
676 1373 859 1413 promissam
881 1373 1040 1411 ketillum,
1064 1372 1210 1403 servabar
1232 1373 1377 1410 domium,
1402 1372 1525 1402 hausto
1540 1374 1592 1400 tuo

127 1416 254 1455 triente,
269 1426 288 1446 o
306 1416 400 1454 Rufe.
446 1415 483 1446 Si
508 1416 627 1446 incerta
649 1420 706 1452 est,
735 1415 877 1446 hauriam
892 1419 1091 1457 septuncem:
1114 1416 1142 1446 si
1162 1415 1278 1456 decipit
1294 1418 1460 1455 amantem,
1481 1413 1592 1455 potabo

124 1463 287 1500 utrumque
298 1469 417 1499 nomen,
430 1462 464 1489 ut
479 1459 639 1501 conficiam
654 1458 880 1489 solicitudines.

741 1533 760 1544 «e
764 1534 977 1544 ‘ew-‘sewun‘

128 1588 409 1620 Pulmanni.——l7
430 1588 554 1620 Imbuat
569 1590 728 1628 egregium
741 1589 871 1627 dignum
884 1589 1091 1620 Beverlandi
1106 1589 1173 1620 Ms.
1191 1592 1226 1619 et
1238 1588 1346 1619 codex
1362 1586 1588 1618 Florentinus·

127 1635 212 1662 -18
243 1632 410 1662 Gruterus
444 1642 486 1663 ex
517 1632 592 1663 cod.
623 1633 731 1672 legit:
765 1634 819 1662 sed
854 1636 907 1662 tua
936 1636 1021 1662 certa
1050 1642 1171 1670 manus,
1206 1633 1309 1670 Ceste,
1345 1631 1436 1660 decus
1466 1640 1589 1660 mensae.

127 1675 246 1706 Codex
268 1675 470 1705 Pulmanni:
499 1676 571 1706 Non
594 1686 667 1713 rogo
691 1677 743 1705 det
765 1675 913 1710 dominus,
937 1677 990 1705 sed
1015 1678 1079 1713 tua,
1099 1675 1199 1713 Ceste,
1223 1676 1430 1705 manus.—21
1454 1672 1523 1703 Pro
1536 1673 1592 1703 In-

127 1717 237 1754 stanti,
258 1717 382 1749 Junius
395 1722 429 1748 et
444 1718 613 1749 Gruterus
626 1717 808 1759 legendum
827 1724 971 1748 censent
983 1717 1234 1748 Instantis.——23
1251 1716 1368 1749 Codex
1384 1716 1565 1747 Puhnanui
1581 1726 1589 1746 ς

120 1761 334 1801 promissaque
354 1761 472 1800 gaudia
490 1760 628 1802 profert.

789 1803 930 1834 NOTAE

171 1870 210 1899 15
227 1867 282 1900 Sic
291 1868 516 1910 Methymnaeo]
532 1868 738 1909 Methymna
749 1868 832 1899 Les—

127 1921 161 1953 bi
199 1921 319 1952 insulae
345 1920 425 1952 urbs
462 1919 539 1958 fuit,
565 1921 675 1961 patria
710 1928 831 1959 nempe

128 1971 281 2011 Arionis,
310 1971 405 2011 cujus
428 1971 604 2002 historiam
636 1971 710 2011 lege
737 1968 829 2011 apud

129 2021 345 2052 Herodotum
358 2021 417 2052 lib.
429 2030 455 2052 1.

173 2075 213 2103 lo
240 2073 310 2103 Non
336 2072 467 2102 tacitum
487 2072 579 2112 onus]
603 2070 680 2102 Hoc
696 2073 760 2110 est,
783 2069 831 2110 ip-

130 2133 202 2155 sum
220 2122 348 2154 Ariona
361 2124 435 2164 lyra
451 2128 643 2154 canentem.

174 2177 212 2205 17
238 2174 361 2204 Imbuat
370 2173 544 2213 egregium]
564 2172 604 2202 In
623 2173 768 2213 phialam
782 2174 829 2205 vi·

130 2235 210 2256 num
237 2225 346 2265 primo
374 2223 531 2254 infundat
559 2233 626 2254 non
656 2225 764 2265 quivis
787 2234 828 2255 ex

131 2274 251 2316 servis,
278 2275 339 2306 sed
366 2275 488 2306 Cestus
518 2284 602 2315 puer
630 2273 829 2306 formosissi-

130 2336 215 2358 nius.

172 2379 213 2408 19
236 2376 337 2415 Misce
353 2376 480 2416 Setina]
503 2376 592 2407 Vina
618 2381 699 2408 nata
724 2376 829 2408 Setiae

130 2426 162 2458 in
180 2427 263 2458 urbe
280 2427 488 2468 Campaniae.

172 2479 214 2507 20
240 2477 311 2517 Ipse
333 2476 424 2517 puer]
459 2476 592 2517 Cupido
621 2476 764 2507 coelatus
796 2477 830 2507 in

132 2526 254 2567 phiala.

173 2579 212 2606 21
238 2577 303 2607 Det
317 2576 489 2617 numerum]
512 2578 568 2608 De
582 2587 676 2608 more
691 2577 830 2608 bibendi

131 2637 194 2668 pro
221 2636 360 2658 numero
387 2629 562 2660 literarum
589 2629 734 2660 nominis
753 2629 828 2660 vide

132 2678 188 2709 lib.
204 2686 228 2708 ι.
245 2677 345 2717 Epig.
359 2680 413 2709 72.

176 2728 314 2758 Instanti
340 2728 523 2770 [Instantis]
552 2729 643 2760 litera
660 2728 750 2769 Rufi]
768 2730 830 2761 Le-

134 2783 218 2819 gunt
248 2778 305 2808 alii
333 2777 470 2808 Instanti
503 2788 564 2818 pro
591 2779 756 2820 Instantii,
787 2780 829 2811 de

133 2838 198 2870 quo
210 2828 266 2859 lib.
281 2837 346 2860 vn.
364 2829 460 2868 Epig.
485 2831 537 2860 68.
553 2834 588 2860 et
603 2830 661 2861 lib.
687 2839 754 2862 xit.
777 2834 830 2862 96.

134 2879 295 2912 Attamen
323 2879 415 2921 prior
432 2879 534 2911 lectio
556 2881 669 2921 placet
693 2881 827 2913 Radere

887 1871 1032 1908 propter
1056 1870 1254 1908 sequentem
1279 1875 1430 1897 versum:
1456 1865 1514 1897 ‘Si
1531 1865 1590 1896 du-

888 1918 945 1949 bia
962 1923 1025 1959 est,
1039 1922 1207 1958 septunce
1224 1916 1363 1948 trahar.'
1399 1917 1483 1947 Cum
1501 1917 1591 1948 euim

888 1968 1035 1999 dominae
1049 1973 1164 1999 essent
1178 1973 1328 1999 venturae
1343 1968 1481 2009 parcius
1500 1967 1591 1999 bibe-

884 2020 971 2051 bant
987 2020 1128 2061 antiqui.
1153 2019 1226 2052 Lib.
1248 2029 1271 2050 1.
1297 2019 1398 2060 Epig.
1415 2022 1488 2051 107.
1533 2020 1590 2050 Id-

888 2070 980 2101 circo
998 2070 1081 2101 dicit
1098 2070 1228 2101 Poeta:
1259 2070 1295 2101 Si
1315 2070 1409 2101 venit
1425 2070 1588 2102 Telethu-

887 2130 936 2161 sa,
952 2121 1111 2152 trientem
1128 2126 1259 2152 tantum
1276 2121 1427 2152 hauriam
1445 2131 1507 2162 pro
1531 2131 1591 2152 nu-

885 2181 979 2203 mero
1007 2176 1152 2213 quatuor
1175 2172 1362 2211 literarum,
1380 2182 1461 2213 quas
1483 2171 1590 2204 habet

884 2222 961 2263 Rufi
987 2231 1110 2253 nomen
1135 2222 1168 2252 in
1193 2221 1372 2260 vocativo3
1397 2225 1433 2252 at
1466 2231 1544 2252 vero
1561 2222 1588 2252 si

884 2273 1053 2303 incertum
1067 2273 1122 2312 sit,
1145 2283 1221 2303 nuni
1235 2272 1276 2303 ad
1294 2283 1347 2303 me
1374 2277 1519 2304 ventura
1532 2274 1588 2312 sit,

883 2322 1036 2353 hauriam
1049 2327 1249 2363 septunceni
1267 2332 1328 2362 pro
1355 2332 1496 2353 numero
1512 2332 1589 2363 sep-

885 2378 955 2405 tem
968 2373 1143 2403 literarum
1162 2382 1246 2413 quas
1274 2372 1381 2403 habet
1397 2382 1518 2403 nomen
1534 2374 1588 2404 In-

884 2425 999 2454 stantis
1016 2423 1048 2453 in
1066 2427 1173 2455 recto.
1200 2423 1235 2454 Si
1247 2423 1422 2463 legeretur
1438 2425 1588 2463 Instanti,

885 2475 918 2505 in
947 2479 1044 2506 recto
1088 2477 1178 2504 esset
1209 2473 1404 2504 Instantius.-
1442 2474 1587 2504 dextan-

886 2530 955 2557 tem
978 2534 1058 2565 ergo
1085 2524 1220 2555 haurire
1249 2523 1405 2555 deberet.
1456 2525 1585 2555 Videat

884 2577 1006 2609 lector.
1062 2573 1223 2607 Difficilis
1247 2575 1329 2605 mihi
1357 2575 1492 2606 videtur
1518 2576 1585 2606 iste

884 2628 990 2658 locus.
1036 2626 1140 2657 Forte
1157 2625 1294 2656 Instans
1322 2630 1381 2656 aut
1398 2626 1587 2657 Instantius

885 2676 996 2709 Rufus
1010 2676 1201 2717 promiscue
1215 2675 1411 2707 dicebatur:
1428 2677 1479 2707 vel
1497 2676 1585 2707 alter

886 2733 972 2759 erat.

927 2783 969 2811 26
994 2780 1114 2810 Nomen
1136 2778 1314 2819 utrumque]
1338 2778 1416 2809 Hoc
1446 2783 1499 2810 est
1526 2788 1584 2809 un-

884 2831 994 2863 decim
1012 2830 1166 2871 cyathos,
1180 2840 1239 2860 seu
1257 2830 1436 2862 deuncem.
