1893 3225
558 214 965 245 1⁴:1'1GRAMMA'PUM
1007 217 1096 246 [ΑΒ.
1137 217 1238 247 xiv.
1513 208 1622 249 1023

877 373 925 413 C.

781 463 997 493 PANAGA.

169 530 218 570 Sl
242 543 325 570 non
348 531 494 581 ignota
512 534 577 570 est
594 529 715 570 docti
736 529 815 570 tibi
838 534 955 571 terra
976 528 1160 580 Catulli,

232 598 408 639 Potasti
429 601 543 638 testa
561 595 766 638 Rhaetica
786 597 888 637 vina
911 610 1021 638 mea.

211 704 247 733 St
260 713 318 733 non
335 703 460 741 ignoras
475 705 590 733 terram
606 702 721 733 eruditi
740 702 870 741 Catulli,
894 701 1001 735 bibisti
1019 704 1162 736 Rhoetz'ca
1178 704 1252 736 vina
1266 715 1332 736 mea
1348 708 1439 736 testa.

833 776 971 808 NOTAE

212 840 355 881 Panaca]
372 841 525 872 Panacos
553 841 697 881 populos
722 839 869 871 Rhaetiae
925 852 1010 874 sum.
1056 843 1238 875 Suetonius
1254 843 1287 874 111
1304 843 1460 883 Augusto
1477 852 1552 884 cap.
1568 846 1620 875 77.

166 891 311 923 affirmat
327 891 493 931 Raderus,
513 891 555 922 de
573 891 691 932 quibus
718 891 802 923 nihil
818 901 869 923 re·
924 895 933 910 ‘
945 894 990 925 Et
999 895 1145 925 maxime
1161 894 1352 926 delectatus
1369 899 1422 925 est
1441 894 1623 933 R11aetico,’

166 943 238 983 peri
253 953 262 980 ;
279 942 369 972 unde
382 941 521 973 Panaca
537 945 640 973 testa·
923 947 1045 987 supple
1062 946 1150 978 vino.
1196 947 1241 977 Et
1255 946 1418 987 virgilius
1432 955 1474 977 11.
1492 946 1621 986 Georg.

212 996 226 1023 l
256 992 351 1023 Terra
379 991 514 1032 Catulli]
544 991 715 1022 Veronam
745 1001 866 1033 nsque,
920 998 929 1013 ‘
946 997 992 1028 Et
1006 1007 1071 1039 quo
1085 1002 1120 1028 te
1135 997 1282 1028 carmine
1307 996 1431 1036 dicam,
1444 996 1619 1027 Rhaetica?

169 1044 311 1083 patriam
336 1043 475 1082 Catulli,
497 1042 696 1084 pertinebat
719 1043 864 1082 Rhaetia,
919 1057 982 1079 nee
998 1048 1093 1079 cellis
1105 1047 1181 1079 ideo
1194 1047 1362 1079 contende
1380 1046 1554 1078 Falernis!

167 1094 268 1125 hodie
291 1095 333 1125 les
357 1094 502 1134 Grismzs,
526 1094 581 1125 ubi
599 1095 711 1125 vinum
724 1103 864 1134 genero-

754 1340 840 1369 BOL
851 1340 1049 1370 ETARlA.

169 1411 280 1453 CUM
304 1410 408 1451 mihi
429 1410 567 1451 boleti
586 1407 784 1450 dederint
804 1411 891 1448 tam
912 1407 1067 1449 nobile
1088 1420 1260 1457 nomen,

223 1477 509 1528 Prototomis‚
530 1477 667 1532 pudet
686 1477 786 1526 heu,
810 1476 957 1517 servio
979 1475 1194 1518 coliculis.

209 1589 287 1619 Cum
303 1587 395 1636 boleti
410 1587 489 1618 mihi
503 1586 706 1628 imposuerint
721 1595 831 1617 nomen
846 1588 910 1616 tam
923 1588 1090 1626 praestans,
1106 1585 1180 1617 eheu
1194 1585 1349 1625 erubesco,
1371 1585 1470 1616 servio
1484 1583 1619 1615 coliculis

164 1641 265 1672 pruno
278 1640 414 1662 δαείη-818.

779 1680 1018 1692 oce-somme&

207 1731 227 1759 2
252 1726 420 1760 cauliculis
434 1727 467 1757 in
484 1736 591 1767 marg.
606 1725 661 1757 ed.
680 1726 810 1766 Langii.

819 1799 963 1832 NOTAE

212 1871 227 1899 1
255 1868 334 1899 Cum
347 1868 440 1908 mihi]
465 1867 599 1906 Nempe
628 1865 789 1897 aboletis
815 1865 865 1896 di·
919 1863 1061 1904 teneris,
1094 1867 1129 1894 et
1158 1862 1214 1904 qni
1242 1861 1341 1903 primi
1373 1861 1614 1893 succiduntur:

166 1919 256 1949 citur
273 1918 488 1958 boletarium,
515 1917 634 1958 patina
666 1916 801 1947 scilicet
829 1916 863 1946 in
917 1915 977 1946 lib.
991 1923 1025 1946 x.
1040 1913 1142 1954 Epig.
1160 1916 1212 1944 48.
1258 1912 1368 1943 Porro
1395 1910 1616 1952 conqueritur

165 1979 232 2009 qua
255 1969 362 2000 boleti
387 1968 610 2009 ponebantur.
658 1967 714 1998 De
741 1965 864 1998 boletis
917 1964 1131 2004 boletarium‚
1148 1962 1237 2005 quod
1260 1962 1364 1993 etiam
1385 1960 1549 1992 inserviat
1574 1959 1617 1989 ad

170 2019 249 2050 vide
266 2019 326 2050 lib.
343 2028 427 2051 xm.
454 2018 554 2059 Epig.
566 2020 620 2049 48.
918 2014 1076 2047 ferendos
1087 2013 1261 2053 coliculos,
1276 2012 1397 2044 boletis
1420 2012 1520 2051 longe
1536 2008 1618 2040 infe-

209 2072 229 2100 2
267 2068 474 2109 Prototomz's]
506 2067 585 2100 Hoc
610 2072 677 2107 est,
716 2066 866 2100 caulibus
920 2066 1038 2097 riores.

612 2280 816 2311 CALICES
850 2279 1178 2311 SURRENTINI.

175 2349 362 2390 Aecum
383 2362 468 2391 non
486 2349 563 2391 vili
583 2349 749 2389 calices
773 2348 827 2389 de
847 2348 1028 2401 pulvere
1048 2353 1201 2389 natos:

225 2417 312 2458 Sed
334 2417 598 2458 Surrentinae
618 2416 713 2457 leve
733 2420 931 2457 toreuma
948 2420 1074 2457 rotae.

208 2526 322 2567 Accipe
336 2527 445 2567 pocula
459 2536 519 2557 non
527 2526 619 2565 facta
634 2536 673 2558 ex
686 2526 741 2557 viti
754 2527 891 2568 pulvere,
913 2527 965 2558 sed
978 2527 1109 2567 politum
1120 2528 1258 2556 toreuma
1280 2525 1358 2553 rotoe
1373 2518 1580 2552 Surrentina>-

825 2611 857 2642 N
863 2610 964 2643 OTAE

212 2680 228 2707 1
252 2676 316 2708 Sed
339 2674 549 2714 Surrentium]
570 2674 783 2715 Surrentum,
810 2675 868 2707 alii
921 2680 1015 2708 terra
1029 2679 1080 2708 est
1096 2675 1225 2716 poculis
1238 2670 1454 2704 conficiendis
1472 2668 1611 2709 optima.

171 2728 370 2767 sumntum,
398 2725 653 2757 Picentium-um
675 2724 867 2766 urbsjuxta
919 2727 976 2758 De
992 2730 1182 2759 toreumate
1198 2724 1323 2756 dictum
1349 2721 1406 2753 lib.
1438 2728 1490 2751 lv.
1515 2717 1612 2758 Epig-

167 2778 381 2819 Tyrrhenum
393 2776 503 2816 Mare,
517 2774 619 2807 hodie
632 2774 796 2815 Surrento,
806 2775 863 2807 ubi
918 2780 970 2809 39.
