1893 3225
531 208 929 239 EPIGRAMMA'I'UM
971 208 1059 237 ltlss.

1095 209 1204 239 xm.
1518 201 1602 242 975

800 304 946 336 NOTAE

193 380 315 412 Garum
337 381 412 413 soci.
442 381 677 423 [scombrorum]
712 380 845 412 Plinius

145 432 203 463 lib.
219 440 326 464 xxxl.
352 442 428 473 cap.
445 435 477 463 7.
494 437 528 463 et
544 436 575 463 8.
600 431 703 463 Aliud
727 431 845 462 etiam-

145 492 225 513 num
254 483 394 523 liquoris
421 482 582 524 exquisiti
610 493 729 524 genus,
756 482 847 524 quod

147 542 250 573 garon
286 543 463 574 vocavere,
498 534 666 565 intestinis
696 533 850 574 piscium,

146 585 340 625 ceterisque
353 595 429 626 quae
447 584 638 625 abjicienda
653 589 768 616 essent
778 584 850 615 sale

148 635 343 673 maceratis,
366 639 404 665 ut
428 635 473 666 sit
495 635 553 666 illa
578 634 849 676 putrescentium

148 685 268 717 sanies.
318 685 395 716 Hoc
421 686 499 717 olim
531 686 779 718 conficiebatur
808 696 851 718 ex

149 736 253 777 pisce,
274 747 373 778 quem
400 737 514 769 Graeci
536 748 643 779 garon
669 738 851 770 vocabant.

150 786 250 817 Nunc
284 797 302 817 e
338 787 493 818 scombro
528 788 622 829 pisce
659 788 851 820 laudatissi-

148 846 239 867 mum
262 837 296 867 in
316 838 532 878 Carthaginis
551 839 729 880 spartaria:
757 844 851 871 ceta-

148 887 223 918 riis:
249 887 414 918 sociorum
429 889 461 919 id
478 890 679 930 appellatur.
701 890 851 931 Singulis

148 937 297 969 millibus
307 948 477 971 nummum
491 942 761 981 permutantibus
773 952 852 974 con-

900 380 972 420 gios
983 389 1080 421 paene
1090 381 1200 421 binos,
1213 383 1277 413 &m
1321 380 1390 412 Alii
1405 382 1524 422 legunt
1537 383 1605 414 Ga-

900 440 970 461 rum
993 431 1157 471 sociorum,
1175 436 1213 462 et
1233 431 1324 463 forte
1338 432 1458 464 melius
1484 442 1604 465 secun-

902 480 982 512 dum
999 481 1103 512 Plinii
1129 482 1246 521 verba,
1270 482 1499 523 Hispanorum
1516 486 1606 516 scili-

905 536 982 563 cet:
1008 541 1094 562 nova
1108 532 1198 563 enim
1215 534 1385 575 Carthago
1402 539 1454 566 est
1470 536 1503 566 in
1529 536 1608 568 His-

906 584 1005 625 pania
1020 585 1292 616 Tarraconensi:
1318 590 1354 617 et
1379 596 1480 626 supra
1506 587 1608 628 Epig.

905 639 957 668 40.
978 637 988 653 ‘
1001 636 1192 677 Hesperius
1204 635 1349 667 scombri
1363 641 1533 679 temperet
1546 648 1609 670 ova

906 686 1037 728 liquor.’

947 741 967 770 2
992 739 1101 770 Fasto.
1117 737 1307 779 [Famosum]
1321 738 1454 779 Legunt
1466 740 1522 771 alii
1541 741 1611 779 fus-

906 792 1016 830 tosnm,
1040 790 1119 831 quia
1150 789 1282 821 scilicet
1313 799 1431 821 munus
1460 797 1547 831 erat,
1572 797 1610 824 et

905 839 1042 882 quidem
1058 839 1217 871 divitibus
1232 839 1379 880 dignum.
1400 841 1526 874 Videat
1541 843 1610 875 lec-

906 896 972 924 tor.

821 1133 951 1176 CIII.

772 1224 999 1254 MURIA.

160 1294 551 1343 ANTIPOLITANI,
572 1293 730 1342 fateor,
750 1305 848 1332 sum
870 1291 962 1333 filia
983 1292 1138 1346 thynni
1156 1306 1166 1333 z

211 1361 372 1403 Essem
392 1362 430 1402 si
453 1361 662 1411 scombri,
683 1373 773 1402 non
794 1360 876 1401 tibi
896 1361 1034 1401 missa
1052 1360 1206 1402 forem.

200 1478 484 1519 Fatew,sumfilia
495 1477 608 1519 thynni
624 1476 838 1518 Antipolitani
851 1488 860 1508 :
883 1477 913 1507 si
927 1487 1022 1508 essem
1036 1477 1178 1517 scombri,
1189 1478 1229 1508 ad
1244 1480 1275 1508 te
1287 1486 1345 1508 non
1360 1477 1513 1509 mitterer.

771 1561 883 1572 eeeeee

888 1561 1001 1572 eeeeee

200 1618 359 1659 Amphora
370 1618 479 1649 murice
500 1617 620 1659 Cujac.
637 1621 672 1650 et
689 1617 794 1649 Scriv.
812 1620 847 1648 et
869 1615 1003 1648 Arond.
1019 1619 1055 1647 et
1078 1614 1128 1647 sic
1141 1615 1196 1647 ed.
1214 1614 1319 1646 Barb.
1342 1624 1416 1656 quae
1429 1619 1520 1646 amat
1537 1624 1615 1646 suas

159 1668 275 1703 partes
287 1663 357 1693 sola
370 1662 552 1701 sustinere,
564 1666 599 1693 et
615 1661 657 1692 ab
673 1661 745 1692 aliis
760 1660 840 1692 edd.
857 1660 1066 1700 discrepare.

816 1756 956 1788 NOTAE

203 1822 326 1863 Maria]
348 1823 555 1864 Liquaminis
580 1832 685 1863 genus
706 1822 797 1864 quod
818 1832 862 1854 ex
917 1826 985 1854 tur.

159 1875 296 1915 thynnis
313 1873 461 1914 piscibus
485 1873 743 1905 conficiebatur.
790 1873 861 1905 An·

159 1925 396 1966 tipolis‚hodie
413 1925 541 1965 Antioc,
563 1924 644 1956 urbs
665 1930 718 1956 est
736 1925 858 1957 Galliae

162 1975 408 2014 Narbonensis,
424 1975 513 2007 unde
529 1975 650 2016 thynni
667 1973 858 2007 offereban-

959 1876 979 1904 2
1006 1873 1111 1903 Essem
1125 1872 1167 1913 si]
1188 1871 1265 1903 Hoc
1282 1873 1346 1909 est,
1371 1870 1406 1901 Si
1432 1880 1540 1901 essem
1558 1881 1615 1911 gae

917 1933 1004 1963 rum,
1028 1923 1071 1954 de
1085 1932 1151 1964 quo
1167 1931 1282 1963 supra,
1294 1930 1361 1952 non
1378 1921 1420 1951 ad
1438 1926 1473 1952 te
1490 1930 1617 1962 paupe·

916 1982 999 2015 rem,
1014 1974 1076 2005 sed
1092 1972 1135 2004 ad
1149 1972 1292 2004 divitem
1312 1971 1481 2003 mitterer.

699 2251 800 2282 MEL
834 2251 1074 2281 ATTICUM.

166 2322 275 2363 Hoc
298 2322 377 2364 tibi
396 2321 560 2362 Thesei
578 2320 839 2375 populatrix
860 2320 981 2360 misit
1001 2318 1203 2372 Hymetti

225 2390 433 2431 Pallados
453 2401 480 2430 a
502 2388 642 2443 sylvis
659 2388 808 2430 nobile
830 2391 980 2430 nectar
1000 2387 1114 2442 apis.

209 2512 289 2552 Apis
300 2509 482 2552 populatrix
498 2509 645 2550 Hymetti
659 2509 766 2542 Tnesei
781 2510 821 2541 ad
835 2512 866 2541 te
888 2508 989 2540 mittit
1012 2510 1067 2540 hoc
1086 2510 1240 2549 praestans
1251 2508 1357 2537 nectar
1376 2515 1416 2537 ex
1436 2505 1530 2545 sylvis
1545 2504 1618 2535 Paz-

168 2557 265 2587 ludos.

822 2604 963 2637 NOTAE

215 2676 229 2703 1
246 2671 353 2703 Thesei
365 2669 528 2711 Hymetti]
547 2669 678 2701 Montis
690 2669 723 2700 in
734 2669 864 2710 Attica,

169 2723 216 2755 sic
233 2722 315 2753 dicti
331 2732 351 2752 a
365 2721 495 2752 Theseo
510 2719 724 2751 Atheniensi.

213 2776 232 2804 2
257 2773 404 2804 Pallados
429 2781 448 2801 α
474 2769 583 2812 sylvis]
618 2768 746 2802 Atticae
775 2769 865 2801 enim

919 2668 1083 2710 praesidet
1098 2668 1221 2700 Pallas.

962 2720 1074 2751 Nobile
1092 2717 1213 2758 nectar]
1247 2717 1323 2748 Hoc
1348 2720 1412 2753 est,
1433 2715 1501 2746 mel
1528 2715 1620 2748 Atti-

920 2779 995 2802 cum
1006 2768 1153 2801 omnium
1168 2764 1494 2808 praestantissimum.
