1893 3225
530 255 937 285 EmeAMMA'rUM
974 254 1066 285 [ΑΒ.
1099 255 1168 286 ix.
1501 247 1583 287 681

128 353 298 406 Excipe
320 351 517 393 solicitos
540 351 734 405 placide,
757 364 854 391 mea
877 351 1007 400 dona,
1027 351 1201 392 libellos
1220 366 1228 392 :
1559 355 1585 393 ὃ

182 421 252 461 Tu
274 421 407 461 fueris
431 419 580 460 Musis
604 419 793 471 Pegasis
815 419 932 460 unda
952 421 1074 460 meis.

128 488 435 542 Nympharum
454 487 632 541 templis
653 488 860 541 quisquis
883 501 966 528 sua
988 488 1183 529 carmina
1204 489 1354 538 donat,

185 556 307 607 Quid
328 555 420 596 fieri
442 556 566 596 libris
587 555 759 605 debeat,
781 556 881 609 ipse
905 560 1066 597 monet.

128 677 226 716 magis
238 681 322 717 optet
337 687 432 718 aquas
444 677 607 714 Baianas‚·
629 677 740 709 leniter
754 678 859 719 accipe
874 679 985 710 anxios
997 679 1089 710 libros
1103 690 1169 710 mea
1183 690 1325 711 munera.-
1348 683 1381 710 tu
1389 680 1493 717 fueris
1507 682 1587 710 unda

133 721 262 759 Pegasis
283 721 357 751 meis
378 720 491 751 Musis.
540 720 690 762 Quisquis
713 722 767 753 dat
788 733 857 753 suos
878 732 984 754 versus
998 722 1124 763 templis
1152 723 1383 764 Nympharum,
1408 724 1471 764 ipse
1488 728 1585 754 mouet

131 764 203 803 quid
219 763 261 794 sit
274 764 428 803 agendum
441 765 478 794 de
490 763 591 796 libris.

744 828 979 840 eeeeeeeeeeee

130 867 229 895 mouet
248 865 404 895 Pulman.

791 908 932 939 NOTAE

173 976 191 1002 5
217 971 377 1012 solicitos]
401 972 452 1003 De
463 972 597 1013 judicio
613 972 743 1004 Sabini.
885 974 966 1004 novi
980 972 1086 1005 fontis
1103 978 1236 1005 nostras
1252 975 1409 1015 pervenit
1423 975 1465 1006 ad
1479 985 1591 1013 aures,

174 1027 194 1054 6
218 1024 350 1063 Pegasis
358 1023 456 1064 unda]
481 1024 558 1056 Hoc
569 1030 623 1056 est
638 1036 646 1056 :
672 1025 723 1056 Te
740 1025 830 1056 exis·
885 1025 984 1056 Dura
994 1024 1162 1056 Medusaei
1174 1035 1274 1066 quem
1291 1026 1454 1067 praepetis
1468 1027 1593 1066 ungula

130 1073 258 1104 tinnabo
285 1073 534 1115 Hippocrenen
558 1074 690 1107 fontem
721 1076 831 1107 Musis
888 1075 1005 1116 rupit!

131 1134 277 1165 sacrum,
308 1135 408 1166 quem
435 1127 589 1167 Pegasus
622 1128 750 1168 ungula
774 1138 834 1159 sua
933 1132 953 1159 8
979 1127 1063 1162 Quid
1079 1127 1173 1169 fieri]
1223 1127 1392 1159 Nimirum
1420 1128 1453 1158 in
1484 1128 1592 1159 undas

132 1177 291 1217 aperuit:
316 1178 406 1209 unde
436 1183 473 1209 et
499 1178 611 1209 Musae
636 1179 739 1210 dietae
757 1183 836 1210 sunt
889 1179 1092 1220 mergendos
1104 1189 1189 1218 esse,
1202 1179 1229 1211 si
1246 1179 1496 1219 displicuerint.

132 1229 335 1269 Pegasides.
358 1230 504 1261 Ovidius
520 1230 609 1262 Met.
626 1240 673 1262 lv.
700 1232 708 1248 ‘
730 1230 834 1262 Fama

816 1372 925 1413 LX.

668 1474 719 1504 ΙΝ
755 1473 1068 1504 MAMURRAM.

139 1541 194 1581 IN
219 1541 359 1594 septis
381 1540 608 1584 Mamurra
628 1542 704 1584 diu
724 1543 997 1596 multumque
1019 1549 1228 1595 vagatus,

196 1607 286 1649 Hic
307 1608 385 1649 ubi
408 1608 556 1651 Roma
576 1623 682 1651 suas
705 1623 839 1651 aurea
860 1615 995 1650 vexat
1014 1623 1138 1663 opes,

138 1675 341 1729 Inspexit
359 1678 517 1719 molles
536 1692 713 1732 pueros,
737 1679 967 1732 oculisque
989 1677 1204 1734 comedit:

197 1744 303 1785 Non
322 1745 419 1796 hos,
441 1759 555 1800 quos
577 1747 731 1800 primae
752 1747 1012 1801 prostituere
1034 1759 1176 1797 casae3

140 1812 226 1852 Sed
245 1826 359 1867 quos
380 1827 556 1857 arcanae
577 1820 751 1857 servant
771 1815 969 1858 tabulata
989 1819 1192 1863 catastae,
1573 1825 1601 1852 ὓ

198 1880 255 1923 Et
276 1895 386 1935 quos
406 1896 495 1924 non
518 1884 731 1937 populus,
753 1896 836 1924 nec
857 1896 954 1924 mea
975 1883 1101 1923 turba
1124 1882 1254 1923 videt.

141 1947 250 1988 Inde
271 1953 406 1999 satur,
424 1964 617 2002 mensas,
640 1956 686 1992 et
706 1955 890 2005 opertos
912 1950 1037 1992 exuit
1058 1951 1200 2000 orbes,

197 2016 557 2073 Expositumque
578 2020 667 2060 alte
688 2020 854 2073 pingue
876 2019 1087 2074 poposcit
1106 2019 1215 2060 ebur
1236 2033 1245 2059 z

186 2138 351 2169 Mamurra
366 2139 421 2170 diu
435 2142 466 2170 et
480 2140 610 2170 multum
626 2141 760 2178 vagatus
774 2138 808 2169 in
823 2138 929 2178 septis,
952 2137 1002 2168 hic
1014 2137 1066 2168 ubi
1084 2137 1185 2168 Roma
1207 2147 1303 2168 aurea
1326 2140 1419 2168 vexat
1434 2147 1505 2168 suas
1520 2147 1602 2177 opes,

143 2182 276 2213 intuitus
298 2186 344 2213 est
359 2186 483 2213 teneros
497 2191 620 2222 pueros,
641 2185 673 2213 et
687 2182 774 2222 paz-it
797 2182 918 2212 oculos.-
939 2191 1000 2211 non
1019 2190 1060 2211 ex
1079 2180 1130 2211 his
1150 2190 1223 2220 quos
1245 2189 1412 2220 exposuere
1428 2181 1540 2221 primoe
1557 2184 1603 2210 ta-

143 2226 246 2256 bernoe
256 2235 268 2261 ;
290 2226 343 2256 sed
357 2235 432 2265 quos
446 2226 624 2256 custodiunt
639 2226 778 2256 tabulata
798 2228 924 2256 secreta>
946 2227 1086 2263 catastae,
1108 2227 1139 2255 et
1156 2233 1230 2264 quos
1252 2233 1314 2254 non
1327 2226 1447 2264 spectat
1467 2224 1610 2263 populus,

119 2278 197 2305 ‚nec
227 2279 295 2300 mea
322 2268 424 2300 turba.
469 2269 592 2300 Deinde
620 2270 754 2299 satiatus
776 2269 893 2299 retexit
919 2277 1052 2307 mensas,
1075 2270 1166 2307 atque
1192 2265 1278 2297 orbes
1299 2270 1434 2306 opertos,
1458 2270 1489 2297 et
1511 2266 1605 2306 petiit

801 2342 941 2375 NOTAE

191 2423 206 2451 l
232 2420 269 2451 In
285 2418 396 2461 septis]
420 2420 461 2452 In
475 2430 596 2461 campo
614 2429 738 2461 nempe
755 2420 847 2451 Mar·
904 2427 976 2449 rum
986 2418 1131 2459 juvenes
1146 2418 1248 2458 longo
1265 2417 1390 2458 premit
1403 2426 1515 2448 assere
1532 2418 1607 2448 Me-

148 2471 195 2502 tio
225 2476 324 2502 erant
347 2476 459 2512 septa,
492 2471 536 2503 de
564 2472 686 2514 quibus
719 2471 778 2503 lib.
805 2481 846 2503 11.
904 2470 976 2509 dos,
1031 2470 1193 2500 Emturus
1245 2478 1378 2510 puer05‚
1417 2473 1608 2508 argentum,

150 2521 250 2562 Epig.
268 2524 319 2553 14.
904 2519 1097 2561 Myrrhina,
1119 2519 1242 2551 villas)

190 2575 210 2603 2
239 2573 341 2604 Vexat
353 2573 439 2614 opes]
453 2574 547 2605 Dum
562 2573 849 2614 nempemanibus
947 2574 965 2601 5
990 2570 1052 2601 Sed
1067 2569 1155 2610 quos]
1184 2570 1325 2602 Catasta
1351 2570 1506 2601 machina
1532 2575 1607 2601 erat

150 2628 394 2664 attrectantur,
409 2630 637 2665 ostentantur,
663 2629 766 2666 atque
783 2624 850 2655 illis
906 2622 1019 2663 lignea
1049 2621 1082 2652 in
1123 2632 1190 2663 qua
1226 2622 1316 2653 servi
1349 2621 1609 2662 exponebantur

151 2674 297 2715 pretium
310 2673 474 2706 defertur.
519 2675 608 2706 Vide
621 2675 681 2708 lib.
699 2684 735 2706 x.
749 2675 850 2716 Epig.
906 2674 1055 2704 venales.
1099 2673 1210 2714 Supra
1226 2673 1328 2714 Epig.
1352 2675 1405 2703 30.
1430 2677 1466 2703 et
1481 2672 1540 2702 lib.
1559 2681 1609 2702 vx.

150 2730 202 2757 80.
906 2723 1006 2764 Epig.
1020 2726 1073 2755 29.

194 2780 213 2807 3
240 2777 381 2817 Inspexit
402 2778 520 2819 molles]
551 2779 656 2810 Quasi
688 2784 851 2810 emturus.
950 2778 970 2805 6
994 2774 1064 2806 Nec
1079 2785 1145 2806 mea
1160 2774 1266 2814 turba]
1291 2775 1367 2806 Hoc
1381 2780 1446 2815 est,
1461 2785 1525 2807 nec
1542 2781 1609 2807 tur-

152 2828 326 2861 Juvenalis
351 2829 422 2860 Sat.
440 2837 505 2860 vu.
523 2831 597 2861 132.
620 2829 628 2845 ‘
646 2830 780 2871 Perque
803 2828 852 2861 fo·
910 2825 954 2857 ba
969 2835 1156 2867 pauperum
1171 2825 1251 2856 mihi
1268 2825 1437 2857 similium.
