1893 3225
533 232 935 262 ni‘icssAMMA'ruM
974 232 1066 261 ms.
1101 233 1171 262 ix.
1503 221 1585 263 641

809 369 901 410 IX.

635 460 701 489 AD
736 459 979 490 DOMITIAN
992 460 1075 490 UM.

128 527 386 576 TANQUAM
412 539 549 582 parva
570 526 681 567 soret
702 539 835 568 sexus
856 526 1015 580 injuria
1034 526 1172 566 nostri

188 595 442 636 Foedandos
464 595 633 648 populo
655 594 936 648 prostituisse
957 606 1126 644 mares;

126 662 155 703 J
160 676 227 702 am
249 676 375 704 cunae
396 663 562 703 lenonis
585 666 723 712 erant,
745 666 792 703 ut
812 662 869 702 ab
890 662 1025 702 ubere
1045 665 1197 715 raptus

185 731 377 772 Sordida
398 730 551 783 vagitu
573 733 779 783 posceret
801 742 890 770 aera
910 742 1030 782 puer.

128 797 374 839 Immatura
395 797 558 838 dabant
578 796 783 837 infandas
805 808 995 849 corpora
1014 807 1185 849 poenas.

185 865 290 906 Non
312 866 414 906 tulit
435 863 663 906 Ausonius
684 864 792 905 talia
817 868 1014 904 monstra
1032 869 1181 917 pater:

128 932 252 973 Idem
275 933 350 986 qui
372 934 530 973 teneris
551 945 692 986 nuper
715 931 934 974 succurrit
952 932 1150 985 ephebis,

185 1000 255 1040 Ne
274 1000 439 1041 faceret
460 1001 631 1041 steriles
653 1013 773 1041 saeva
794 1001 934 1041 libido
955 1001 1089 1041 viros.

125 1066 334 1109 Dilexere
356 1068 474 1121 prius
495 1069 635 1120 pueri,
651 1067 941 1122 juvenesque,
963 1079 1202 1121 senesque:

179 1133 243 1176 At
261 1147 379 1175 nunc
400 1134 593 1175 infantes
613 1140 659 1175 te
683 1147 876 1188 quoque,
898 1134 1067 1186 Caesar,
1091 1124 1253 1175 amant.
1527 1133 1584 1174 10

1557 796 1585 835 <51

168 1244 267 1279 Quasi
281 1248 358 1275 esset
377 1254 475 1284 parva
489 1244 606 1283 injuria
618 1253 710 1275 sexus
725 1243 838 1282 nostri,
857 1243 1044 1283 prostituere
1064 1244 1174 1284 populo
1195 1251 1294 1273 mares
1308 1239 1561 1273 contaminandos
1570 1251 1583 1277 ‚-

116 1285 187 1325 jam
196 1287 345 1318 cunabula
358 1287 555 1327 pertinebant
570 1289 610 1318 ad
622 1288 770 1324 lenonem,
783 1289 819 1316 ut
835 1295 913 1325 puer
927 1290 1050 1326 ereptus
1064 1287 1102 1316 ab
1117 1286 1208 1316 ubere
1221 1288 1339 1324 peteret
1355 1287 1477 1324 turpem
1491 1293 1581 1323 pecu-

123 1331 207 1360 nium
222 1340 280 1360 suo
297 1331 414 1370 vagitu.
462 1331 599 1370 Corpora
620 1331 788 1360 immatura
805 1329 929 1359 luebant
938 1339 1044 1369 poenas
1064 1328 1224 1363 infandas.
1267 1327 1368 1358 Pater
1391 1326 1496 1356 Italia:
1522 1336 1583 1356 non

120 1382 228 1413 passus
242 1376 287 1403 est
299 1374 376 1404 talia
390 1376 533 1413 portenta
547 1384 556 1404 .·
578 1374 660 1403 idem
676 1372 730 1412 qui
741 1381 836 1411 nuper
856 1371 998 1402 subvenit
1013 1371 1156 1402 delicatis
1166 1369 1282 1410 pueris,
1294 1379 1331 1400 ne
1342 1369 1474 1399 crudelis
1486 1368 1581 1399 libido

114 1416 239 1453 sacer-et
266 1416 386 1446 steriles
415 1415 510 1447 viros.
556 1416 667 1454 Pueri,
683 1415 827 1454 juvenes,
852 1417 883 1445 et
904 1423 991 1445 senes
1006 1416 1187 1445 amaverunt
1213 1416 1244 1443 te
1269 1415 1362 1443 antea
1375 1421 1387 1448 ;
1408 1413 1463 1442 sed
1486 1421 1577 1451 nunc,

124 1468 143 1489 ο
173 1460 292 1499 Caesar,
315 1458 453 1496 infantes
471 1458 564 1489 etiam
587 1459 724 1497 diligunt
748 1461 790 1488 te.

756 1508 974 1520 eeeeeeeeeee

166 1557 184 1585 3
208 1555 284 1585 Jam
299 1564 380 1585 curae
396 1553 505 1585 codex
520 1554 702 1585 Pulmanni
718 1564 726 1593 ;
752 1558 787 1584 et
811 1554 858 1585 sic
875 1553 961 1594 legit
979 1553 1150 1584 Gruterus
1166 1559 1208 1581 ex
1224 1549 1343 1581 codice
1368 1548 1582 1580 Palatino.—

124 1601 143 1628 8
168 1598 282 1628 Codex
300 1597 502 1628 Pulmanni:
528 1607 610 1628 sceva
624 1598 719 1628 libido
743 1606 855 1628 mares.
900 1596 989 1627 Vide
1008 1596 1096 1626 Stat.
1112 1594 1206 1635 Sylv.
1226 1602 1285 1624 111.
1302 1592 1345 1624 de
1361 1591 1580 1623 Domitiano:

124 1642 133 1657 ‘
152 1640 309 1672 Nondum
325 1640 463 1680 pulchra
484 1639 603 1679 ducis2'
618 1642 685 1671 ἃς.

780 1680 928 1713 NOTAE

169 1749 184 1777 1
213 1746 371 1786 Tanquam
381 1746 494 1787 pari-11]
519 1745 632 1785 Hujus
649 1745 827 1786 Epigram-
930 1747 950 1775 6
973 1743 1130 1774 Ausonius
1144 1740 1249 1782 pater]
1274 1738 1502 1771 Domitianus.

123 1799 220 1829 matis
233 1797 322 1829 idem
339 1803 391 1829 est
407 1802 644 1838 argumentum
668 1806 707 1828 ac
726 1796 826 1837 Epig.
926 1797 944 1825 7
968 1793 1132 1824 Succurrit
1148 1789 1286 1832 ephebis]
1324 1789 1379 1820 Ne
1395 1793 1586 1820 castraren-

124 1851 159 1878 6.
178 1856 291 1888 supra.
883 1848 958 1875 tur:
981 1853 1085 1884 supra
1099 1841 1202 1883 Epig.
1215 1844 1291 1873 6.et
1302 1839 1363 1871 lib.
1376 1848 1426 1870 vx.
1437 1839 1538 1880 Epig.
1551 1841 1582 1870 2.

638 2045 705 2074 AD
740 2041 1076 2073 BlTHYNlcUM.

125 2114 223 2156 Nu,
245 2115 326 2156 tibi
345 2113 510 2166 legavit
523 2111 715 2160 Fabius,
737 2109 986 2164 Bithynice,
1006 2108 1077 2149 cui
1098 2112 1145 2149 tu

181 2182 358 2231 Annua,
379 2182 417 2222 si
436 2179 632 2228 memini,
655 2178 796 2219 millia
816 2189 925 2217 sena
947 2176 1102 2216 dabas.

126 2250 234 2291 Plus
254 2249 359 2289 nulli
381 2247 504 2288 dedit
524 2247 598 2287 ille
615 2260 624 2287 τ
654 2245 791 2299 queri,
812 2243 1062 2296 Bithynice,
1083 2240 1198 2282 noli:

180 2315 341 2358 Annua
360 2315 526 2369 legavit
545 2314 686 2355 millia
705 2325 809 2355 sena
829 2312 924 2354 tibi.

168 2416 199 2447 O
213 2415 395 2457 Bithynice,
409 2414 525 2446 Fabius
539 2413 618 2444 nihil
629 2411 687 2443 tibi
699 2410 828 2450 legavit,
840 2409 891 2440 cui
904 2412 937 2439 tu
950 2407 1083 2439 donabas
1093 2415 1149 2437 sex
1164 2405 1264 2454 nzitlia
1278 2414 1392 2444 annua,
1404 2403 1432 2434 si
1446 2402 1584 2451 mem-ini.

127 2458 186 2489 lue
215 2459 292 2489 nulli
319 2457 445 2490 donavit
474 2459 566 2498 plus.-
591 2455 622 2487 Ο
655 2454 836 2494 Bithynice,
873 2452 937 2483 noli
961 2450 1122 2490 conqueri:
1157 2448 1218 2479 tibi
1247 2449 1363 2487 legavit
1395 2455 1450 2477 sex
1483 2446 1583 2477 millia

128 2510 242 2532 annua.

739 2545 977 2559 mmo-enee

171 2595 283 2636 Hujus
310 2594 570 2636 Epigrammatis
595 2593 780 2625 lectionem
809 2600 873 2622 non
907 2590 1037 2621 variant
1065 2587 1271 2618 membranae
1297 2588 1357 2616 aut
1381 2583 1461 2614 libri
1487 2582 1582 2623 prelo

128 2638 256 2670 excusi.

783 2675 926 2708 NOTAE

176 2737 191 2764 4
216 2733 329 2764 Annua
341 2731 471 2771 legavit]
495 2733 579 2764 Qua‘
598 2737 633 2763 tu
649 2731 828 2773 quotannis
885 2730 984 2759 nares
1000 2738 1006 2758 2
1034 2736 1109 2757 nam
1128 2725 1289 2764 deinceps
1301 2722 1381 2753 nihil
1397 2720 1547 2752 donabise

131 2782 260 2813 solebas
274 2782 320 2812 illi
336 2781 476 2819 donare,
491 2786 527 2811 ut
545 2781 604 2811 tibi
628 2791 703 2812 eum
720 2780 830 2811 conci·

218 2835 376 2874 De11›h.et
399 2834 472 2864 Vur.
491 2833 573 2863 Clas.
793 2832 941 2862 martiar,
1432 2828 1451 2855 2
1475 2826 1496 2854 S
