1893 3225
224 204 335 246 1034
700 216 749 245 M.
784 215 894 246 vm„
928 216 1203 247 MART1Ams

684 442 924 472 LACERNAE
956 443 1224 473 COCOENEAE.

225 508 273 549 S1
299 507 488 559 Veneto,
510 508 752 551 Prasinove
772 511 912 561 faves,
936 512 1042 566 quid
1065 513 1249 553 coccina
1270 513 1439 554 sumis?

281 575 353 617 Ne
374 576 457 617 fias
477 577 567 618 ista
588 578 818 632 transfuga
839 585 970 629 sorte,
992 580 1109 621 vide.

214 720 245 761 fi
266 677 305 708 Si
319 679 423 709 studes
440 676 647 710 factionibus
666 679 788 719 Veneti,
801 682 855 710 aut
868 679 1011 719 Prasiai,
1024 689 1079 710 cur
1094 680 1198 711 induis
1211 679 1356 714 coccina?
1371 681 1455 713 Cave
1466 691 1502 713 ne
1518 682 1686 722 transfuga

247 731 281 751 as
295 721 357 752 ista
372 721 507 762 optione.

833 774 1072 787 eeeeeeeeeeee

259 817 401 848 Coccinoe
416 817 509 848 malit
528 817 706 849 Conradus
725 819 912 858 Gesnerus,
927 819 1016 861 quod
1030 819 1133 850 etiam
1151 819 1183 850 in
1201 820 1268 854 Ms.
1285 821 1483 852 Beverl.—-l
1509 821 1578 853 Pro
1595 822 1686 862 vulg.

221 860 315 900 quic.
329 861 425 892 sumis
441 860 518 892 cod.
535 861 671 892 Beverl.
688 862 761 902 quid
775 872 802 893 c.
818 865 995 894 sumes.—-2
1019 863 1116 894 Fiant
1133 863 1164 893 in
1180 873 1288 905 marg.
1306 864 1361 896 ed.
1382 865 1463 896 Par.
1478 867 1572 896 1617.

882 943 1022 975 NOTAE

266 1009 279 1037 1
299 1004 337 1036 Si
353 1004 483 1046 Veneto]
503 1005 559 1037 De
572 1005 622 1037 his
635 1006 839 1038 factionibus
854 1007 923 1039 dic-
981 1017 1047 1038 una
1063 1008 1237 1049 vincente,
1258 1010 1356 1042 alteri
1373 1011 1564 1042 acclamare
1580 1015 1684 1052 atque

222 1060 292 1088 tum
307 1056 365 1087 lib.
383 1065 418 1087 x.
445 1056 544 1096 Epig.
560 1059 614 1088 48.
639 1057 742 1088 Color
757 1057 923 1088 Prasinus
979 1057 1065 1089 adeo
1083 1059 1259 1101 transfuga
1274 1060 1347 1092 fieri
1364 1066 1512 1103 poterat.

221 1111 274 1138 est
303 1106 434 1145 viridis,
457 1107 609 1138 Venetus
633 1117 713 1138 vero
730 1109 921 1139 coeruIeus:
1022 1111 1041 1139 2
1066 1109 1134 1140 Ista
1155 1111 1252 1151 sorte]
1280 1112 1356 1142 Hoc
1387 1115 1452 1151 est,
1478 1112 1591 1143 electa
1618 1110 1683 1142 hac

220 1157 277 1199 qui
291 1167 372 1198 ergo
390 1162 518 1188 vestem
532 1158 728 1189 coccineam
745 1157 924 1198 induebat,
980 1158 1116 1190 lacerna
1145 1162 1313 1202 coccinea,
1340 1172 1404 1203 qua
1420 1162 1608 1193 utebantur
1630 1171 1684 1192 ve-

220 1208 332 1240 neutri
348 1207 488 1240 factioni
504 1208 622 1240 favere
648 1209 848 1241 videbatur:
876 1210 925 1240 sic
982 1214 1073 1241 teres
1091 1211 1134 1242 ad
1151 1212 1337 1244 arcendum
1354 1212 1459 1254 frigus
1471 1217 1506 1244 et
1522 1213 1686 1254 pluviam.

818 1353 1093 1396 CXXXII.

854 1442 1047 1473 PILEUS.

222 1508 272 1549 S:
297 1522 493 1562 possem,
516 1514 636 1551 totas
658 1522 865 1563 cuperem
885 1512 1060 1552 misisse
1081 1512 1311 1554 lacernas:

282 1576 415 1618 Nunc
437 1581 606 1618 tantum
630 1578 767 1632 capiti
791 1591 972 1619 munera
992 1579 1120 1620 mitto
1144 1585 1233 1621 tuo.

264 1676 300 1707 Si
308 1686 441 1718 possem,
455 1682 597 1718 optarem
613 1679 739 1711 mittere
752 1683 832 1711 totas
844 1680 1003 1712 lacernas.-
1027 1691 1107 1713 mmc
1120 1683 1211 1713 mitto
1227 1683 1382 1714 duntaxat
1398 1683 1477 1714 dona
1492 1686 1544 1714 tuo
1558 1683 1665 1725 capiti.

832 1755 1068 1766 eeeeeeeeeeee

264 1785 410 1817 Teiueum
426 1786 499 1817 cod.
515 1787 644 1819 Thuan.

883 1832 913 1864 N
921 1832 1030 1865 OTAE

265 1896 279 1923 l
306 1892 344 1924 Si
358 1894 489 1934 possem]
515 1894 762 1936 Paupertatem
781 1902 925 1929 excusat
1023 1900 1042 1928 2
1059 1897 1166 1937 Capiti
1181 1897 1325 1937 munera]
1343 1897 1475 1928 Pileum
1494 1897 1683 1938 nempe‚de

221 1953 348 1984 egenus
362 1944 453 1986 quod
467 1955 532 1976 non
543 1945 659 1977 mittat
672 1946 838 1987 lacernas,
852 1947 924 1989 qui·
981 1956 1047 1988 quo
1065 1947 1210 1978 diximus
1226 1947 1283 1979 lib.
1299 1957 1349 1979 Χι.
1366 1948 1467 1990 Epig.
1479 1951 1512 1980 7.

221 1994 282 2026 bus
300 2000 408 2027 totum
425 2005 549 2037 corpus
568 1996 637 2037 tegi
655 2003 783 2038 posset.

811 2133 1110 2176 CXXXIII.

709 2223 957 2254 LACERNAE
993 2224 1206 2254 BAETmAE.

222 2286 334 2328 NON
358 2292 425 2328 est
441 2288 542 2330 lana
564 2289 671 2330 mihi
692 2291 898 2342 mendax,
915 2305 994 2333 nec
1010 2298 1161 2333 mutor
1180 2291 1318 2333 aeno:

277 2355 327 2396 Si
348 2355 559 2409 placeant
578 2357 744 2412 Tyriae,
765 2372 834 2399 me
854 2373 952 2400 mea
974 2360 1109 2401 tinxit
1129 2360 1243 2400 ovis.

265 2456 338 2486 Non
350 2455 444 2486 habeo
459 2456 722 2497 lanamfucvsam,
737 2468 790 2489 nec
802 2457 910 2497 fingor
925 2458 999 2488 ‹1‘0'710
1010 2469 1020 2489 .·
1045 2458 1099 2488 hoc
1116 2459 1203 2489 modo
1214 2461 1318 2497 gratoe
1333 2458 1397 2489 sint
1413 2458 1528 2499 Tyria’,
1547 2460 1684 2490 colorata

219 2508 288 2529 sum
304 2509 324 2529 a
336 2509 403 2530 mea
418 2508 483 2530 ove.

264 2587 283 2615 2
308 2584 404 2625 Sicp.
424 2585 454 2615 in
475 2584 552 2617 edd.
569 2586 729 2627 antiquis,

883 2629 1022 2661 NOTAE

268 2683 281 2710 ι
310 2680 384 2711 Non
409 2684 455 2712 est
485 2682 570 2723 Inna]
603 2683 659 2715 De
685 2683 762 2714 lana
793 2683 926 2715 Baetica
1021 2686 1041 2714 2
1066 2683 1103 2713 δι’
1127 2682 1215 2724 [Sic]
1239 2682 1396 2724 placeant]
1418 2683 1494 2714 Hoc.
1517 2687 1582 2720 est,
1608 2688 1681 2714 esto

222 2730 280 2761 ub.
295 2739 320 2761 1.
339 2730 442 2771 Epig.
460 2734 511 2762 97.
529 2737 563 2762 et
581 2732 641 2763 lib.
660 2742 736 2763 vm.
756 2733 856 2773 Epig.
872 2736 925 2763 28.
981 2735 1115 2774 placeat
1133 2734 1209 2766 lana
1226 2735 1329 2775 Tyria
1343 2733 1470 2765 infecta
1486 2743 1645 2775 purpura.

224 2791 297 2821 quae
316 2782 430 2813 nativo
453 2793 512 2813 suo
527 2783 638 2814 colore
659 2789 731 2814 erat
749 2784 885 2815 nobili&
