1893 3225
265 202 353 244 978
748 213 796 241 M.
833 213 942 243 vA1..
982 213 1260 244 MARTlALis

808 497 1139 527 SURRENTINU
1151 498 1198 527 M.

271 563 610 605 SURRENTINA
631 563 784 605 bibis?
815 578 892 605 nec
913 565 1133 619 myrrhina
1154 566 1296 619 picta,
1318 579 1399 607 nec
1423 580 1579 607 aurum

327 631 487 672 Sume:
521 630 690 672 dabunt
711 631 874 673 calices
896 632 994 674 haec
1015 633 1095 673 tibi
1117 635 1223 674 vina
1249 647 1370 674 suos.

316 741 413 771 Potas
428 739 631 782 Surrentina,
646 751 701 772 nec
717 742 821 782 accipe
832 742 995 773 mun-rhina
1005 742 1103 783 picta,
1117 754 1171 775 nec
1186 754 1295 775 aurum
1306 756 1316 775 :
1332 746 1396 776 haec
1412 746 1484 776 vina
1497 745 1735 786 suppeditabunt

271 784 331 815 tibi
342 793 399 815 sua
413 784 534 824 pocula.

932 828 1074 859 NOTAE

317 894 333 922 1
360 890 563 932 Surrentina]
585 890 718 922 Plinius
734 891 792 923 lib.
812 901 889 924 xlv.
905 902 979 934 cap.

273 945 302 973 6.
327 941 437 973 ‘Item
455 942 656 973 Surrentina
672 942 706 972 in
722 942 829 973 vineis
847 947 980 974 tautum

272 995 463 1034 nascentia,
491 995 806 1027 convalescenthus
835 997 980 1028 maxime

273 1046 430 1086 probata,
446 1050 593 1086 propter
608 1046 811 1078 tenuitatem
839 1047 981 1078 salubri-

273 1102 460 1138 tatemque.
514 1098 673 1128 Tiberius
700 1098 818 1130 Caesar
844 1099 982 1131 dicebat

274 1147 486 1178 consensisse
504 1147 668 1189 medicos,
699 1153 738 1180 ut
764 1148 979 1181 nobilitatem

275 1197 478 1228 Surrentino
493 1197 637 1229 darent:
663 1197 811 1240 alioquin
828 1209 902 1230 esse
924 1211 979 1241 ge-

276 1257 433 1280 nerosum
449 1253 596 1280 acetum.
632 1249 671 1280 C.
686 1249 817 1290 Caesar,
833 1250 890 1292 qui
906 1260 978 1282 suc·

1036 894 1138 925 cessit
1154 895 1215 934 illi,
1231 895 1379 927 nobilem
1400 896 1568 937 vappam!

1080 947 1148 977 Nec
1163 947 1339 987 myrrhina]
1367 947 1441 978 Hoc
1454 952 1516 983 est,
1527 946 1648 988 pocula
1660 948 1740 978 Sur-

1037 997 1184 1036 rentina,
1207 997 1326 1028 fictilia
1352 1007 1487 1038 nempe,
1514 998 1637 1029 idonea
1662 1002 1741 1029 sunt

1035 1046 1076 1078 ad
1094 1047 1278 1079 bibendum
1293 1048 1403 1079 vinum
1417 1049 1667 1088 Surrentinum,
1678 1058 1740 1080 nec

1038 1107 1121 1138 opus
1138 1103 1190 1129 est
1208 1099 1389 1139 myrrhiuis
1412 1109 1473 1130 nec
1498 1099 1608 1130 aureis
1625 1098 1741 1130 calici-

1036 1148 1110 1187 bus,
1137 1149 1178 1180 de
1205 1150 1323 1191 quibus
1352 1150 1412 1181 lib.
1437 1159 1515 1181 Xiv.
1541 1150 1644 1191 Epig.
1669 1152 1740 1181 113.

1035 1199 1235 1231 Surrentum
1263 1210 1341 1231 vero
1364 1201 1442 1231 urbs
1467 1205 1518 1232 est
1546 1200 1741 1231 Picentino-

1034 1259 1119 1290 rum,
1134 1260 1199 1282 non
1216 1251 1315 1292 longe
1339 1250 1382 1282 ab
1398 1250 1481 1282 urbe
1497 1250 1656 1292 Neapoli.

946 1392 1083 1434 CXI.

874 1482 1173 1513 FALERNUM.

285 1551 359 1591 DE
385 1550 674 1592 Sinuessanis
694 1555 910 1593 venerunt
934 1550 1138 1592 Massica
1158 1551 1339 1604 praelis:

340 1618 534 1660 Condita
556 1631 643 1672 quo
665 1619 827 1672 quaeris
845 1619 1055 1660 consule?
1088 1619 1237 1660 nullus
1262 1625 1371 1661 erat.

323 1728 462 1760 Massica
475 1730 572 1760 alluta
585 1731 655 1760 sunt
672 1738 710 1760 ex
729 1729 839 1770 praelis
855 1729 1065 1761 Sinuessanis.
1113 1730 1219 1768 Rogas
1241 1739 1298 1770 quo
1313 1730 1432 1761 consule
1454 1728 1583 1762 fuerint
1599 1728 1744 1762 condita?

290 1772 405 1803 Nullus
418 1775 496 1803 erut.

944 1815 1084 1847 NOTAE

328 1882 343 1909 1
368 1879 420 1910 De
443 1878 659 1920 Sinuessanis]
685 1879 819 1910 Plinius
844 1880 903 1910 lib.
932 1890 990 1911 111.

283 1940 359 1972 cap.
385 1934 418 1961 5.
453 1930 653 1971 ‘Oppidum
684 1931 846 1962 Sinuessa
877 1937 991 1963 extre-

283 1993 374 2014 mum
400 1982 434 2012 iu
451 1982 590 2022 adjecto
608 1982 720 2022 Latio,
737 1993 836 2024 quam
853 1983 988 2024 quidam

285 2034 433 2074 Sinopen
447 2033 563 2064 dixere
576 2033 783 2065 vocitatam.’
807 2033 904 2064 Idem
921 2034 988 2064 Pli-

285 2084 360 2115 nius
384 2083 444 2114 lib.
463 2092 541 2115 ΧΠ.
558 2093 636 2124 cap.
652 2086 684 2114 6.
709 2085 718 2101 ‘
733 2084 894 2115 Falernus
911 2095 992 2125 ager

285 2145 305 2166 a
336 2139 439 2175 ponte
471 2134 646 2175 Campano
676 2135 761 2166 laeva
793 2136 992 2176 petentibus

285 2185 451 2217 urbanam
482 2185 651 2216 coloniam
682 2185 856 2226 Syllanam
885 2196 994 2226 nuper

287 2237 415 2278 Capuae
445 2236 674 2268 contributam
706 2237 852 2277 incipit.'
895 2237 994 2271 Idem

285 2287 418 2319 Plinius
434 2286 494 2318 lib.
509 2296 565 2319 111.
577 2297 653 2329 cap.
665 2290 695 2318 5.
720 2287 886 2319 Massicos
901 2297 992 2319 mon-

1047 1886 1100 1911 tes
1117 1890 1136 1911 a
1161 1880 1313 1911 Falernis
1336 1880 1536 1920 distinguit:
1560 1881 1569 1897 ‘
1584 1880 1648 1911 His
1668 1881 1747 1922 jun-

1045 1935 1171 1971 guntui·
1199 1931 1348 1970 Falerni,
1376 1931 1502 1962 Caleni.
1547 1931 1641 1962 Dein
1667 1940 1748 1962 con-

1044 1988 1187 2022 surgunt
1201 1982 1355 2022 Massici,
1366 1982 1532 2020 Gaurani,
1544 1982 1751 2012 Surrentini—

1044 2043 1109 2074 que
1138 2032 1295 2064 montes!
1352 2032 1462 2064 Po'e'ta
1493 2037 1606 2063 tamen
1635 2033 1748 2062 vinum

1046 2085 1226 2115 Falernum
1244 2094 1263 2114 a
1289 2083 1438 2115 Massico
1459 2093 1526 2114 non
1557 2083 1749 2123 distinguit,

1048 2135 1136 2176 quod
1154 2144 1233 2165 sane
1251 2140 1342 2165 esset
1359 2144 1452 2175 aeque
1471 2143 1683 2172 generosum.

1092 2188 1111 2216 2
1137 2186 1251 2215 Nullus
1267 2184 1349 2224 erat]
1373 2185 1428 2216 sie
1445 2183 1684 2224 liyperbolinffis
1701 2183 1748 2213 in—

1049 2238 1122 2269 nuit
1138 2237 1250 2268 Poe'ta
1272 2236 1499 2268 vetustissima
1524 2246 1597 2267 esse
1614 2235 1685 2267 haec
1705 2236 1752 2266 vi-

1049 2298 1092 2319 na
1108 2289 1268 2320 Massica.

943 2438 1102 2480 CXII.

869 2528 891 2558 s
911 2529 936 2558 E
952 2529 980 2557 T
998 2529 1010 2557 1
1028 2529 1057 2557 N
1078 2529 1105 2558 U
1127 2529 1177 2557 M.

291 2597 470 2639 PENDU
480 2606 540 2636 LA
565 2595 826 2649 Pomptinos
848 2608 949 2649 quae
974 2601 1149 2649 spectat
1171 2596 1293 2637 Setia
1314 2610 1518 2653 campOS‚

348 2664 527 2718 Exigua
546 2663 721 2704 vetulos
741 2664 863 2704 misit
884 2664 940 2704 ab
964 2665 1068 2705 urbe
1090 2665 1244 2706 cados.

337 2785 477 2816 Pendula
506 2784 604 2823 Setia,
634 2795 700 2824 (ματ
723 2781 835 2824 'cis-picit
860 2795 952 2824 agros
977 2786 1139 2825 Pontinos,
1164 2787 1250 2817 misit
1275 2785 1312 2816 ab
1347 2786 1420 2817 urbe
1442 2796 1537 2826 partu
1560 2788 1650 2817 cados
1672 2788 1750 2817 sem·-

296 2837 373 2859 (We-3-
