1893 3225
230 211 315 251 876
677 220 724 249 Μ.
760 221 869 250 vm„
906 222 936 249 M
948 224 971 250 A
986 221 1098 250 κϊιΑ
1111 221 1183 251 ms

909 415 1019 455 VII.

821 517 883 547 DF.
919 516 1104 545 morsm.

349 595 485 636 To'ro
510 596 675 637 vertice
699 601 808 649 quot
827 595 936 647 gerit
957 595 1160 649 capillos,

348 664 506 705 Annos
529 664 568 704 si
591 667 657 704 tot
675 663 811 704 habet
831 663 1001 716 Ligeia,
1026 663 1156 704 trima
1177 667 1258 704 est.

279 785 318 817 Si
336 785 431 825 Ligia
447 784 536 816 habet
553 788 598 815 tot
615 794 723 824 annos,
745 788 814 825 quot
832 785 933 816 crines
945 787 1052 824 gestat
1067 788 1130 815 toto
1148 786 1272 824 vertice,
1296 785 1428 815 triennis
1443 788 1499 816 est.

543 1065 590 1094 IN
629 1065 837 1096 COMMEN
849 1066 1035 1096 DATION
1047 1066 1111 1096 EM
1147 1067 1384 1098 TRAJANI.

350 1143 642 1184 TERRARUM
669 1144 767 1185 Dea
788 1145 1070 1198 gentiumque
1099 1145 1264 1195 Roma,

354 1210 435 1251 Cui
458 1224 537 1264 par
556 1217 627 1252 est
647 1212 770 1263 nihil,
791 1219 836 1254 et
851 1213 959 1254 nihil
978 1214 1237 1263 seeundum,

352 1279 535 1334 Trajani
555 1280 688 1322 modo
711 1281 818 1323 laeta
840 1295 941 1323 cum
962 1282 1136 1324 futuros

352 1347 441 1389 Tot
460 1362 538 1402 per
559 1351 728 1392 saecula
750 1356 1028 1405 computaret
1049 1364 1202 1402 annos,

354 1415 410 1457 Et
428 1416 599 1467 fortem,
613 1418 928 1473 juvenemque,
953 1418 1253 1474 Martiumque
1672 1421 1700 1461 5

358 1483 411 1523 In
434 1488 556 1526 tanto
579 1485 688 1527 duce
709 1487 895 1527 militem
916 1487 1110 1538 videret;

356 1551 487 1593 Dixit
507 1553 701 1606 praeside
721 1554 919 1607 gloriosa
939 1555 1043 1596 tali:

355 1618 620 1662 Parthorum
642 1635 863 1675 proceres,
887 1623 1114 1678 ducesque
1137 1623 1309 1673 Serum,

355 1687 568 1739 Thraces,
589 1689 883 1741 Sauromatae,
904 1691 1049 1742 Getae,
1072 1691 1292 1741 Britanni,

357 1756 552 1798 Possum
572 1757 806 1800 ostendere
829 1758 1084 1811 Caesarem3
1115 1759 1277 1802 venite.

287 1877 388 1908 Roma
403 1877 474 1909 Dea
488 1880 644 1909 terrarum
659 1882 689 1909 et
702 1878 874 1916 nationum,
895 1879 945 1909 cui
958 1879 1038 1910 nihil
1053 1882 1099 1910 est
1110 1890 1169 1920 par
1188 1883 1219 1912 et
1233 1880 1313 1911 nihil
1333 1882 1512 1921 secundum,
1533 1890 1602 1912 cum
1617 1881 1704 1911 modo

243 1921 353 1951 hilaris
367 1923 557 1961 computaret
581 1931 676 1952 annos
689 1920 817 1958 futuros
841 1921 973 1960 Trajmzi
996 1932 1051 1962 per
1071 1926 1115 1953 tot
1141 1924 1264 1961 soecula,
1286 1928 1317 1954 et
1341 1927 1494 1964 spectaret
1521 1924 1651 1955 militem
1673 1927 1706 1954 et

244 1964 367 2001 (ortem,
387 1967 417 1994 et
434 1964 593 2003 juvenem,
615 1968 645 1995 et
661 1965 817 1995 Martium
832 1965 863 1996 iu
878 1968 966 1995 tanto
983 1965 1176 2005 Imperatore
1189 1977 1200 2003 ;
1222 1967 1307 1998 dixit
1322 1967 1454 2008 superba
1469 1968 1526 1998 tale·
1551 1968 1646 1998 duce:
1670 1966 1702 1997 Ο

245 2016 388 2047 proceres
408 2006 613 2046 Parthorum,
635 2008 727 2038 duces
752 2008 877 2046 Serum,
902 2008 1047 2049 Thraces,
1069 2007 1276 2050 Sauromatoe,
1302 2010 1406 2052 Getae,
1432 2011 1600 2050 Britanni,
1623 2019 1706 2040 acce·

245 2050 324 2089 dite,
341 2059 466 2090 possum
483 2050 577 2081 vobis
593 2054 766 2082 monstrare
784 2051 954 2082 Caesarem.

859 2147 1095 2159 eeeeeeeeeeee

289 2181 308 2209 8
330 2177 484 2220 Syrorum
502 2179 708 2211 Beverlandi
723 2179 792 2212 Ms.

907 2251 937 2283 N
944 2251 1046 2283 OTAE

291 2329 311 2357 8
337 2327 542 2368 Parthorum]
574 2328 668 2361 Quos
700 2328 789 2359 bello
815 2338 955 2369 supera·
1054 2331 1093 2359 10
1119 2327 1245 2368 Venite]
1266 2328 1392 2359 Pacem
1410 2326 1544 2358 scilicet
1558 2326 1708 2358 oraturi:

252 2383 349 2409 verat
382 2379 560 2418 Trajanils.
625 2379 788 2419 Duc-esque
825 2379 952 2420 Serum]
1008 2378 1118 2409 habeo
1134 2379 1221 2409 enim
1247 2378 1441 2418 Traianum,
1466 2377 1598 2418 quivos
1621 2387 1708 2408 ame

250 2428 429 2460 Cluverius
445 2427 505 2458 lib.
524 2438 558 2459 v.
583 2438 652 2459 suae
680 2428 952 2460 Introductionis
1008 2428 1208 2460 deficientes
1223 2429 1391 2468 castigare
1408 2427 1548 2469 poterit.
1571 2428 1625 2460 De
1643 2428 1708 2459 vir·

249 2488 327 2519 cap.
343 2481 374 2510 2.
398 2478 547 2509 Sericam
573 2478 748 2519 Scythiam
770 2479 869 2510 hodie
891 2480 953 2510 Ca·
1010 2479 1140 2510 tutibus
1155 2478 1292 2520 Trajani
1308 2477 1382 2510 fuse
1398 2478 1658 2520 Pliniusjunior
1676 2477 1710 2509 in

251 2531 329 2561 taiae
347 2539 486 2570 regnum
503 2539 577 2561 esse
594 2529 691 2561 dicit.
734 2530 787 2561 De
808 2539 952 2571 sequen-
1010 2539 1069 2561 suo
1093 2529 1319 2571 Panegyrico.

251 2580 343 2611 tibus
362 2580 496 2621 populis
512 2581 638 2622 saepius
655 2585 770 2613 actum
786 2591 900 2623 supra.
