1924 3225
591 248 810 279 EPIGRAM
822 249 1001 280 MATUM
1038 250 1132 279 Lm.
1170 250 1255 280 vll.

1544 239 1628 280 533

851 433 974 474 LIV.

683 524 732 552 lN
769 523 1107 554 NASIDlssNUM.

165 592 369 634 SEMPER
390 605 518 633 mane
540 591 647 632 mihi
668 591 722 632 de
747 605 813 632 me
835 606 957 633 mera
979 592 1156 634 somnia
1176 605 1340 643 narras,

225 660 342 711 Quae
364 664 573 701 moveant
595 660 800 708 animum,
824 660 1131 714 solicitentque
1152 674 1309 701 meum.

163 729 268 771 Jam
288 730 408 784 prior
428 729 484 770 ad
505 728 675 778 faecem,
695 729 771 769 sed
793 734 838 769 et
858 729 954 770 haec
980 730 1204 771 vindemia
1224 729 1371 781 venit;

223 797 390 839 Exorat
408 799 559 838 noctes
582 797 687 838 dum
708 797 814 837 mihi
837 811 944 851 saga
965 802 1079 838 tuas.

165 864 400 906 Consumsi
423 865 650 918 salsasque
672 865 829 913 molas,
853 872 894 905 et
917 865 1055 906 thuris
1079 879 1291 906 acervos:
1601 866 1628 906 5

223 933 470 974 Decrevere
493 945 659 986 greges,
684 932 789 973 dum
810 932 931 973 cadit
955 947 1065 985 agna
1088 933 1312 987 frequens.

165 999 271 1042 Non
291 1014 468 1054 porcus,
489 1014 578 1041 nou
599 1001 731 1043 cortis
750 1014 872 1050 aves,
893 1014 979 1041 non
1002 1015 1088 1042 ova
1111 1007 1360 1055 supersunt.

220 1066 313 1110 Aut
333 1070 483 1122 vigila,
505 1075 582 1111 aut
601 1069 754 1119 dormi,
776 1069 1034 1119 Nasidiene,
1059 1071 1152 1111 tibi.

209 1191 336 1233 Semper
352 1201 440 1224 mane
455 1192 586 1233 exponis
600 1192 678 1223 mihi
700 1201 787 1223 mera
802 1192 922 1222 somnia
939 1194 975 1222 de
992 1203 1049 1231 me,
1065 1204 1131 1233 (111oe
1148 1194 1273 1231 agitant
1294 1198 1386 1235 atque
1401 1198 1518 1235 angant
1544 1204 1628 1225 men-

162 1238 224 1266 tem
240 1245 348 1266 meam.
394 1236 469 1265 dam
484 1235 570 1275 prior
579 1235 746 1272 vindemia,
762 1237 814 1266 secl
828 1238 857 1265 et
873 1237 936 1265 hoec
951 1239 1074 1266 reducta
1099 1241 1143 1267 esu*
1162 1236 1332 1277 adsument,
1348 1240 1421 1268 dum
1432 1248 1508 1277 suga
1521 1239 1627 1277 placat

163 1277 238 1308 mihi
251 1281 320 1309 tuas
345 1281 457 1309 noctes.
504 1278 649 1308 Exhausi
665 1282 694 1309 et
716 1278 813 1309 salsus
835 1282 942 1314 molus,
957 1283 1048 1318 atque
1066 1290 1190 1309 acerras
1206 1280 1328 1312 thuris:
1350 1291 1462 1321 greges
1478 1280 1628 1312 diminuti

166 1324 251 1358 sunt,
279 1322 349 1352 dum
364 1321 470 1352 crebra
486 1331 568 1358 agna
583 1321 770 1351 immolatur.

166 1363 197 1395 Ο
211 1364 397 1405 Nasidium,
407 1367 461 1395 aut
477 1364 586 1405 vigila,
601 1367 655 1395 aut
671 1365 771 1395 dormi
783 1364 854 1396 tibi.

820 1321 893 1351 Non
913 1331 1036 1361 porcus,
1063 1333 1121 1353 ηυιι
1138 1332 1208 1353 (ωε-ς
1224 1324 1332 1363 cortis,
1348 1334 1408 1355 non
1423 1334 1480 1355 ova
1494 1326 1626 1354 restant.

776 1439 1018 1450 meaeueoae-ee

208 1485 225 1513 1
250 1482 367 1514 Codex
384 1482 563 1514 Pulmanni
577 1483 737 1514 exhibet:
764 1485 802 1514 de
824 1495 870 1515 me
886 1489 939 1515 tua
965 1485 1082 1515 somnia
1107 1496 1240 1522 narras,-
1265 1490 1301 1517 et
1318 1485 1366 1517 sic
1383 1487 1487 1517 etiam
1502 1486 1627 1516 Bever-

165 1525 259 1556 laudi
276 1525 343 1556 Ms.
368 1525 508 1566 Cetera,
523 1526 556 1556 in
573 1526 635 1557 hoc
654 1527 911 1567 Epigrammate
926 1530 1016 1558 nulla
1032 1534 1086 1559 est
1103 1529 1258 1559 lectionis
1275 1529 1433 1560 varietas.

826 1613 967 1644 NOTAE

210 1680 227 1708 1
253 1676 379 1718 Semper
409 1686 497 1707 mane
524 1674 618 1715 mihi]
652 1677 701 1707 Ut
731 1686 872 1707 munera

167 1732 326 1767 captaret
352 1737 371 1758 a
387 1727 510 1766 Poe'ta,
536 1726 744 1758 Nasidienus
767 1726 872 1767 finge-

166 1778 227 1809 bat
239 1778 341 1818 plena
352 1778 494 1808 terroris
506 1777 646 1815 somnia,
657 1788 730 1818 quae
745 1778 872 1818 aliquid

165 1828 247 1859 mali
284 1828 528 1868 portenderent
551 1828 722 1859 Martiali:
771 1833 872 1868 atque

167 1879 283 1911 abillo
299 1879 399 1910 modo
416 1879 507 1918 thus,
524 1879 622 1910 modo
645 1879 758 1909 vinum
778 1885 872 1919 pete-

167 1929 229 1961 bat
243 1928 287 1960 ad
300 1939 341 1960 ea
357 1929 536 1970 placanda.
581 1928 673 1962 Quid
699 1935 812 1960 autem
829 1929 871 1960 de

168 1981 306 2012 somniis
323 1980 536 2012 crediderint
549 1980 695 2022 antiqui,
705 1980 783 2011 vide
797 1981 871 2011 Ma-

167 2030 321 2062 crobium
338 2031 524 2062 in‘Somnio
540 2031 719 2071 Scipionis.

211 2084 229 2112 3
253 2083 328 2112 Jam
343 2081 444 2123 prior]
467 2082 592 2113 Vinum
605 2082 787 2123 superioris
799 2083 872 2113 vin-

169 2132 290 2165 demiae
307 2138 344 2165 et
367 2133 641 2175 hornotinaejam
658 2140 873 2165 consumtum

927 1682 991 1709 est.

970 1731 989 1758 4
1017 1729 1139 1758 Exorat
1159 1727 1277 1768 noctes]
1316 1727 1356 1759 Id
1375 1732 1440 1768 est,
1456 1728 1536 1760 dum
1550 1739 1631 1771 saga

928 1778 1045 1817 expiat
1063 1777 1210 1808 infausta
1229 1784 1287 1808 tua
1299 1779 1442 1809 somnia.

969 1833 986 1859 5
1016 1829 1176 1859 Consumsi
1192 1828 1361 1869 salsasque]
1384 1828 1631 1868 In'sacrificiis,

926 1889 998 1919 quae
1016 1878 1144 1909 fiebant
1156 1880 1195 1908 ad
1211 1889 1308 1909 omen
1323 1879 1459 1920 aliquod
1473 1885 1632 1910 averten-

926 1929 1017 1968 dum,
1039 1930 1171 1969 antiqui
1191 1929 1400 1961 adhibebant
1416 1929 1542 1969 vinum,
1557 1928 1632 1960 hos'-

928 1980 1024 2017 tiam,
1054 1981 1143 2018 thus,
1170 1984 1204 2010 et
1231 1980 1335 2010 salsas
1358 1980 1476 2020 molas,
1502 1980 1536 2011 id
1567 1985 1632 2020 est,

928 2031 980 2062 far
993 2038 1115 2062 tostum
1134 2037 1166 2061 et
1186 2032 1254 2061 sale
1271 2031 1426 2062 mixtum.

972 2086 991 2113 8
1016 2083 1080 2113 Aut
1097 2084 1196 2112 dormi
1213 2082 1287 2122 tibi]
1327 2082 1404 2114 Hoc
1421 2086 1487 2123 est,
1503 2086 1563 2113 aut
1588 2080 1631 2113 de

929 2138 963 2165 te
980 2134 1111 2164 somnia
1124 2140 1181 2164 tuo
1194 2133 1328 2165 damno.

854 2296 951 2338 LV.

712 2387 763 2417 IN
799 2387 1085 2418 CHRESTUM.

340 2457 510 2499 NULm
533 2468 733 2505 munera,
757 2455 956 2505 Chresto,
979 2456 1019 2495 si
1039 2454 1241 2505 remittis,

342 2526 441 2567 Nec
456 2526 586 2566 nobis
604 2524 790 2574 dederis,
811 2523 1144 2576 remiserisque3

344 2592 533 2634 Credam
555 2596 597 2634 te
615 2592 723 2633 satis
745 2604 844 2632 esse
865 2592 1101 2632 liberalem.

347 2659 436 2700 Sed
458 2661 497 2701 si
519 2659 668 2702 reddis
689 2659 869 2714 Apicio,
894 2659 1129 2712 Lupoque,

829 2758 974 2791 NOTAE

214 2827 235 2856 4
258 2822 382 2865 Apicio,
394 2822 552 2864 Lupoque,
576 2823 647 2864 Cym]
680 2823 917 2866 Turpitudinis
933 2828 1001 2855 tuae
1014 2822 1184 2855 ministris.
