1893 3225
218 244 302 285 750
695 254 742 282 u.
777 253 887 283 VAL.
923 253 1196 283 MARTmms

220 350 374 390 Omnis
394 350 449 390 ab
473 350 638 389 urbano
660 349 780 389 venit
801 349 855 389 ad
878 362 996 390 mare
1017 362 1146 390 coena
1166 348 1377 389 macello:

277 417 526 458 Callaicum
549 417 737 458 mandas
758 419 797 457 si
818 418 924 470 quid
946 417 1001 457 ad
1025 416 1271 457 Oceanum.
1617 418 1673 459 20

218 529 265 558 dit
280 528 428 567 superbus
443 531 534 568 capta
548 533 657 559 marte.
705 529 816 558 Omnis
841 539 926 559 coerm
953 528 1087 568 affertur
1102 528 1139 558 ab
1167 527 1280 558 urbano
1308 528 1431 558 macello
1457 529 1496 559 ml
1523 538 1622 560 mare:
1648 531 1679 560 si

219 572 292 611 quid
308 574 435 602 mandas
450 574 489 602 ad
505 582 649 602 oceanum
667 571 850 607 Callaicum,
874 581 946 602 sum
966 571 1193 612 profecturus.

830 665 1065 678 ‘omum

221 722 305 753 Not.
322 722 490 752 Van-19
518 720 608 752 Venit
625 731 692 752 mea
709 720 785 752 cod.
803 721 985 753 Pulmann.

880 815 1020 846 NOTAE

219 879 341 910 animal
373 878 454 909 satis
488 885 617 909 notum.
680 879 813 918 Legunt
851 879 921 917 alii,
975 884 1105 911 nustus.

219 934 308 970 capta
324 930 410 967 mele,
427 928 574 967 Gallice,
591 928 739 965 blaireau,
763 929 833 960 chat
850 939 920 959 suu-
1020 933 1059 961 19
1085 930 1194 961 Omnis
1222 929 1275 971 ab]
1307 929 1346 961 In
1373 930 1474 961 Italia
1498 930 1608 971 pisces
1636 941 1677 962 ex

220 991 305 1020 ruge,
319 980 439 1017 foiiine.
976 980 1059 1012 urbe
1073 982 1113 1012 ad
1131 981 1226 1012 villas
1239 981 1342 1012 etiam
1361 981 1546 1012 maritimas
1564 980 1678 1012 ferun-

263 1031 436 1072 Superbus]
461 1031 567 1063 Quasi
591 1030 709 1071 praeda
732 1032 860 1071 optima
887 1041 920 1061 o-
976 1038 1042 1063 tur.

802 1232 1107 1274 XXXVIII.

720 1334 800 1362 An
854 1333 1181 1363 CALENUM.

335 1411 373 1452 O
399 1423 595 1452 MoLLEs
618 1412 700 1453 tibi
721 1411 991 1465 quindecim,
1007 1411 1189 1461 Calene,

335 1479 463 1529 Quos
486 1493 584 1521 cum
606 1479 814 1532 Sulpicia
837 1484 914 1520 tua
929 1479 1106 1533 jugales

334 1546 531 1588 Indulsit
549 1548 674 1588 Deus
698 1551 741 1587 et
762 1546 931 1600 peregit
950 1559 1115 1587 annos:

335 1614 374 1654 Ο
396 1627 483 1656 nox
503 1615 646 1655 omnis
668 1618 710 1655 et
729 1613 851 1663 hora,
873 1627 973 1667 quae
991 1617 1142 1654 notata
1164 1620 1233 1654 est

339 1682 467 1724 Caris
487 1683 651 1724 littoris
674 1682 818 1723 Indici
838 1682 1007 1736 lapillis
1024 1683 1032 1723 Ξ
1656 1679 1683 1718 5

336 1750 374 1790 O
398 1765 497 1804 quae
520 1751 694 1804 praelia,
710 1764 822 1805 quas
844 1751 1061 1804 utrimque
1081 1763 1253 1804 pugnas

335 1818 468 1860 Felix
483 1819 694 1869 lectulus,
718 1822 763 1859 et
778 1819 959 1859 lucerna
979 1818 1091 1859 vidit

335 1886 515 1928 Nimbis
537 1888 657 1928 ebria
682 1886 981 1927 Nicerotianis
1000 1886 1008 1926 !

332 1955 506 1996 Vixisti
527 1956 683 2004 tribus,
706 1968 732 1996 o
753 1955 939 2003 Calene,
961 1954 1126 1995 lustris.

335 2023 467 2064 zEtas
487 2023 583 2064 haec
607 2024 687 2063 tibi
711 2029 806 2064 tota
827 2027 1123 2075 computatur,
1626 2020 1682 2059 10

336 2090 393 2132 Et
413 2092 532 2132 solos
552 2104 756 2132 numeras
779 2091 874 2132 dies
894 2091 1054 2132 mariti.

334 2158 405 2199 Ex
428 2159 515 2200 illis
536 2159 617 2199 tibi
638 2160 676 2199 si
699 2158 774 2199 diu
795 2163 994 2211 rogatam

267 2277 390 2313 Calene,
411 2286 428 2307 o
443 2276 544 2307 dulces
570 2276 744 2316 quindecim
760 2285 854 2306 annos
877 2285 951 2315 qnos
976 2274 1036 2305 tibi
1052 2275 1197 2305 concessit
1214 2277 1242 2304 et
1261 2273 1394 2314 perfecit
1422 2273 1508 2304 Deus
1532 2283 1600 2303 cum
1626 2277 1680 2303 tua

223 2318 383 2358 Sulpicia!
406 2330 422 2349 o
434 2329 496 2349 nox
508 2320 618 2357 ονηηίε,
633 2322 661 2350 et
677 2319 753 2349 hora
768 2328 835 2359 ¹1²1oe
849 2318 977 2357 signata
994 2321 1040 2348 est
1056 2319 1203 2358 pretiosis
1219 2317 1332 2357 lapillis
1344 2317 1460 2348 littoris
1478 2316 1580 2346 Indici
1592 2316 1605 2346 Ι
1629 2316 1646 2331 ³*
1664 2316 1682 2331 *-

225 2362 253 2391 Ο
272 2362 396 2401 Calene,
411 2362 523 2393 vixisti
537 2361 637 2393 tribus
652 2362 760 2393 lustris
771 2372 782 2392 .·
804 2364 838 2392 tu
853 2364 1010 2401 computas
1026 2364 1123 2391 totam
1138 2361 1215 2391 lianc
1230 2362 1367 2399 mutem,
1391 2364 1421 2390 et
1445 2368 1588 2389 numeras
1604 2360 1682 2389 solos

881 2447 1022 2480 NOTAE

267 2515 283 2543 1
311 2513 340 2542 Ο
356 2511 474 2552 molles]
497 2512 585 2544 Vide
600 2513 701 2554 Epig.
717 2515 770 2543 35.
789 2521 903 2553 supra.
980 2512 1082 2552 Epig.
1098 2515 1151 2542 55.

266 2567 284 2593 5
305 2563 396 2593 Caris
410 2562 543 2603 littoris]
567 2564 644 2594 Hoc
660 2568 723 2599 est,
741 2563 880 2603 gemmis
892 2563 924 2593 in
1022 2566 1042 2593 9
1058 2562 1172 2594 Tribus
1183 2562 1306 2603 lustris]
1325 2562 1399 2593 Hoc
1413 2561 1680 2603 est,quindecim

223 2614 308 2644 mari
338 2612 460 2644 Indico
489 2614 589 2645 natis.
632 2613 722 2644 Vide
754 2613 814 2644 lib.
843 2622 925 2645 vni.
980 2613 1089 2644 annis.

225 2664 323 2705 Epig.
337 2666 390 2694 45.
1024 2667 1063 2694 10
1087 2665 1180 2695 AEtas
1191 2664 1256 2695 hoec
1273 2664 1353 2705 tota]
1375 2664 1427 2695 Tu
1440 2663 1612 2694 existimas
1622 2663 1680 2693 iios

266 2718 285 2746 8
311 2714 436 2745 Nimbis
462 2714 561 2756 ebria]
589 2714 666 2746 Hoc
693 2720 758 2755 est,
783 2715 922 2746 madens
980 2715 1170 2756 quindecim
1202 2725 1304 2748 anuos
1342 2715 1536 2757 implevisse
1574 2719 1680 2745 totam

224 2765 475 2806 aspersionibus
496 2766 644 2797 odoratis
662 2776 745 2807 quas
769 2765 925 2798 confece-
980 2770 1072 2797 tuam
1090 2770 1239 2799 aetatem.

226 2823 278 2848 rat
304 2817 447 2849 Niceros
479 2818 744 2858 unguentarius:
786 2818 843 2849 lib.
877 2826 925 2848 Vl.
