1924 3225
294 236 377 276 5:34
775 246 823 274 M.
858 245 970 275 VAL.
1002 245 1281 274 MAR'riAms

466 340 524 381 Et
544 340 696 389 Gallo,
718 339 943 394 Titioque,
967 339 1207 392 Gellioque
1226 354 1236 390 3
1721 340 1750 380 ὂ

465 409 629 462 Lingas
649 421 734 448 non
754 408 872 457 mihi,
892 409 1015 462 (nam
1034 408 1178 460 proba
1200 412 1243 448 et
1262 407 1426 460 pusilla
1446 406 1555 460 est.)

467 476 556 517 Sed
577 489 676 530 quae
699 476 753 517 de
776 476 970 530 Solymis
992 476 1107 517 venit
1129 476 1323 529 perustis

468 544 731 585 Damnatam
753 543 887 584 modo
909 543 1148 584 mentulam
1169 543 1336 584 tributi.

907 641 1144 653 eeeeeeeeeee

336 701 354 727 5
382 696 525 736 Titioque
553 696 711 737 Caesioque
735 697 767 727 in
793 696 892 728 codd.
911 697 1023 728 Palat.
1050 696 1151 728 Bodl.
1179 695 1291 727 Oxon.
1316 700 1351 727 et
1369 694 1561 726 Pulmanni.
1587 695 1674 725 Sunt
1697 694 1753 736 qui

292 740 428 780 legant:
457 739 597 779 Titioque
625 741 843 780 Celioque.—6
866 741 1018 780 Scriptus
1041 739 1151 770 codex
1166 739 1327 778 Turnebi,
1350 744 1388 769 ut
1411 744 1445 769 et
1463 738 1578 769 Palat.
1601 737 1754 776 exhibet,

293 783 422 822 Linges.
447 783 559 814 Palat.
589 783 692 814 etiam
709 783 831 814 habet:
856 794 926 814 nam
940 784 1035 823 proba
1051 786 1081 814 et
1095 783 1199 823 puella
1214 784 1335 813 est.—S
1354 782 1395 813 Iu
1411 781 1490 814 edd.
1505 786 1593 812 vett.
1610 780 1750 812 tributis.

295 826 415 857 Lectio
432 830 550 857 nostra
567 825 714 857 debetur
725 826 884 858 Turnebo
901 827 959 857 lib.
977 835 1083 857 xxw.
1100 836 1177 867 cap.
1194 828 1247 857 28.

958 902 1100 934 NOTAE

335 958 353 985 5
382 954 558 997 Genioque]
595 955 707 986 Palat.
732 959 768 986 et
791 955 995 987 membranae
1053 964 1159 986 xxw.
1177 964 1255 996 cap.
1271 952 1556 994 28.1eg.trilmti;
1581 961 1683 991 grave
1698 962 1755 984 au-

292 1003 494 1045 Anglicanae
514 1007 684 1047 Coesioque.
729 1007 816 1038 Sunt
833 1012 867 1038 et
883 1007 939 1048 qui
952 1007 997 1038 le·
1051 1011 1120 1037 tem
1136 1005 1299 1036 tributum
1313 1005 1522 1046 pendebant,
1538 1013 1612 1035 cum
1628 1003 1756 1044 Judaei,

291 1060 377 1096 gunt
394 1056 545 1095 Celioque.
1050 1060 1123 1087 tum
1139 1056 1195 1097 qui
1218 1055 1377 1088 Judaicae
1404 1059 1508 1086 sectae
1531 1054 1756 1086 initiabantur

335 1109 355 1137 6
378 1106 512 1146 Lingas]
536 1107 692 1147 Scriptus
709 1107 817 1139 codex
830 1107 995 1149 Turnebi,
1051 1106 1283 1138 circumsecti.
1308 1107 1448 1137 Sueton.
1465 1105 1597 1136 Domit.
1613 1115 1689 1145 cap.
1702 1107 1756 1136 12.

294 1161 331 1188 ut
348 1162 384 1187 et
401 1156 510 1188 Paiat.
535 1158 662 1197 Linges.
1098 1159 1140 1188 Et
1155 1158 1267 1198 pusilla
1283 1157 1345 1197 est]
1379 1157 1493 1188 Palat.
1520 1160 1638 1196 aperte
1652 1156 1756 1196 puella

338 1208 508 1248 ΝοηιηίΙιὶ,
519 1209 587 1248 ἅμ]
610 1210 687 1240 Non
701 1219 821 1247 meam,
835 1220 910 1252 qnae
923 1220 996 1242 cas·
1050 1213 1108 1242 est.
1153 1210 1198 1240 Et
1212 1219 1271 1240 cnr
1287 1219 1353 1239 nou
1370 1207 1560 1247 admittam,
1584 1217 1660 1239 cum
1674 1217 1756 1238 ean·

293 1258 359 1290 tior
369 1263 434 1298 est,
449 1259 508 1290 sed
530 1260 617 1291 servi
634 1261 697 1291 mei
714 1261 826 1293 Judaei
842 1261 996 1292 damnati
1050 1260 1127 1291 deni
1141 1260 1220 1292 alibi
1239 1260 1390 1291 nominet
1403 1269 1506 1298 anum,
1533 1259 1756 1289 mentionem-

294 1308 337 1339 ad
365 1309 542 1350 tributum,
565 1311 618 1341 vel
654 1312 788 1342 nomine
813 1311 935 1343 tributi
961 1312 995 1343 in
1050 1322 1115 1353 que
1127 1311 1212 1343 facit
1230 1313 1238 1329 ‘
1257 1311 1386 1343 eliartae
1404 1310 1544 1351 virginis
1558 1309 1582 1340 ?'
1609 1310 1739 1341 Gruter.

291 1360 495 1392 servitutem
524 1361 684 1394 damnati.
729 1363 905 1394 Turnebus
936 1363 993 1394 lib.

808 1558 874 1587 AD
913 1558 1182 1589 RABIRIUM.

293 1626 464 1667 ASTRA
487 1626 728 1680 polumque
749 1631 826 1667 tua
848 1628 1008 1682 cepisti
1028 1634 1186 1679 mente,
1208 1628 1389 1672 Rabiri:

349 1693 638 1736 Parrhasiam
660 1696 770 1736 mira
791 1696 868 1749 qui
890 1698 1024 1737 struis
1046 1701 1135 1738 arte
1158 1698 1354 1740 domum.

293 1761 512 1805 Phidiaco
536 1764 575 1804 si
596 1764 730 1817 digna
750 1764 778 1805 J
785 1764 859 1805 ovi
881 1764 986 1805 dare
1009 1765 1174 1819 templa
1190 1767 1380 1820 parabit,

349 1831 452 1873 Has
472 1837 595 1886 petat
617 1846 644 1873 a
663 1837 814 1874 nostro
836 1832 946 1874 Pisa
967 1833 1169 1874 Tonante
1190 1847 1359 1875 manus.

333 1931 365 1963 Ο
378 1932 609 1972 Rabiri‚⁷›zente
624 1936 679 1964 tua
693 1934 868 1974 complexus
882 1943 913 1964 es
925 1934 1032 1965 coelum
1043 1938 1073 1965 et
1086 1934 1189 1965 sidera
1202 1945 1213 1971 ,·
1227 1935 1279 1975 qui
1291 1934 1427 1976 aedz'ficas
1437 1935 1561 1966 domum
1576 1934 1755 1965 Palatinam

290 1975 431 2006 mirabili
441 1975 588 2017 artificio.
632 1975 668 2006 Sa·
685 1977 762 2007 Pisa
777 1977 931 2016 cogitavit
948 1981 1108 2009 exstruere
1130 1979 1244 2019 templa
1266 1978 1480 2009 convenientia
1494 1978 1570 2009 Joti
1592 1978 1756 2018 Phidiaco,
1817 2009 1827 2018 ,

286 2019 422 2059 postulet
437 2029 456 2050 a
469 2023 573 2051 nostro
588 2019 724 2052 Tonante
739 2020 796 2051 has
808 2030 915 2051 manus
931 2020 1074 2052 Rabirii.

906 2096 1144 2107 eeeeeeeeeeee

334 2138 375 2170 In
400 2138 620 2179 quibusdam:
644 2140 698 2180 pia
728 2141 837 2181 cepisti
862 2144 972 2172 mente.
997 2140 1187 2172 Scriverius
1216 2140 1321 2182 legit:
1347 2144 1401 2172 tua
1423 2140 1576 2181 percepstz‘
1595 2143 1753 2171 mente.—

290 2184 309 2213 3
333 2181 513 2214 Turnebus
529 2183 589 2215 lib.
605 2192 709 2216 xxlv.
726 2194 800 2226 cap.
817 2187 870 2216 28.
885 2184 992 2225 legit:
1016 2184 1091 2215 «1ουὶ
1105 2185 1180 2215 dare
1197 2186 1309 2224 templa
1321 2184 1460 2225 parabit.
1499 2184 1569 2215 Alii
1581 2182 1718 2224 pararit.

948 2265 979 2297 N
985 2265 1088 2297 OTAE

335 2332 351 2360 l
376 2329 474 2360 Astra
483 2330 659 2371 polumque]
685 2330 812 2362 Sensus
829 2335 880 2362 est
897 2341 905 2362 :
931 2331 997 2362 Pa·
1050 2330 1140 2362 hunc
1166 2331 1276 2362 locum
1304 2331 1479 2373 explicant
1498 2332 1594 2373 Virg.
1608 2331 1683 2364 AEn.
1701 2341 1755 2367 xi.

288 2380 409 2412 latium
426 2385 492 2411 tam
507 2380 691 2420 superbum
714 2381 913 2413 Domitiano
937 2392 995 2414 ex·
1051 2383 1060 2398 ‘
1077 2382 1257 2413 Parrhasio
1295 2382 1455 2414 Evandro
1484 2381 1644 2424 Armiger
1673 2390 1753 2416 ante

287 2436 463 2463 struxerat
492 2431 660 2471 Rabirius,
682 2436 720 2463 ut
744 2433 867 2464 coelum
885 2433 995 2474 ipsum
1050 2431 1137 2464 fuit)

288 2486 405 2514 mente
417 2482 616 2522 concepisse
639 2481 823 2522 videretur,
837 2482 878 2514 ad
895 2483 994 2524 cujus
1093 2486 1111 2514 3
1136 2483 1290 2514 Phidiaco
1304 2484 1332 2514 si
1345 2483 1458 2525 digna]
1498 2484 1575 2516 Hoc
1605 2490 1678 2518 est:
1715 2487 1752 2519 Si

287 2536 469 2576 imaginem
497 2535 667 2566 Palatium
695 2534 776 2566 illud
804 2533 994 2566 aedifieave-
1048 2535 1130 2566 Pisa
1158 2534 1239 2565 urbs
1268 2535 1500 2576 Peloponnesi
1538 2536 1582 2568 ad
1611 2536 1750 2570 fluvium

287 2590 351 2618 rat.
404 2585 533 2617 Rabirii
555 2595 670 2617 rursus
694 2585 849 2618 meminit
872 2586 934 2618 lib.
954 2595 991 2618 x.
1046 2585 1375 2627 Alpheumvoluerit
1385 2587 1464 2620 Jovi
1477 2593 1655 2620 exstruere
1666 2594 1751 2621 tein-

288 2637 391 2678 Epig.
406 2640 459 2668 71.
1046 2637 1139 2677 plum
1161 2637 1301 2678 dignum
1317 2637 1375 2669 illo
1389 2637 1583 2678 simulacro,
1601 2640 1689 2680 qnod
1707 2650 1750 2671 ex

330 2691 350 2719 2
374 2685 596 2726 Parrhasiam]
634 2685 676 2718 Id
692 2690 758 2726 est,
782 2687 990 2728 Palatinam,
1047 2687 1149 2719 ebore
1170 2687 1309 2719 Phidias
1324 2689 1505 2720 statuarius
1525 2690 1750 2722 nobilissimus

288 2738 322 2769 in
338 2742 455 2769 monte
471 2747 594 2778 nempe
611 2737 781 2777 Palatino,
805 2737 863 2769 ubi
879 2739 991 2770 Evan-
1047 2737 1218 2776 formavit,
1242 2748 1261 2769 a
1286 2739 1484 2772 Domitiano
1514 2748 1632 2774 nostro
1662 2743 1749 2776 Jove

288 2789 352 2819 der
368 2788 476 2821 Arcas
489 2798 531 2820 ex
547 2789 631 2820 urbe
654 2787 836 2821 Parrhasia
862 2789 989 2830 primus
1046 2793 1144 2830 petat
1160 2788 1349 2821 Rabirium.

287 2840 423 2872 domum
447 2839 627 2872 exstruxit.
686 2839 743 2872 Sic
772 2839 988 2881 Interpretes
