1893 3225
250 225 335 266 970

726 235 774 265 M.
808 237 922 266 VAL.
957 236 1234 267 MARTIAIAS

912 331 1051 363 NOTAE

300 393 440 431 Euganei
467 393 603 434 Timavi]
628 393 747 426 Fontis
760 404 895 436 nempe,
910 395 954 426 de

253 453 317 484 quo
335 443 465 474 (lictum
495 444 598 485 Epig.
615 448 668 477 25.
686 446 742 477 lib.
761 455 810 477 lv.
837 447 892 486 qui
921 447 953 477 in

252 503 344 524 mare
377 493 590 526 Adriaticum
616 496 782 534 illabitur,
798 497 840 528 ad
859 499 952 538 cujus

251 544 341 576 ostia
366 549 445 576 sunt
469 545 537 587 lupi
562 547 684 587 pisces.
744 548 799 579 De
831 549 953 590 quibus

1009 396 1208 427 Macrobius
1226 396 1348 428 libau.
1365 407 1440 437 cap.
1460 400 1509 428 16.

1051 449 1070 477 2
1104 447 1274 487 AEquoreo]
1309 448 1404 479 Salsa
1432 449 1521 478 enim
1550 454 1585 480 ct
1615 450 1705 481 dulci

1008 507 1098 539 aqua
1115 498 1234 529 nutriti
1251 500 1322 540 lupi
1346 504 1444 530 erant
1461 500 1640 540 gratissimi
1657 512 1707 532 sa-

1008 559 1109 590 poris.

837 793 1125 823 AURATA.

258 852 369 895 NON
391 856 540 897 omnis
559 857 738 899 laudem
759 858 1036 913 pretiumque
1059 865 1215 901 aurata
1235 864 1434 910 meretur,

312 921 401 964 Sed
423 925 495 965 cui
517 926 639 966 solus
659 927 740 967 erit
759 928 930 968 concha
954 928 1142 970 Lucrina
1164 929 1303 970 cibus.

298 1034 372 1064 Non
387 1034 528 1074 quoelibet
544 1040 657 1068 aurata
671 1037 769 1077 digna
784 1042 829 1070 est
853 1040 942 1071 laude
957 1043 986 1070 et
1003 1040 1115 1080 pretio,
1137 1042 1190 1072 sed
1203 1051 1272 1082 qua·
1285 1044 1430 1082 pascetur
1443 1041 1509 1073 sola
1524 1040 1636 1072 concha
1653 1040 1714 1071 Lu-

917 1125 1057 1157 NOTAE

267 1077 366 1107 crina.

300 1184 439 1225 Aurata]
477 1185 672 1219 Macrobius
703 1189 762 1219 lib.
790 1199 847 1220 111.
880 1201 958 1231 cap.

262 1237 312 1266 15.
325 1235 333 1251 ‘
344 1235 485 1276 Sergius
500 1237 610 1268 Orata
623 1240 881 1280 cognominatus
896 1246 961 1281 est,

258 1286 350 1326 quod
367 1286 398 1317 ei
416 1287 541 1327 pisces,
557 1289 613 1330 qui
631 1295 758 1321 auratae
780 1297 960 1330 vocantur,

257 1337 421 1368 carissimi
439 1337 590 1371 fuerint!
615 1340 747 1373 Plinius
765 1352 839 1383 cap.
856 1347 886 1374 5.
902 1343 961 1376 lib.

259 1396 383 1420 xxxu.
402 1390 410 1406 ‘
429 1390 643 1423 Venenalum
656 1393 722 1423 mel
739 1393 886 1424 diximus
904 1394 961 1425 ubi

259 1445 458 1472 nasceretur
476 1452 482 1471 :
509 1442 635 1474 auxilio
651 1449 704 1475 est
721 1444 824 1484 piscis
841 1450 961 1476 aurata

1013 1192 1046 1222 in
1078 1191 1178 1223 cibo!
1222 1192 1376 1223 Conchas
1404 1191 1566 1224 Lucrinas
1596 1190 1718 1232 optimi

1014 1251 1088 1272 esse
1103 1242 1234 1282 saporis
1252 1243 1399 1274 diximus
1416 1243 1515 1284 Epig.
1534 1245 1586 1273 82.
1604 1251 1719 1283 supra,

1013 1291 1135 1333 quibus
1160 1297 1272 1333 pastas
1295 1299 1431 1325 auratas
1443 1294 1656 1325 suavissimas
1669 1292 1719 1324 af-

1012 1342 1127 1374 firmat
1143 1343 1265 1375 Poeta.
1309 1344 1449 1375 Dicitur
1460 1350 1581 1375 aurata
1597 1344 1720 1376 Graece

1014 1393 1203 1434 χρύσοφρυς,
1219 1395 1308 1435 quod
1328 1395 1402 1426 auri
1420 1395 1567 1426 colorem
1591 1393 1720 1426 referat

1014 1445 1085 1485 ejus
1103 1450 1218 1486 caput.

928 1588 1060 1630 XCI.

856 1678 1132 1708 AC1PENSIS.

263 1741 340 1784 An
364 1743 616 1786 Pallatinas
637 1745 892 1800 acipensem
914 1748 1075 1790 mittite
1096 1761 1300 1789 mensas:

321 1809 584 1853 Ambrosias
606 1818 762 1855 ornent
779 1828 964 1857 munera
984 1828 1086 1858 rara
1108 1816 1260 1870 dapes.

304 1916 431 1949 Mittite
445 1918 618 1960 acipensem
639 1920 679 1951 ad
704 1930 825 1952 mensas
852 1922 986 1962 Palatii,
1000 1923 1082 1954 dona
1099 1922 1312 1964 infrequentia
1335 1922 1495 1954 instruant
1522 1922 1628 1962 epulas
1648 1922 1728 1953 divi-

262 1971 331 1993 nssS·

873 2017 1111 2029 ‘tumente‘

305 2058 430 2091 Aldum
455 2060 488 2091 in
516 2061 617 2092 titulo
641 2062 756 2103 legere
772 2062 941 2104 Acipenser
964 2068 1000 2096 et
1023 2064 1056 2095 in
1073 2064 1186 2096 medio
1205 2063 1324 2104 Epigr.
1350 2062 1527 2104 acipensem
1541 2066 1639 2094 notat
1656 2063 1728 2103 qui-

264 2101 341 2132 dam
371 2102 565 2135 Annotator
592 2105 627 2135 in
658 2105 823 2146 impresso
846 2117 955 2148 marg.
989 2107 1044 2138 ed.
1067 2108 1149 2139 Par.
1174 2109 1269 2138 1617.
1316 2106 1448 2137 Nostra
1472 2105 1597 2137 Aldina
1625 2106 1728 2137 habet

262 2145 442 2194 chipensis
472 2152 507 2178 et
537 2148 751 2189 accipensem;
776 2149 928 2182 Colinaea
956 2150 1062 2182 habet
1090 2149 1272 2191 Accipensis
1299 2154 1347 2189 et,
1369 2154 1408 2181 ut
1431 2153 1545 2180 servet
1568 2153 1726 2188 metrum,

263 2198 445 2229 acipensem.

925 2236 1071 2267 NOTAE

308 2299 325 2326 1
350 2296 403 2328 Ad
420 2297 610 2339 Pallacinas]
637 2298 713 2330 Hoc
730 2304 794 2340 est,
805 2299 847 2331 ad
862 2300 972 2332 Caesa-

267 2357 340 2378 rum
355 2357 498 2380 mensas.

308 2397 507 2438 Acipensem]
533 2399 588 2430 De
605 2409 670 2441 quo
693 2400 891 2433 Macrobius
910 2401 968 2433 lib.

266 2457 322 2480 111.
348 2458 424 2490 cap.
452 2452 504 2480 16.
528 2450 623 2481 ‘Nec
646 2451 837 2493 acipenser,
868 2462 968 2493 quem

265 2499 372 2530 maria
385 2499 536 2540 prodigis
563 2500 730 2541 nutriunt,
746 2502 833 2534 illius
855 2502 972 2534 saeculi

267 2550 407 2582 delicias
424 2550 560 2591 evasit,’
584 2553 649 2583 esec.
680 2552 819 2583 Dicitur
835 2553 973 2593 acipen-

267 2611 334 2641 ser,
347 2605 383 2632 et
395 2601 577 2642 acipensis,
593 2611 692 2643 quem
710 2603 814 2644 aliqui
826 2603 972 2635 eundem

266 2662 340 2683 esse
349 2662 424 2684 cum
433 2652 666 2694 helope,quod
679 2653 728 2684 his
742 2654 855 2685 verbis
868 2658 973 2695 negat

270 2702 402 2734 Plinius
426 2703 484 2734 lib.
505 2712 626 2736 xxxu.
651 2714 726 2745 cap.
751 2708 802 2738 ll.
839 2707 848 2723 ⁶
866 2706 971 2738 Helo·

272 2763 350 2794 pem
363 2764 500 2797 quoque
515 2755 602 2788 dicit
618 2766 692 2787 esse
709 2756 834 2789 nostris
858 2757 973 2799 incog-

270 2804 377 2836 nitum
390 2806 507 2838 undis:
525 2815 566 2838 ex
583 2817 649 2849 quo
663 2813 809 2849 apparet
825 2808 899 2840 falli
915 2819 972 2841 eos

1029 2300 1086 2342 qui
1116 2299 1262 2331 eundem
1290 2299 1523 2339 acipenserem
1555 2299 1727 2331 existima-

1027 2350 1172 2391 verunt‚’
1194 2352 1257 2382 ἃς.

1067 2405 1087 2433 2
1099 2399 1297 2440 Ambrosias]
1309 2400 1386 2431 Hoc
1403 2406 1469 2438 est,
1481 2401 1612 2433 divinas
1622 2399 1728 2443 >dapes

1026 2453 1214 2489 Caesarum,
1239 2452 1333 2493 quasi
1351 2452 1513 2483 Deorum.

1070 2504 1208 2535 Munera
1222 2502 1311 2543 rara]
1334 2502 1468 2534 Plinius
1491 2502 1551 2534 lib.
1583 2511 1636 2534 lx.
1653 2513 1729 2544 cap.

1028 2557 1078 2586 17.
1093 2555 1102 2571 ‘
1119 2554 1221 2595 Apud
1236 2554 1392 2595 antiquos
1406 2554 1549 2594 piscium
1563 2553 1730 2586 nobilissi-

1026 2615 1099 2636 mus
1116 2605 1252 2636 habitus
1268 2605 1456 2646 acipenser,
1482 2614 1566 2635 unus
1583 2605 1730 2636 omniurn

1028 2655 1176 2697 squamis
1209 2654 1250 2686 ad
1268 2665 1304 2686 os
1332 2655 1449 2695 versis,
1475 2660 1594 2687 contra
1610 2665 1730 2697 aquam

1028 2707 1141 2738 nando
1162 2711 1276 2738 meat:
1316 2707 1407 2738 nullo
1434 2716 1524 2738 nunc
1548 2707 1579 2738 in
1605 2707 1729 2738 honore

1027 2762 1102 2790 est:
1125 2758 1214 2799 quod
1232 2757 1368 2799 quidem
1392 2758 1510 2799 miror,
1527 2768 1604 2791 cum
1621 2758 1730 2790 sitra-

1029 2820 1086 2841 rus
1097 2808 1260 2841 inventu?
