1893 3225
571 239 932 271 EPIGRAMMATU
943 240 973 268 M
1010 239 1101 268 mn.
1135 240 1225 269 ΧΗ.

778 375 1023 417 XXVIII.

746 467 761 495 1
771 468 794 497 N
833 467 911 496 cm
922 467 947 497 N
958 467 984 496 A
995 468 1045 497 M.

172 537 305 577 Po'ro
328 549 408 590 ego
430 538 675 576 sextantes:
707 539 753 576 tu
774 539 920 589 potas,
943 534 1098 584 Cinna,
1123 534 1336 576 deuncos:

230 604 287 645 Et
307 604 498 658 quereris
518 602 637 656 quod
658 616 759 653 non,
778 602 933 652 Cinna,
954 602 1157 643 bibamus
1178 602 1306 643 idem.

218 715 288 754 Ego
311 713 378 744 bibo
394 717 569 749 sextantes,-
591 717 636 753 tu,
656 725 672 745 ο
699 715 812 755 Cinna,
837 714 914 745 bibis
928 715 1068 749 deunces,
1090 716 1193 753 atque,
1210 723 1228 744 ο
1248 713 1359 749 Cinna,
1376 714 1521 755 quereris,
1543 717 1623 754 quod

172 768 233 788 non
243 761 382 798 potemus
398 758 479 788 idem
492 757 618 788 vinum.

555 845 557 847 ‚
825 799 967 832 NOTAE

217 869 231 896 l
257 864 436 905 Sextantes]
460 865 537 896 Hoc
559 869 623 905 est,
638 865 720 896 duos
735 865 875 905 cyathos
921 870 956 896 to
981 863 1199 906 conquereris
1223 863 1283 894 tibi
1302 872 1367 893 non
1388 864 1511 904 apponi
1537 866 1623 906 opti-

172 916 266 956 bibo,
280 920 316 947 tu
333 925 412 947 vero
434 915 601 956 undecim,
617 914 704 947 unde
729 916 873 947 immeri-

921 926 1011 947 mum
1027 915 1160 954 vinuu1;
1184 914 1320 945 nimium
1340 915 1429 945 enim
1448 914 1546 947 bibis.

798 1035 1002 1077 XXIX.

601 1126 664 1154 DE
697 1125 974 1155 HEnMoGEN
989 1127 1011 1155 Ε
1048 1126 1193 1156 FURE.

172 1192 523 1234 HERMOGENES
545 1198 696 1235 tantus
717 1206 992 1247 mapparum,
1015 1193 1219 1242 Pontice,
1242 1193 1310 1234 fur
1332 1199 1416 1244 est,

229 1261 437 1312 Quantus
456 1274 730 1302 nummorum
749 1260 843 1310 vix,
867 1264 988 1314 puto,
1014 1260 1173 1302 Massa
1191 1261 1286 1301 fuit,

169 1329 237 1370 Tu
259 1329 361 1370 licet
381 1330 591 1370 observes
613 1328 826 1377 dextram,
847 1333 1086 1382 teneasque
1107 1329 1345 1377 sinistram,

226 1396 437 1446 Inveniet,
458 1409 669 1450 mappam
691 1409 781 1449 qua
801 1396 971 1437 ratione
993 1396 1147 1438 trahat.

171 1463 383 1505 Cervinus
403 1465 591 1517 gelidum
613 1465 761 1504 sorbet
782 1464 847 1504 sio
868 1464 1032 1505 halitus
1055 1477 1257 1517 anguem:
1597 1465 1625 1504 5

229 1531 427 1573 Casuras
449 1532 535 1573 alte
556 1532 622 1572 sic
642 1532 759 1585 rapit
780 1531 865 1572 Iris
885 1544 1042 1585 aquas.

174 1599 330 1653 Nuper
349 1613 448 1640 cum
470 1599 648 1654 Myrino
671 1603 891 1652 peteretur
911 1600 1065 1640 missio
1087 1600 1211 1649 laeso,

229 1667 453 1708 Subduxit
470 1680 658 1721 mappas
681 1672 869 1720 quatuor
889 1667 1202 1721 Hermogenes.

215 1765 245 1795 O
269 1764 409 1805 Pontice,
425 1764 640 1803 Hermogenes
663 1768 732 1795 tam
756 1766 887 1805 surripit
903 1776 1040 1807 mappas,
1064 1777 1167 1806 qzcam,
1184 1767 1302 1807 opinor,
1320 1768 1375 1798 vix
1392 1768 1501 1798 Maesa
1522 1767 1622 1798 surri-

167 1808 236 1848 puit
251 1817 399 1838 nummos.
447 1807 596 1842 Quamvis
624 1810 657 1837 tu
679 1817 788 1838 caveas
802 1818 820 1838 a
836 1811 961 1846 dextra,
983 1813 1012 1839 et
1035 1811 1194 1848 astringas
1209 1812 1330 1849 laevam,
1353 1810 1544 1849 excogitabit
1560 1820 1620 1850 qua

168 1854 235 1881 arte
250 1850 397 1880 subducat
412 1859 564 1890 mappam.
598 1849 728 1881 Halitus
743 1851 825 1881 cervi
839 1851 884 1881 sic
897 1852 1031 1882 attrahit
1038 1852 1199 1891 frigidam
1215 1864 1363 1892 anguem:
1385 1854 1428 1884 sic
1441 1853 1504 1883 Iris
1519 1853 1620 1883 evehit

171 1895 267 1924 undas
280 1903 405 1923 casuras
420 1893 558 1933 desuper.

604 1893 715 1933 Nuper
731 1903 800 1924 cum
814 1897 974 1934 peteretur
990 1896 1094 1925 missio
1113 1896 1242 1936 Myrino
1260 1899 1430 1935 vulnerato,
1446 1896 1622 1933 Hermoge-

170 1945 222 1967 nes
235 1935 388 1976 surripuit
406 1939 538 1976 quatuor
552 1945 689 1976 mappas.
737 1936 816 1967 Cam
830 1941 948 1977 praetor
962 1937 1053 1969 veltet
1061 1938 1170 1975 facere
1185 1939 1346 1970 ccmdidam.
1362 1949 1516 1980 mappam,
1540 1938 1625 1969 Her-

780 2011 915 2023 ΝΝΜ

917 2012 1015 2024 Ate-ee·

212 2057 252 2085 10
275 2053 414 2094 Surripz't
431 2053 508 2085 edd.
519 2059 605 2085 vett.
626 2058 661 2085 et
673 2055 797 2096 Delph.
811 2056 982 2090 Sehrevel.
998 2058 1115 2089 Maitt.
1131 2062 1167 2090 et
1179 2057 1323 2089 Farnab.
1350 2056 1429 2088 Via.
1440 2057 1521 2088 Var.
1540 2055 1624 2087 Not.

832 2131 973 2163 NOTAE

212 2197 229 2226 l
256 2193 482 2233 Hermogenes]
515 2193 592 2224 Hoc
608 2198 670 2234 est,
685 2194 726 2225 ab
742 2194 872 2226 Herme

171 2254 230 2276 seu
242 2245 418 2276 Mercurio
434 2244 583 2284 genitus,
597 2245 655 2285 qui
676 2255 797 2286 nempe
819 2250 871 2277 est

168 2295 281 2327 furum
296 2296 413 2327 Deus:
438 2294 548 2326 Poeta
564 2304 646 2335 ergo
661 2296 869 2336 aptissimum

170 2345 237 2376 furi
253 2346 315 2377 hoe
330 2354 451 2376 nomen
467 2344 578 2377 finxit.

212 2400 233 2428 2
256 2395 379 2435 Massa]
404 2395 535 2426 Plinius
549 2395 670 2428 Junior
683 2395 794 2437 Epist.
811 2397 873 2429 ult.

171 2447 231 2477 lib.
259 2455 325 2477 vn.
358 2450 365 2463 ‘
379 2445 533 2477 Dederat
558 2455 611 2476 me
638 2452 776 2478 senatus
796 2458 872 2479 cum

172 2497 346 2528 Herennio
366 2496 554 2527 Senecione
575 2497 776 2529 advocatum
794 2508 871 2539 pro-

170 2548 290 2579 vinciae
308 2547 448 2578 Baeticae
469 2551 588 2577 contra
607 2547 763 2579 Baebium
778 2550 869 2581 Mas·

169 2609 239 2631 sam
254 2610 261 2630 :
287 2598 516 2638 damnatoque
545 2598 660 2629 Massa
688 2606 868 2633 censuerat

168 2657 207 2684 ut
223 2651 311 2682 bona
325 2650 395 2690 ejus
408 2648 541 2689 publice
555 2649 828 2683 custodirentur!

212 2707 229 2734 5
258 2701 409 2733 Cervinus
417 2699 570 2740 gelidum]
587 2700 715 2733 Cervus
729 2702 869 2744 absorp-

169 2758 205 2786 to
222 2762 330 2793 angue
345 2752 450 2783 vitam
467 2751 635 2792 producit.

214 2808 234 2836 ὓ
250 2804 330 2844 Iris]
349 2803 458 2835 Arcus
472 2804 604 2836 scilicet
617 2802 775 2835 coelestis.
791 2802 868 2836 Ari-

926 2196 1068 2227 stoteles
1100 2196 1157 2227 lib.
1182 2205 1238 2227 111.
1262 2197 1408 2227 Meteor.
1432 2195 1479 2226 ὅτι
1495 2194 1553 2233 μὲν
1572 2194 1624 2226 οὖν

925 2245 1093 2278 ἀνάκλασις
1109 2247 1128 2284 ἡ
1138 2247 1194 2288 ἵρις
1209 2249 1265 2284 τῆς
1279 2247 1372 2287 ὅψεως
1384 2246 1457 2287 πρὸς
1466 2245 1522 2276 τὸν
1536 2246 1626 2283 ἥλιον

924 2297 1064 2338 φανερόν.
1095 2299 1104 2315 ‘
1118 2298 1218 2331 Quod
1234 2308 1314 2339 ergo
1326 2298 1389 2328 Iris
1404 2297 1445 2328 sit
1463 2296 1625 2328 refractio

927 2354 1087 2390 aspectus
1113 2349 1154 2380 ad
1171 2349 1288 2388 solem,
1306 2347 1522 2379 manifestum
1550 2348 1625 2387 est,'

926 2402 990 2432 διο.
1021 2400 1150 2432 Plinius
1166 2400 1227 2431 lib.
1244 2409 1284 2431 11.
1302 2410 1378 2441 cap.
1392 2402 1444 2430 59.

967 2455 986 2483 7
1014 2454 1093 2484 Cam
1109 2452 1249 2494 Myrino]
1276 2453 1330 2483 De
1353 2462 1418 2493 quo
1445 2451 1542 2492 Epig.
1569 2453 1623 2482 20.

925 2503 984 2535 lib.
1006 2503 1125 2544 Spect.
1142 2504 1204 2534 hoc
1226 2507 1289 2541 est,
1306 2512 1381 2533 curn
1399 2502 1535 2543 Myrino
1557 2502 1625 2542 gla-

926 2553 1046 2584 diatori
1074 2553 1189 2584 missio
1230 2557 1408 2593 peteretur
1431 2562 1450 2583 a
1482 2552 1622 2592 populo,

923 2605 980 2636 vel
1002 2604 1043 2635 ab
1059 2604 1131 2644 ipso
1148 2604 1285 2644 Myrino
1313 2603 1395 2633 laeso
1422 2607 1622 2642 peteretur:

923 2656 997 2686 laesi
1023 2655 1110 2686 enim
1137 2654 1342 2696 gladiatores
1368 2663 1459 2684 arma
1475 2652 1624 2683 summit—

924 2706 1057 2745 tebant,
1079 2711 1114 2736 et
1136 2706 1243 2736 vitam
1260 2703 1439 2745 aliquando
1463 2703 1622 2744 impetra-

924 2755 1009 2787 bant
1035 2756 1076 2786 ab
1104 2755 1327 2796 Imperatore,
1353 2759 1411 2785 aut
1438 2764 1456 2785 a
1483 2754 1622 2796 populo,

924 2807 1001 2839 dum
1018 2811 1125 2839 staret
1142 2806 1344 2847 respublica.
