1893 3225
571 217 977 249 umGRAMMA'ruM
1019 221 1109 250 mn.
1144 221 1193 250 x.
1523 210 1606 252 787

263 314 482 355 Infamata
505 313 639 354 virum
660 313 814 367 puella
836 313 974 355 vicit?

267 383 407 424 Veros
429 382 742 437 sardonychas,
765 381 841 424 sed
863 383 961 436 ipsa
982 383 1139 425 tradat.

263 451 449 492 Mirator
466 455 662 491 veterum
683 463 823 490 senex
844 464 1027 492 avorum
1550 451 1606 491 15

261 518 414 559 Donet
432 518 635 559 Phidiaci
656 521 851 559 toreuma
874 519 994 560 coeli.

261 585 459 627 Venator
477 587 682 640 leporem,
705 586 886 626 colonus
908 586 1106 637 haedum,

262 653 466 695 Piscator
485 654 598 696 ferat
612 666 843 708 aequorum
863 654 1060 708 rapinas.

265 723 313 763 Si
334 724 460 764 mittit
479 736 560 764 sua
580 723 786 777 quisquc,
809 722 917 776 quid
937 722 1121 776 politam

267 790 510 832 Missurum
530 791 627 840 tibi,
650 790 891 840 Restitute,
922 790 1096 832 credis?
1551 791 1607 832 ‘20

149 918 328 947 dedecorata
346 918 417 948 vicit
430 919 598 949 maritum.-
620 919 687 959 ipsa
703 920 793 949 donet
810 927 896 949 veros
910 919 1126 960 sardonychas.
1155 918 1261 949 Senex
1275 918 1448 949 admirator
1466 921 1602 949 veterum

151 969 275 990 ‹iz-orum
290 961 341 990 (let
357 964 494 992 toreuma
513 962 658 992 Phidiaci
672 962 750 993 coeli.
802 961 831 993 V
831 966 936 992 enator
943 961 1031 999 ferat
1049 964 1194 1002 leporem,
1216 962 1338 992 colonus
1354 961 1489 998 hcedum,
1505 960 1606 1001 pisca-

150 1005 198 1032 eor
214 1003 340 1068 'Ppiss‘ls
354 1005 460 1034 maris.
505 1004 543 1034 Si
564 1005 690 1045 quisque
706 1005 812 1035 mittat
827 1014 895 1044 sua,
918 1015 936 1035 o
956 1006 1127 1045 Restitute,
1149 1006 1221 1045 quid
1235 1007 1328 1045 putas
1344 1004 1404 1034 tibi
1419 1005 1545 1034 missum
1562 1004 1603 1033 iri

128 1056 133 1059 ·
153 1056 172 1074 α
188 1049 277 1085 poeta
289 1069 297 1076 .

763 1100 1004 1111 emeeeeo

193 1166 213 1194 2
237 1164 310 1194 Pila
324 1164 402 1195 cod.
426 1165 651 1196 Bevei·i.—13
677 1165 890 1205 Jmpraegnata
914 1165 1045 1198 id.—15
1070 1165 1165 1197 Alios
1192 1166 1306 1206 legere
1334 1164 1472 1196 laborum
1496 1169 1606 1194 monet

152 1206 264 1238 editor
279 1207 405 1248 Delph.
428 1207 507 1239 Vid.
526 1209 606 1239 Var.
627 1208 797 1240 Non—IS
824 1209 978 1249 Rapinam
994 1210 1062 1240 Ms.
1079 1210 1261 1240 Pulmann.

814 1317 952 1349 NOTAE

197 1395 235 1423 13
260 1391 435 1432 Infamata]
458 1392 630 1424 Adulterii
648 1403 718 1424 rea.
910 1402 978 1424 ces·

198 1446 236 1473 14
260 1442 476 1484 Sardonychas
497 1443 599 1483 veros]
625 1444 712 1475 Vide
729 1443 854 1476 lib.1x.
953 1446 993 1474 19
1019 1443 1102 1479 Quid
1128 1441 1268 1484 po'e'tam]
1303 1441 1462 1473 Carmina
1487 1448 1608 1479 nempe

156 1493 254 1533 Epig.
268 1496 321 1524 60.
909 1493 1025 1526 mittet
1041 1493 1162 1524 Po'etta.

200 1546 237 1574 18
262 1544 430 1583 AEquorum
452 1543 591 1585 rapinas]
613 1545 691 1576 Hoc
706 1550 771 1586 est,
787 1545 855 1585 pis-

718 1707 1065 1749 LXXXVIII.

657 1810 686 1838 A
712 1810 740 1838 D
795 1810 820 1839 o
846 1810 873 1838 o
898 1809 926 1838 'r
950 1809 978 1838 Τ
1003 1809 1031 1838 Α
1060 1809 1109 1837 Μ.

156 1887 333 1929 OMNES
355 1889 637 1943 persequeris
658 1893 915 1943 praetorum,
938 1887 1084 1938 Cotta,
1104 1887 1308 1937 locellos,

212 1956 401 2011 Accipis
423 1962 468 1998 et
489 1970 616 1998 ceras
635 1971 644 1998 t
678 1957 904 1998 officiosus
926 1957 1060 1998 homo
1081 1969 1144 1997 es.

201 2079 231 2109 0
253 2080 359 2119 Cotta,
373 2076 504 2110 sectaris‘
516 2079 635 2110 locellos
648 2082 829 2119 proetorum,
851 2082 942 2119 atque
958 2078 1073 2119 accipis
1089 2087 1190 2109 ceras.-
1213 2077 1300 2108 homo
1316 2087 1347 2108 es
1361 2077 1518 2118 officiosus.

816 2181 961 2213 NOTAE

202 2262 218 2290 1
246 2259 359 2289 Omnes
380 2257 586 2298 persequeris]
626 2258 752 2289 Sensus
781 2262 856 2289 est:
914 2261 1151 2298 corrumperet
1167 2260 1348 2297 corruptus
1365 2256 1438 2298 ipse
1460 2254 1615 2297 pecnnia.

157 2309 261 2340 Velut
288 2307 458 2340 officiosus
486 2309 657 2339 comitaris
682 2313 861 2351 praetoreg
914 2309 1040 2339 Videat
1055 2309 1177 2339 lector.

160 2365 196 2391 et
212 2359 308 2400 cupis
324 2364 457 2399 gestare
478 2359 632 2399 locellos,
659 2369 715 2390 seu
733 2369 860 2390 crume-
958 2362 978 2390 2
1002 2358 1126 2399 Accipis
1150 2362 1180 2389 et
1204 2357 1304 2398 ceras]
1325 2358 1374 2389 Ut
1389 2356 1523 2388 scilicet
1539 2356 1614 2387 inas

160 2420 250 2448 nam,
267 2415 326 2441 aut
341 2410 557 2451 marsupium,
583 2410 615 2440 in
633 2409 753 2450 quibus
770 2409 860 2441 forte
915 2409 1016 2447 feras,
1033 2414 1069 2440 et
1084 2418 1293 2449 corrumpas.

161 2459 299 2491 nomina
320 2460 523 2499 litigantium
548 2465 659 2500 erant,
686 2471 760 2501 quae
785 2460 861 2492 sub·
961 2458 1137 2502 Officiosus]
1161 2458 1276 2490 Ironia
1293 2462 1357 2490 est,

162 2510 316 2551 duceret,
342 2510 439 2543 simul
463 2514 498 2541 et
522 2519 619 2542 ceras
645 2521 704 2543 seu
727 2511 860 2543 tabulas
