1893 3225
258 218 344 261 686
738 225 789 256 M.
821 224 932 255 VAL.
965 223 1240 254 MAerAnis

262 326 365 377 Qua
382 324 546 366 Triviae
567 335 803 364 nemorosa
823 323 934 376 petit
955 321 1056 362 dum
1081 332 1213 373 regna
1235 319 1392 370 viator,

320 394 543 435 Octavum
565 391 746 433 domina
766 404 953 432 marmor
976 391 1032 431 ab
1056 390 1162 430 urbe
1182 388 1306 441 legit.

264 461 379 503 Ante
398 462 623 503 colebatur
645 461 777 509 votis,
800 465 844 500 et
865 458 1078 511 sanguine
1097 458 1245 509 largo:
1695 454 1724 494 5

322 530 541 584 Majorem
561 528 755 570 Alciden
775 541 890 568 nunc
913 527 1054 566 minor
1075 525 1174 578 ipse
1196 525 1317 565 colit.

266 598 400 640 Hunc
422 611 607 651 magnas
630 602 755 651 rogat
776 597 882 637 alter
904 607 1028 648 opes,
1048 597 1177 647 rogat
1197 594 1304 635 alter
1324 592 1515 633 honores
1533 605 1543 632 ;

322 666 398 707 11Ιί
420 678 604 707 securus
626 669 734 706 vota
754 664 926 704 minora
944 662 1068 703 facit.

265 777 372 814 Latia,
387 787 445 816 qua
457 777 559 807 tiator
571 776 648 815 legit
670 780 811 805 octavum
832 774 966 814 lapidem
982 773 1021 804 ab
1035 773 1109 804 urbe
1125 773 1262 809 domina.
1284 773 1357 803 dum
1371 772 1439 803 adit
1458 781 1617 803 nemorosa
1632 782 1727 811 regna

268 820 397 850 Dianae.
445 819 605 854 Precibus,
622 822 651 849 et
668 820 731 858 lmg
733 829 754 848 ·o
776 818 927 856 sanguine
949 820 1041 847 antea
1065 816 1294 847 venerabamini
1310 815 1457 854 majorem
1473 815 1642 846 Herculem
1661 816 1729 846 Do-

266 863 456 900 mitianum,
472 872 550 892 nunc
573 862 672 892 minor
688 863 754 901 ipse
769 864 934 892 veneratur
949 860 1056 891 illum.
1100 860 1193 890 Alter
1213 858 1295 899 petit
1311 858 1349 889 ab
1371 858 1425 889 ἠτι-
1444 858 1566 899 majori
1591 858 1731 897 divitias,

266 906 346 937 alter
359 906 436 945 petit
449 885 509 944 'dig
511 905 646 941 nitates;
662 908 729 935 tuto
744 906 898 944 nuncupat
913 906 986 934 vota
1000 903 1123 933 minora
1137 902 1186 933 illi
1201 901 1334 933 minori.

889 986 1124 997 meme

312 1046 361 1077 De
375 1047 480 1076 statua
496 1043 675 1076 Domitiam·
699 1044 732 1073 in
756 1043 833 1073 edd.
864 1045 1016 1073 vett—4
1036 1042 1203 1073 Decimum
1227 1051 1289 1082 pro
1311 1041 1467 1072 dominam
1486 1041 1631 1072 Van—5
1659 1039 1733 1070 Hos

268 1094 414 1129 quatuor
442 1098 508 1119 vss.
533 1087 590 1118 alii
615 1097 633 1117 a
661 1085 895 1126 superioribus
921 1090 1107 1125 segregant
1141 1089 1177 1116 et
1200 1085 1390 1116 inscribunt
1411 1085 1462 1116 De
1489 1086 1595 1115 eadem
1616 1086 1732 1114 statua.

270 1131 424 1163 volebatis
440 1131 473 1161 in
491 1130 570 1162 Ald.
581 1130 678 1162 Junt.
696 1130 806 1161 Colin.
822 1129 902 1160 Par.
920 1131 1015 1160 1617.
1028 1128 1217 1170 Delph.—6
1233 1128 1303 1159 Alii
1319 1129 1391 1160 iste.

932 1215 1072 1247 NOTAE

314 1298 331 1326 3
359 1295 430 1331 Qua
461 1293 595 1334 Triviae]
642 1293 719 1324 Hoc
747 1298 814 1332 est,
843 1292 976 1331 Dianae,
1030 1301 1106 1322 nam
1126 1291 1270 1322 Romam
1287 1290 1387 1329 dixit,
1405 1289 1463 1321 lib.
1476 1299 1502 1321 1.
1520 1290 1620 1330 Epig.
1639 1291 1671 1320 4.

270 1346 330 1377 lib.
346 1345 463 1386 Spect.
482 1346 582 1385 Epig.
601 1348 629 1375 l.
1073 1346 1093 1373 6
1117 1342 1272 1380 Maiorem
1286 1340 1432 1381 Alciden]
1473 1340 1539 1371 Alii
1565 1340 1623 1371 hos
1656 1350 1735 1381 qua·

316 1398 484 1428 Nemorosa
496 1397 606 1437 regna]
621 1396 800 1436 Templum
810 1394 977 1434 intellige,
1032 1400 1109 1425 tuor
1124 1404 1240 1425 versus
1253 1393 1465 1434 conjungunt
1476 1402 1551 1424 cuin
1569 1392 1737 1432 superiori

271 1448 324 1479 cui
354 1449 449 1479 lucus
465 1448 590 1478 Dianae
608 1446 756 1477 Aricinae
774 1455 871 1476 sacer
885 1444 976 1484 adja-
1032 1446 1298 1486 Epigrammate.
1322 1444 1559 1475 Domitianum
1574 1443 1740 1482 intellige,

271 1500 385 1531 cebat.
411 1498 556 1530 Ovidius
572 1507 625 1528 111.
646 1497 824 1528 Fastorum
851 1496 976 1527 descri—
1032 1506 1131 1538 quem
1159 1495 1317 1537 precibus
1342 1500 1376 1526 et
1402 1495 1550 1526 victimis
1579 1493 1738 1525 colebant

273 1551 324 1582 bit
342 1551 465 1589 locum,
483 1555 518 1580 et
534 1550 661 1580 lucum.
1033 1548 1176 1579 Romani
1194 1558 1200 1578 :
1227 1557 1302 1578 eum
1321 1556 1435 1577 rursus
1456 1545 1634 1586 anteponit
1652 1544 1740 1576 Her·

319 1600 444 1641 Viator]
482 1600 592 1631 Pedes
609 1599 799 1641 seil.equiti
816 1599 905 1630 enim
923 1608 978 1629 ue·
1032 1598 1113 1637 culi,
1128 1598 1228 1639 Epig.
1251 1599 1326 1629 102.
1338 1595 1437 1629 infra.

272 1652 440 1684 inusillud
459 1651 554 1683 adire
567 1661 633 1682 non
647 1651 786 1682 licebat.
833 1649 978 1681 Ovidius
1076 1652 1092 1680 7
1121 1647 1232 1688 Hunc]
1253 1647 1484 1679 Domitianum
1502 1656 1638 1687 nempe.

273 1707 349 1736 loeo
367 1704 499 1736 citato:
531 1705 539 1720 ‘
558 1703 657 1734 Unde
674 1711 792 1733 nemus
816 1701 916 1732 nullis
939 1701 976 1731 il·
1077 1704 1096 1732 S
1121 1700 1175 1731 Illi
1190 1700 1329 1740 securus]
1366 1699 1455 1731 Quia
1480 1698 1650 1730 Hercules
1674 1707 1738 1728 non

275 1756 334 1787 lud
351 1755 464 1786 aditur
480 1753 602 1796 equiS.'
1035 1761 1128 1793 aegre
1150 1749 1240 1782 feret
1265 1761 1284 1781 a
1311 1760 1347 1780 se
1363 1750 1485 1780 minori
1501 1750 1576 1780 Deo
1593 1748 1664 1790 peti
1680 1749 1740 1778 uii-

315 1809 334 1836 4
361 1806 516 1836 Octavum
531 1802 681 1843 marmor]
714 1802 791 1833 Hoc
805 1804 870 1841 est,
886 1806 980 1833 octa·
1034 1811 1130 1841 nora,
1148 1811 1244 1843 qnam
1263 1811 1280 1831 a
1298 1800 1494 1831 Domitiano
1512 1800 1588 1831 Deo
1606 1799 1742 1839 majori.

275 1867 351 1888 vum
380 1856 422 1886 ab
446 1855 528 1886 urbe
553 1854 759 1885 milliarium.
802 1852 858 1884 Sic
875 1851 979 1883 domi-

915 1987 1095 2030 LXVI.

536 2080 604 2110 AD
638 2079 931 2118 HERCULEM,
969 2079 1032 2108 DE
1071 2078 1238 2108 EADEM
1273 2077 1483 2110 STATUA.

277 2149 491 2198 Acmon,
513 2148 642 2189 Latio
664 2159 781 2187 nunc
804 2146 1087 2199 agnoscende
1108 2146 1315 2196 Tonanti,

339 2219 584 2271 Postquam
605 2215 793 2270 pulchra
817 2214 905 2256 Dei
928 2214 1123 2256 Caesaris
1145 2229 1221 2256 ora
1242 2217 1368 2269 geris,

282 2287 330 2328 Si
353 2287 435 2327 tibi
456 2290 559 2326 tunc
582 2285 656 2325 isti
679 2284 827 2325 vultus
848 2283 1115 2336 habitusque
1138 2284 1342 2333 fuissent,

338 2353 582 2395 Cesserunt
603 2352 806 2393 manibus
828 2364 929 2391 cum
951 2350 1045 2392 fera
1065 2357 1263 2392 monstra
1285 2351 1372 2392 tuis
1396 2365 1406 2404 ;

326 2465 356 2495 Ο
380 2464 530 2495 Hercules
555 2473 634 2493 nunc
661 2464 853 2502 agnoscende
876 2473 895 2493 α
917 2463 996 2494 Jove
1029 2463 1217 2503 Capitolino,
1239 2466 1400 2504 postquam
1418 2463 1551 2495 induisti
1572 2463 1744 2502 formosum

281 2510 401 2539 vultum
417 2506 600 2538 Domitiani
622 2506 699 2545 Dei,
716 2506 744 2536 si
759 2509 831 2536 tunc
854 2505 1010 2537 habuisses
1032 2507 1087 2537 hoc
1109 2509 1335 2546 ornamentum,
1358 2510 1388 2537 et
1410 2507 1495 2539 hanc
1517 2508 1660 2548 speciem,
1679 2516 1747 2537 cum

902 2588 1142 2600 eeeeeeeeeeee

327 2649 377 2680 De
393 2648 510 2686 eadem,
524 2648 565 2678 ad
581 2645 748 2677 Herculem
763 2644 904 2676 Barbou
916 2645 996 2676 Par.
1015 2647 1174 2677 1754.—7
1191 2646 1318 2679 Censet
1337 2647 1530 2680 Gronovius
1549 2648 1745 2680 Martialem

951 2733 983 2764 N
989 2733 1092 2764 OTAE

329 2803 345 2830 1
370 2797 585 2838 Agnoscende]
623 2798 699 2829 Hoc
724 2802 788 2837 est,
804 2797 905 2838 digne
932 2797 989 2838 qui
1012 2802 1208 2842 agnoscaris
1221 2811 1239 2832 a
1256 2801 1343 2834 Jove
1358 2806 1417 2833 tuo
1433 2806 1544 2843 patre.
