1960 3230
306 251 390 292 518
778 264 827 293 M.
860 264 974 294 VAL.
1008 265 1287 297 MART1Ams

958 360 1109 392 NOTAE

344 433 364 460 9
388 429 589 470 Muneribus]
632 429 709 461 Hoc
744 435 810 470 est,
847 430 1002 464 aedificiis
1056 424 1136 457 ficia
1152 436 1220 457 non
1237 430 1411 468 antepono
1429 427 1583 460 aedificiis
1599 429 1764 462 Domitia-

302 480 423 522 quibus
440 480 558 511 urbem
582 479 757 512 decoravit
776 482 1004 515 Domitianus.
1059 476 1113 515 ni;
1130 476 1189 507 Sssd
1209 477 1359 510 Nemnis
1373 478 1521 511 thermas
1536 479 1666 512 balneis
1678 482 1766 513 Cha·

345 534 386 562 10
412 531 558 563 leermas
568 530 719 572 proesero]
743 531 896 563 Aliorum
926 532 1006 564 aedi-
1062 529 1127 560 rini
1144 528 1304 571 praefero.

924 686 1150 729 XXXV.

834 779 901 808 AD
936 766 1248 808 LEGANIAM.*

305 844 528 886 INGUINA
550 846 806 887 succinctus
826 847 952 900 nigra
973 847 1055 888 tibi
1077 859 1230 888 servus
1247 847 1368 888 aluta

363 913 476 963 Stat,
500 913 670 966 quoties
692 914 848 955 calidis
867 919 965 956 tota
984 915 1148 956 foveris
1168 915 1310 968 aquis.

306 980 394 1022 Sed
414 994 553 1031 meus,
574 985 623 1022 ut
644 982 697 1022 de
718 995 789 1022 me
813 986 999 1033 taceam,
1023 982 1233 1032 Leeania,
1257 995 1413 1025 servus

360 1048 391 1089 J
395 1048 570 1090 udaeum
590 1049 706 1089 nulla
727 1050 808 1090 sub
831 1055 932 1090 cute
954 1050 1129 1104 pondus
1150 1051 1295 1091 habet.

308 1114 366 1157 Et
385 1115 493 1157 nudi
514 1122 664 1157 tecum
678 1117 960 1171 juvenesque
981 1131 1196 1173 senesque
1213 1119 1430 1161 lavantur.
1741 1118 1770 1158 5

360 1182 433 1224 An
455 1184 550 1224 sola
570 1188 636 1225 est
655 1186 769 1226 servi
792 1186 988 1227 mentula
1008 1199 1116 1227 vera
1138 1187 1231 1227 tui?

304 1250 475 1305 Ecquid
496 1252 731 1294 foemineos
754 1255 969 1308 sequeris,
990 1258 1206 1304 matrona,
1227 1255 1459 1297 recessus?

362 1319 657 1374 Secretusque
679 1325 770 1372 tna,
793 1335 945 1371 cunne,
962 1322 1124 1363 lavaris
1141 1336 1260 1377 aqua
1274 1323 1300 1362 CV

912 1421 1156 1433 ‘ecoe-emto&

350 1472 402 1501 Ad
414 1471 598 1503 Matrouam
625 1473 704 1505 Ald.
731 1475 828 1507 Junt.
855 1476 964 1507 Colin.
993 1477 1126 1517 Gryph.
1153 1478 1261 1517 Lang.
1288 1478 1354 1508 δῖε.
1400 1477 1453 1507 Ad
1474 1474 1644 1507 Lemniam
1660 1472 1768 1505 codex

304 1513 564 1546 Pulmanni.—5
592 1516 637 1547 Et
660 1519 734 1548 muli
760 1528 802 1549 ex
830 1519 905 1550 cod.
933 1520 1095 1551 Palatino
1122 1520 1219 1551 dedit
1245 1521 1426 1551 Gruterus.
1474 1518 1604 1550 Iisdem
1630 1519 1664 1548 in
1687 1516 1771 1548 loc1s

304 1556 465 1587 lavabant
493 1557 552 1587 viri
579 1568 657 1589 cum
684 1561 883 1592 mulieribus
911 1563 1023 1594 simul.
1068 1563 1130 1594 Sed
1157 1563 1233 1594 nudi
1260 1562 1340 1593 ΑΜ.
1364 1561 1464 1594 Junt.
1497 1561 1608 1593 Colin.
1635 1559 1769 1600 Gryph.

304 1599 476 1631 Calderin.
495 1600 610 1632 Plant.
627 1602 766 1634 Junian.
791 1605 951 1636 Pulman.
966 1606 1073 1645 Lang.
1104 1607 1194 1637 aliae.
1218 1607 1342 1637 lavatur
1358 1614 1422 1645 pro
1437 1605 1577 1635 lavamur
1599 1603 1633 1634 in
1650 1602 1771 1634 codice

304 1642 568 1716 1{ulmannL-—G
592 1644 698 1677 Janns
730 1646 949 1679 Gnilielmius
982 1649 1166 1690 legendnm
1196 1653 1328 1689 censet,
1354 1648 1448 1679 verba
1472 1647 1530 1680 tui.
1573 1646 1664 1678 Vide
1687 1646 1773 1677 Var.

342 1690 427 1717 otas.

960 1733 1107 1765 NOTAE

347 1790 367 1809 *
391 1792 430 1823 In
447 1793 645 1835 Matronam]
662 1794 743 1835 Alii,
760 1796 801 1826 In
812 1796 992 1828 Lecanz‘am.
1064 1798 1195 1838 pudore
1212 1798 1261 1829 ita
1275 1797 1400 1839 agebat
1417 1795 1576 1829 Lecania.
1607 1795 1696 1827 Vide
1712 1795 1773 1828 lib.

349 1845 367 1873 1
391 1843 589 1885 Succinctus]
614 1846 698 1876 Cum
728 1846 760 1876 in
777 1846 900 1877 balnea
915 1848 1008 1878 veni-
1069 1857 1123 1879 xx.
1148 1848 1249 1889 Epig.
1265 1851 1315 1879 76.
1334 1852 1370 1879 et
1395 1848 1498 1889 Epig.
1526 1850 1580 1878 54.
1595 1847 1697 1886 infra,
1717 1847 1776 1879 nbi

305 1898 359 1926 ret
387 1895 706 1935 Lecania‚jubebat
732 1897 795 1928 sibi
810 1901 923 1928 astare
939 1907 1008 1928 ser·
1065 1899 1108 1929 de
1123 1899 1255 1930 tributo
1271 1899 1361 1941 qnod
1373 1899 1570 1940 pendebant
1582 1898 1698 1931 Judaei
1714 1899 1777 1930 cir-

304 1955 384 1976 vum
402 1945 562 1985 obligatis
586 1946 765 1986 pudendis,
780 1947 845 1978 hac
862 1946 951 1979 forte
964 1948 1008 1980 de
1065 1950 1253 1981 cumsecti:
1292 1951 1349 1990 qui
1375 1949 1541 1990 tegebant
1560 1949 1710 1991 inguina,
1732 1959 1775 1982 ne

304 2005 418 2035 cansa,
436 2000 473 2026 ut
487 1996 678 2035 suspicatur
689 1997 812 2037 Poeta,
827 2008 870 2029 ne
885 1999 919 2029 in
936 1999 1008 2029 aliis
1064 2000 1159 2040 verpi
1175 2000 1389 2032 viderentur.

305 2045 505 2077 mulieribus
522 2046 612 2077 latus
635 2046 855 2088 defatigaret.
899 2050 1008 2090 Siqni-
1105 2054 1125 2081 8
1150 2050 1354 2091 Secretusque
1384 2051 1455 2092 tua]
1490 2052 1627 2093 Nempe
1656 2051 1691 2083 in
1726 2062 1779 2084 se-

305 2096 381 2127 dem
412 2097 469 2127 alii
515 2098 708 2138 promiscue
747 2109 823 2130 cum
863 2098 1009 2131 foeminis
1063 2106 1162 2133 creto
1201 2112 1341 2134 recessu
1379 2113 1452 2135 rem
1497 2103 1648 2135 habebat
1697 2113 1775 2135 cum

305 2156 422 2179 omnes
435 2147 518 2179 nudi
547 2148 726 2181 lavabant:
753 2159 836 2191 ergo
852 2160 917 2182 non
935 2161 1006 2192 prae
1061 2162 1172 2185 servo.

916 2282 1167 2345 XXXVI.

864 2371 932 2402 AD
966 2373 1212 2404 STELLAM.

306 2433 418 2477 CUM
442 2438 617 2490 pluvias
637 2439 952 2495 madidumque
970 2441 999 2482 J
1004 2455 1132 2484 ovem
1151 2444 1340 2497 perferre
1362 2449 1550 2500 negaret,

363 2504 419 2546 Et
439 2506 559 2547 rudis
579 2507 789 2561 hybernis
810 2510 918 2551 villa
938 2516 1115 2553 nataret
1136 2513 1289 2567 aquis;

349 2602 429 2632 Cum
450 2604 539 2633 rudis
554 2604 628 2635 villa
643 2606 782 2645 nequiret
807 2606 941 2638 tolerare
953 2606 1067 2639 imbres
1088 2610 1118 2639 et
1139 2609 1247 2640 coelum
1269 2607 1422 2650 pluvium,
1448 2612 1539 2650 atque
1563 2608 1770 2642 inundaretur

967 2683 1107 2715 NOTAE

346 2745 364 2774 1
392 2744 471 2774 Cum
494 2744 631 2784 pluvias]
668 2745 794 2776 Sensus
825 2747 1006 2787 Epigram·
1062 2752 1179 2789 togam
1201 2758 1267 2790 qua
1291 2753 1398 2790 tegar,
1414 2749 1699 2791 quemadmodum
1715 2754 1767 2782 te-

304 2793 406 2824 matis
423 2800 496 2825 est:
522 2794 553 2825 Ο
580 2796 702 2836 Stella,
716 2801 754 2828 nt
777 2802 871 2829 tuum
887 2808 1007 2830 munus
1062 2800 1158 2839 gulas
1180 2800 1316 2843 misisti,
1340 2800 1462 2843 quibus
1494 2805 1672 2844 tegeretur
1692 2811 1769 2835 mea

305 2843 395 2876 omni
422 2854 463 2876 ex
494 2850 591 2885 parte
610 2845 800 2880 absolutum
827 2848 882 2890 sit,
905 2849 1007 2882 mitte
1061 2850 1153 2882 villa.
