1893 3225
242 227 327 269 782
721 239 767 269 Μ.
802 240 911 268 VAL.
945 239 1218 270 :siAR'rlAms

903 334 932 365 N
939 334 1041 366 OTAE

242 397 319 428 vide
334 396 422 436 apud
440 396 617 426 Horatium
631 396 689 427 lib.
708 397 867 428 11.Serni.
880 403 944 429 sat.
1001 405 1112 440 petur,
1125 409 1224 440 quain
1239 399 1448 440 Torquatum
1472 409 1605 441 aequare
1623 410 1697 441 pos-

243 451 271 478 3,
297 449 420 478 Sensus
436 453 512 478 est:
548 447 647 478 Prius
663 447 831 479 Otacilius
858 458 944 479 rum·
999 450 1055 481 sit.

862 584 1077 625 LXXX.

808 676 835 704 D
855 675 880 703 E
932 675 956 703 E
976 675 1004 704 R
1025 677 1051 705 o
1068 676 1096 704 T
1115 676 1155 704 E.

246 742 450 782 Pisum
476 742 599 792 Eros,
621 743 795 795 quoties
817 744 1060 784 maculosae
1083 745 1245 797 pocula
1265 744 1448 797 myrrhae

302 809 505 863 Inspicit,
528 817 602 852 aut
622 824 803 864 pueros,
825 811 1078 851 nobiliusve
1095 811 1279 852 citrum:

244 877 299 917 Et
319 879 502 930 gemitus
519 880 608 919 imo
631 879 755 919 ducit
777 879 831 919 de
853 883 1047 932 pectore,
1071 878 1190 932 quod
1214 892 1300 919 non

297 945 412 986 Tota
432 947 565 986 miser
587 945 763 986 coemat
781 951 929 999 septa,
952 945 1153 1000 feratque
1176 946 1366 986 domum.

242 1011 389 1062 Quam
412 1014 541 1054 multi
563 1014 747 1062 faciunt,
771 1015 887 1067 quod
911 1013 1036 1063 Eros,
1060 1015 1139 1055 sed
1160 1015 1323 1055 lumine
1346 1015 1493 1055 sicco!
1667 1014 1694 1052 5

298 1081 409 1121 Pars
431 1081 570 1135 major
591 1082 812 1136 lacrymas
834 1082 964 1131 ridet,
989 1087 1032 1124 et
1055 1083 1171 1124 intus
1193 1083 1339 1124 habet.

286 1193 315 1222 E
320 1201 367 1221 ros
372 1192 447 1232 flet,
474 1191 594 1232 quoties
607 1195 727 1232 spectat
739 1194 848 1233 pocula
866 1194 1001 1233 myrrhoe
1017 1195 1188 1233 maculosae,
1203 1198 1258 1226 aut
1270 1204 1391 1235 pueros,
1413 1197 1467 1225 aul
1482 1194 1594 1224 citrum
1609 1191 1696 1222 nobi-

241 1236 311 1273 lius,
323 1239 414 1273 atque
436 1244 475 1264 ex
490 1235 550 1265 z'mo
572 1238 692 1275 pectore
716 1237 781 1266 edit
804 1236 972 1275 singultus,
988 1239 1069 1276 quod
1091 1237 1204 1274 infelix
1219 1248 1277 1268 non
1293 1241 1448 1268 mercatur
1463 1240 1529 1267 tota
1541 1239 1640 1276 septa,
1663 1238 1694 1265 et

237 1281 340 1316 portet
357 1279 488 1308 domum.
536 1278 636 1312 Quam
648 1278 881 1318 multifaciant,
896 1281 976 1319 quod
995 1280 1074 1311 Eros
1089 1280 1184 1320 facit,
1197 1283 1248 1312 sed
1260 1281 1355 1312 oculis
1368 1279 1482 1311 siccis!
1507 1279 1605 1317 major
1620 1287 1695 1318 pars

237 1321 319 1351 ridet
326 1321 436 1361 fletuS,
451 1323 481 1350 ct
497 1320 583 1351 intus
595 1321 702 1351 habet.

850 1396 1087 1409 eeeeeeeeeeee

283 1463 296 1489 l
320 1460 408 1490 Terae
421 1460 626 1490 Beverlandi
638 1461 768 1492 Ms.—3
788 1462 911 1493 Promit
921 1462 955 1493 in
964 1462 1043 1495 Ald.
1053 1464 1149 1496 Junt.
1163 1462 1276 1494 Colin.
1289 1463 1418 1502 Delph.
1430 1461 1563 1501 Langii,
1573 1464 1607 1491 et
1623 1462 1694 1501 ple-

238 1502 349 1543 risque
365 1502 443 1532 edd.
459 1506 609 1534 vem—4
624 1504 771 1536 Quidam
789 1505 908 1545 legunt
923 1509 1100 1537 coe11at.—6
1122 1508 1131 1523 ‘
1143 1506 1213 1537 Pro
1228 1505 1320 1537 habet
1334 1507 1391 1537 alii
1407 1506 1525 1546 legunt
1539 1505 1629 1535 havet
1645 1504 1696 1534 vel

238 1549 317 1575 avet.
349 1545 499 1576 Grutero
516 1545 588 1576 fere
608 1547 760 1587 placeret
773 1548 948 1588 lacrymans
960 1549 1062 1581 ridet)
1083 1548 1225 1580 Schrev.

898 1635 1043 1670 NOTAE

282 1699 297 1726 1
324 1696 507 1737 Maculosae]
536 1697 611 1728 Hoc
628 1702 695 1737 est,
712 1699 812 1730 variis
828 1709 941 1731 macu-
1038 1704 1058 1732 ὓ
1082 1702 1167 1733 Pars
1188 1699 1301 1740 major]
1325 1700 1402 1731 Hoc
1424 1704 1489 1738 est,
1514 1698 1612 1730 multi
1627 1698 1697 1739 qui-

237 1748 275 1777 lis
294 1747 495 1779 distinctae:
528 1749 586 1779 lib.
605 1758 656 1780 ix.
676 1750 778 1791 Epig.
801 1753 854 1781 60.
898 1752 940 1782 In
996 1752 1072 1783 dem
1100 1753 1133 1783 in
1151 1753 1300 1793 speciem
1331 1751 1458 1790 rident,
1488 1750 1544 1791 qui
1572 1750 1696 1781 acerbo

238 1799 459 1839 Mamurram,
476 1800 533 1841 qui
548 1801 671 1840 omnia,
696 1812 770 1843 quae
788 1801 821 1832 in
837 1803 940 1842 septis
996 1804 1099 1834 animi
1118 1803 1235 1834 dolore
1259 1802 1466 1841 cruciantur,
1490 1801 1580 1843 quod
1607 1801 1695 1842 ipso-s

238 1849 371 1880 venalia
383 1855 651 1891 exponerentur,
663 1861 776 1883 emere
791 1853 939 1885 volebat.
995 1854 1125 1895 pariter
1141 1856 1287 1896 pecunia
1313 1854 1460 1886 deficiat.

842 2010 1090 2053 LXXXI.

734 2100 808 2129 DE
854 2101 1211 2132 PHYLLIDE.

238 2163 348 2205 CUM
373 2164 461 2205 duo
484 2167 709 2208 venissent
731 2168 787 2209 ad
809 2168 1021 2223 Phyllida
1040 2182 1168 2210 mane
1190 2169 1394 2218 fututum,

295 2232 352 2272 Et
373 2233 538 2274 nudam
561 2239 740 2289 cuperet
762 2249 934 2277 sumere
953 2242 1143 2290 uterque
1165 2237 1286 2290 prior
1306 2251 1316 2278 :

237 2299 451 2341 Promisit
467 2303 632 2355 pariter
653 2317 700 2344 se
724 2303 898 2358 Phyllis
920 2305 1096 2358 utrique
1118 2305 1336 2354 daturam,

294 2367 350 2408 Et
370 2368 515 2410 dedit:
548 2370 620 2411 ille
643 2371 802 2424 pedem
821 2373 1019 2423 sustulit,
1041 2373 1111 2414 hic
1132 2373 1338 2413 tunicam.

898 2471 1038 2503 NOTAE

279 2544 297 2572 3
324 2542 494 2583 Daturum]
517 2543 619 2584 Epig.
635 2548 689 2576 56.
707 2545 767 2577 lib.
782 2555 823 2577 11.
995 2548 1084 2589 quod
1099 2547 1269 2589 significat
1295 2549 1303 2565 ‘
1321 2549 1354 2580 in
1370 2549 1474 2580 altum
1491 2549 1597 2580 tulitz’
1623 2559 1695 2580 sus·

278 2595 297 2623 4
324 2593 368 2623 Et
381 2593 480 2631 dedit,
494 2595 563 2634 mu]
586 2595 631 2625 Et
648 2597 784 2637 utrique
805 2606 840 2628 se
853 2606 939 2638 prae-
995 2599 1073 2630 tulit
1087 2600 1167 2630 item
1179 2600 1355 2640 surripuit.
1387 2600 1488 2631 Alter
1503 2601 1608 2641 igitur
1624 2610 1693 2631 sur-

235 2643 323 2673 stitit
352 2644 361 2660 ⁴
378 2643 513 2675 Donna’
543 2645 673 2685 Phyllis
697 2656 756 2677 seu
770 2647 859 2679 Jana
884 2657 940 2688 ge·
996 2649 1098 2689 ripuit
1110 2650 1369 2689 tunicam,alter
1382 2651 1512 2692 potitus
1525 2656 1577 2682 est
1588 2651 1695 2689 coitu;

234 2693 337 2733 mina,
352 2692 414 2732 ἅμα
426 2693 550 2735 πρόσσω
558 2694 608 2726 καὶ
620 2694 739 2727 ὀπίσσω
748 2696 937 2729 λεύσσουσα.
995 2704 1031 2731 et
1047 2701 1095 2731 ita
1107 2702 1241 2742 utrique
1265 2701 1371 2742 dedit,
1389 2702 1487 2734 alteri
1501 2701 1641 2743 coitum,
1658 2708 1692 2733 et

237 2746 310 2785 Ego
334 2746 448 2786 potius
476 2747 644 2787 intelligo,
675 2749 785 2790 inquit
818 2750 935 2781 Domi-
993 2752 1091 2783 alteri
1104 2752 1266 2784 tunicam.

238 2796 317 2835 tius,
336 2797 450 2837 jocum
476 2807 551 2828 esse
570 2799 602 2828 in
620 2798 722 2829 verbo
745 2801 753 2816 ‘
773 2800 934 2833 sustulit?
