1893 3225
267 229 377 273 1012
745 237 793 266 M.
827 236 939 266 VAL.
972 236 1246 267 MAR'riAms

901 416 1087 457 LXIX.

718 514 933 545 PRIAPUS
967 513 1265 545 salamnus.

265 593 315 634 Sl
338 592 405 634 vis
426 605 523 633 esse
545 596 678 641 satur,
699 597 901 632 nostrum
922 597 1051 646 potes
1073 605 1173 633 esse
1195 592 1429 645 Priapum:

322 661 428 714 Ipse
449 660 549 701 licet
569 659 702 700 rodas
719 659 914 712 inguina,
939 672 1075 712 purus
1099 659 1198 699 eris.

306 769 344 801 Si
358 769 444 809 cupis
455 769 600 808 saturari,
615 768 684 799 licet
696 769 851 799 comedere
865 770 1003 798 nostrum
1018 768 1184 809 Priapum:
1208 769 1346 808 quamvis
1366 772 1400 800 tu
1414 769 1558 799 corrodas
1576 768 1717 809 inguina,

264 818 367 843 castus
383 822 455 843 eres.

918 862 1056 894 NOTAE

306 935 325 962 2
349 930 468 971 Purus]
485 931 533 962 Os
548 940 612 962 non
630 929 786 969 foedabis,
798 939 874 961 cum
889 929 1035 970 Priapus
1049 929 1092 960 sit
1109 928 1299 970 siligineus.

916 1084 1078 1125 LXX.

857 1185 1121 1216 ponens

267 1267 382 1307 ISTE
405 1266 484 1306 tibi
505 1265 640 1306 faciet
660 1265 775 1305 bona
794 1262 1046 1308 Saturnalia
1067 1275 1245 1316 porcus,

323 1334 442 1374 Inter
461 1337 717 1387 spumantes
738 1331 842 1372 ilice
862 1334 1016 1384 pastus
1040 1343 1185 1384 apros.

307 1441 480 1472 Celebmbis
496 1441 574 1472 bona
590 1440 773 1471 Saturnalia
786 1440 845 1470 isto
858 1449 950 1480 porco
965 1439 1108 1478 saginato
1123 1440 1291 1479 glandibus
1306 1442 1388 1473 inter
1403 1452 1494 1483 apros
1506 1445 1692 1483 spumantes.

868 1524 1106 1536 ,,,,,,,,,,,,

310 1573 323 1599 1
352 1570 441 1600 Fecit
456 1569 532 1600 cod.
551 1570 687 1601 Beverl.

918 1613 1058 1645 NOTAE

308 1680 323 1707 1
350 1677 439 1708 Bona
466 1677 660 1717 Saturnalia]
704 1677 791 1708 Vide
830 1678 886 1709 lib.
911 1687 962 1710 xl.
1062 1682 1081 1709 2
1108 1679 1199 1720 Ιὶἰεε]
1223 1678 1388 1710 Arbol'em
1418 1677 1501 1709 dicit
1521 1687 1582 1720 pro
1598 1677 1716 1710 fructi-

266 1728 408 1770 Epig.·2.
1019 1730 1092 1763 bus·

905 1899 1092 1940 LXXI.

695 1999 995 2029 MUSGARIUM
1032 1999 1159 2029 BUBU
1172 1999 1286 2029 LUM-

268 2080 421 2121 SORDI
432 2091 494 2119 DA
519 2078 558 2119 si
578 2078 695 2119 flavo
716 2078 843 2118 fuerit
863 2077 943 2116 tibi
963 2077 1139 2130 pulvere
1162 2077 1312 2126 vestis,

323 2146 514 2200 Colligat
532 2145 646 2186 hunc
669 2145 789 2187 tenui
809 2145 984 2186 verbere
1006 2144 1149 2185 cauda
1164 2145 1287 2185 levis.

308 2257 346 2288 Si
360 2256 502 2288 habueris
515 2259 629 2288 vestem
642 2257 835 2297 inquinatum
849 2255 935 2296 floro
953 2256 1088 2295 pulvere,
1111 2255 1206 2285 cauda
1222 2253 1296 2285 Ievis
1311 2253 1450 2283 excutiat
1471 2252 1550 2283 hunc
1573 2252 1633 2283 leti
1646 2254 1714 2293 pul-

266 2300 395 2331 satione.

876 2349 1110 2361 eeeeeeeeeeee

310 2407 489 2438 Muscarum
504 2406 532 2436 b.
550 2405 618 2435 Ms.
636 2404 772 2435 Beverl.
796 2405 804 2420 ‘
821 2404 926 2434 Gauda
938 2404 977 2434 acl
992 2404 1155 2442 tergendas
1170 2405 1277 2441 vestes,
1292 2400 1427 2431 Aldus!
1450 2401 1557 2439 Marg.
1569 2400 1616 2431 ed.
1633 2401 1713 2431 Par.

268 2451 427 2480 unz—2
452 2448 543 2478 Nunc
559 2447 603 2478 id.
649 2445 876 2477 Confirmatur
901 2446 1029 2477 centies
1055 2450 1169 2475 nostra
1191 2444 1361 2475 sementia
1379 2444 1419 2474 de
1443 2443 1505 2475 hoc
1532 2444 1595 2475 Ms.
1612 2444 1714 2474 toties

267 2491 427 2532 repetita.
472 2490 570 2521 Bovis
585 2499 646 2530 pro
663 2489 737 2520 levis
751 2489 833 2520 alios
845 2490 959 2529 legere
975 2493 1070 2519 notat
1086 2487 1230 2518 Farnab.

918 2582 1062 2615 NOTAE

312 2656 326 2683 1
356 2651 505 2692 Colligat]
539 2650 616 2682 Hoc
637 2655 707 2682 est:
734 2649 851 2682 Cauda
867 2649 961 2680 bovis
986 2652 1106 2680 excute
1117 2648 1206 2679 hunc
1223 2647 1409 2688 pulverem.
