1893 3225
246 225 332 268 996
727 234 777 263 M.
811 232 922 262 VAL.
957 230 1232 261 MAR'rlALlS

291 332 403 363 Crines
413 341 486 370 sapo
511 327 687 368 inscriptio
711 331 764 358 est
780 326 812 357 in
838 325 918 357 Ald.
942 325 1039 358 Jnnt.
1064 325 1174 356 Calin.
1203 324 1399 364 Langii.—l
1423 325 1433 342 ‘
1448 326 1592 357 Cattica:
1624 336 1698 357 cum

245 375 357 407 codex
374 372 639 406 Mediolanensis
654 372 701 402 sic
716 369 853 407 habeat,
870 374 974 410 atque
986 368 1033 399 sic
1046 377 1180 409 quoque
1195 367 1229 398 in
1242 368 1307 398 Ms.
1323 378 1383 398 suo
1398 368 1521 405 legerit
1536 369 1702 408 Raderus,

244 418 404 450 demirari
419 416 500 447 satis
517 424 662 455 nequeo,
679 413 768 453 quod
786 413 926 452 probam
941 411 1123 443 lectionem
1135 420 1201 441 non
1217 411 1412 442 retinuerit.
1431 411 1568 443 Cattica
1582 422 1704 453 spuma

246 467 298 493 est
315 462 466 492 Batava:
485 458 542 490 lib.
557 466 636 490 vui.
653 455 720 488 333
745 455 932 487 Beterland.

905 552 937 585 N
943 552 1048 584 OTAE

291 625 390 666 Sapo]
411 623 544 654 Plinius
567 620 626 652 lib.
650 628 784 651 xxvm.
802 629 878 660 cap.
893 621 948 651 12.
1000 627 1062 649 usu
1077 617 1157 648 viris
1171 625 1269 658 quam
1285 614 1457 647 foeminis?

244 681 254 698 ⁴
272 676 422 709 Prodest
438 678 472 705 et
487 682 592 713 sapo:
617 671 794 703 Gallorum
817 669 881 701 hoc
898 669 948 700 in·
1043 672 1063 701 2
1089 669 1231 710 Captivis
1245 667 1356 708 comis]
1378 667 1625 700 Germanorum
1640 670 1704 700 sci-

246 732 386 760 ventum
422 722 601 755 rutilandis
631 720 777 761 capillis,
793 729 837 750 ex
866 728 948 750 sevo
1001 720 1097 758 lieet,
1134 729 1218 760 quos
1251 718 1434 758 subegerat
1464 718 1702 751 Domitianus:

245 784 282 810 et
294 777 419 809 cinere.
442 773 603 814 Optimus
618 770 732 810 fagino
748 774 784 801 et
796 769 948 810 caprino,
1001 769 1065 801 hoc
1095 774 1170 801 est:
1202 769 1238 800 Si
1266 778 1394 809 sapone
1420 770 1540 809 utaris,
1562 770 1703 802 Germa-

247 828 380 860 duobus
410 824 530 861 modis,
558 822 685 863 spissus
716 831 755 852 ac
783 820 945 862 liquidus:
1001 831 1121 852 norum
1147 820 1352 861 elegantiam
1374 820 1409 852 in
1432 819 1582 853 rufandis
1597 822 1703 854 comis

247 885 394 921 uterque
425 875 514 916 apud
541 874 732 906 Germanos
760 871 887 912 majore
914 871 947 902 in
1003 881 1166 915 superare
1181 872 1319 914 poteris.

862 1058 1087 1102 XXVII.

762 1161 1030 1192 MATTIACAE
1064 1161 1204 1193 PILAE.

249 1244 299 1284 S1
322 1246 490 1283 mutare
511 1254 642 1296 paras
663 1241 891 1294 longaevos
913 1253 1023 1282 cana
1044 1242 1253 1295 capillos:

300 1309 473 1364 Accipe
494 1309 735 1351 Mattiacas
754 1306 864 1363 (quo
885 1308 966 1349 tibi
986 1307 1171 1363 calvai)
1192 1309 1321 1362 pilas.

282 1429 326 1503 lSi
343 1434 380 1494 tiu
396 1428 497 1459 vetula
511 1426 648 1458 intendis
670 1427 790 1466 tingere
811 1434 913 1455 comas
935 1424 1058 1464 seniles,
1080 1425 1185 1466 accipe
1202 1425 1375 1456 Mattiacas
1394 1424 1487 1465 pilas,
1509 1423 1559 1455 cui
1575 1424 1661 1465 bono,
1685 1434 1704 1456 ο

244 1483 279 1503 ca
296 1483 331 1503 ra
344 1496 351 1504 .

858 1519 1095 1532 eeeeeeeeeeee

289 1584 308 1611 2
335 1580 418 1616 Quid
434 1578 493 1610 tibi
508 1578 540 1609 in
554 1586 663 1617 marg.
678 1575 732 1608 ed.
750 1575 832 1607 Par.
849 1578 943 1607 1617.

911 1661 1051 1694 NOTAE

288 1744 307 1771 2
330 1741 445 1780 Accipe
470 1738 656 1778 Mattiacas]
684 1737 862 1769 Turnebus
887 1737 946 1769 lib.
1002 1738 1179 1771 Mattiacae
1196 1748 1216 1770 a
1230 1738 1400 1770 Mattiaco
1421 1735 1551 1778 oppido
1566 1736 1706 1768 Germa.

246 1799 300 1822 ix.
315 1800 389 1831 cap.
403 1793 457 1822 23.
503 1790 708 1821 ‘Mattiacas
725 1786 823 1829 pilas’
846 1789 949 1819 inter·
1003 1791 1082 1830 niae,
1105 1791 1229 1822 Baden.
1273 1790 1330 1821 Sic
1358 1787 1557 1819 Farnabius.
1603 1786 1706 1817 Orte·

245 1846 403 1880 pretatur
418 1840 552 1881 saponis
570 1840 738 1881 quoddam
752 1839 817 1869 vile
830 1848 949 1880 genus,
1003 1844 1068 1874 lius
1085 1852 1167 1874 vero
1183 1850 1370 1884 congruere
1383 1840 1432 1872 ait
1447 1848 1524 1872 cum
1540 1838 1709 1879 Mar-purg.

246 1901 314 1932 quo
342 1891 443 1922 tincti
480 1890 596 1932 capilli
629 1890 705 1922 cani
739 1889 950 1930 nigrescunt.

857 2055 1107 2098 XXVIII.

817 2159 848 2189 U
872 2158 905 2187 M
924 2159 948 2187 B
965 2157 991 2186 E
1009 2157 1036 2187 L
1056 2157 1083 2186 L
1100 2157 1145 2186 A.

247 2242 433 2283 Aecum
455 2251 557 2293 quae
578 2238 739 2278 nimios
760 2237 937 2278 vincant
958 2233 1219 2277 umbracula
1237 2232 1373 2282 soles,

305 2309 373 2350 Sit
392 2309 494 2349 licet
513 2311 556 2348 et
571 2312 746 2356 ventus,
765 2310 807 2347 te
826 2309 902 2347 tua
923 2305 1026 2346 vela
1047 2305 1201 2356 tegent.

288 2419 401 2458 Accipe
416 2416 594 2448 umbracula
608 2426 676 2457 quoe
690 2416 857 2447 retundant
873 2415 951 2445 soles
961 2413 1204 2444 vehementiores
1214 2421 1224 2441 .·
1248 2409 1387 2452 quamvis
1401 2412 1431 2441 et
1445 2410 1553 2440 ventus
1560 2406 1643 2449 flet,
1660 2410 1714 2439 tua

246 2463 312 2493 vela
327 2464 432 2500 tegent
448 2464 489 2491 te.

287 2552 307 2578 2
331 2546 401 2578 Alii
423 2545 555 2577 Silicel.

904 2584 1046 2618 NOTAE

296 2653 450 2693 Umbella]
473 2652 605 2685 Gallice
619 2651 756 2692 par-«sol.
1003 2645 1257 2680 vehementiori
1285 2644 1416 2686 agitata
1442 2642 1556 2674 Solem
1594 2641 1717 2673 admit-

289 2709 308 2736 2
337 2706 378 2736 Te
405 2709 461 2735 tua
478 2704 543 2734 vela
559 2703 679 2743 legent]
702 2702 803 2740 Vela,
827 2700 948 2744 quibus
1004 2699 1136 2738 tebant‚
1151 2697 1193 2729 ad
1211 2696 1299 2738 quod
1320 2694 1504 2727 arcendum
1527 2694 1708 2725 incommo-

246 2755 520 2787 circumdabatur
543 2755 724 2793 theatrum,
747 2753 827 2783 dum
856 2752 948 2784 exhi-
1005 2750 1083 2781 duni
1119 2748 1268 2780 umbella
1300 2750 1376 2778 erat
1398 2744 1586 2776 utilissima.
1632 2745 1705 2775 ‘Te

247 2807 409 2838 bercutur
426 2805 632 2846 spectacula,
652 2803 830 2846 aliquando
848 2809 949 2835 vento
1004 2806 1062 2833 tua
1080 2800 1176 2840 vela,’
1194 2800 1257 2831 hoc
1273 2803 1340 2838 est,
1356 2802 1415 2829 tua
1429 2796 1587 2829 umbella.
