1893 3225
221 222 307 265 872
695 233 744 262 M.
781 233 892 262 vAi„
926 231 1205 262 MAR‘riAms

881 327 1023 359 NOTA-2

218 397 386 432 tempore,
400 389 489 432 quod
519 391 729 431 aptissimum
760 392 803 422 sit
819 401 920 422 vena·
975 392 1045 422 lore
1062 391 1162 422 facile
1174 391 1387 432 defatigatur
1404 392 1523 423 lector.
1567 389 1573 395 ’

217 443 302 473 tioni
319 451 491 482 aprorum.
531 442 599 473 Alii
615 443 714 473 aliter
730 442 919 482 expiicant:
1020 444 1086 474 Nec
1096 443 1155 473 tibi
1167 446 1233 473 tota
1243 442 1341 483 perit]
1365 444 1499 474 Etenim
1513 445 1597 476 liber
1609 455 1674 476 non

216 503 340 534 nempe
363 503 428 523 non
445 498 496 524 est
520 494 602 525 hora
619 494 748 529 aestiva.
764 495 843 536 quia
858 495 919 525 sci·
976 498 1028 523 est
1056 498 1123 523 tam
1151 493 1268 531 malus,
1293 494 1374 535 quin
1396 505 1438 526 ex
1463 505 1502 526 eo
1527 494 1674 528 fructum

215 545 298 577 licet
323 544 454 576 aestatis
482 549 635 586 tempore
660 543 709 586 p‘e
749 545 850 576 nimio
867 554 921 575 ca·
977 544 1123 585 aliquem
1139 544 1320 585 percipias.

686 798 751 826 AD
784 796 877 825 ΒΕΑ
913 796 1160 826 ΟΑΒΜΙΝΛ.

217 864 340 915 QUAE
364 865 496 906 modo
517 865 722 907 littoreos
746 867 882 906 ibatis
903 865 1099 905 carmina
1121 863 1307 918 Pyrgos,

274 934 338 974 Ite
360 934 512 984 Sacra,
528 935 622 988 jam
644 947 730 974 non
754 934 1062 987 puiverulenta
1084 933 1157 973 via
1179 938 1260 973 est.

258 1060 288 1091 Ο
307 1070 425 1097 tersus,
449 1061 500 1099 qui
518 1062 602 1091 modo
616 1060 769 1099 petebatis
789 1060 910 1100 Pyrgos
928 1060 1111 1099 maritimos,
1133 1060 1177 1089 ite
1195 1058 1247 1089 via
1264 1058 1372 1098 Sacra,
1387 1058 1458 1097 jam
1475 1059 1536 1089 iter
1551 1069 1611 1089 non
1628 1062 1673 1089 est

218 1105 476 1143 pulverulentum.

872 1157 1015 1189 NOTAE

258 1236 270 1263 l
300 1234 378 1268 Quoe
401 1233 503 1274 modo]
549 1236 599 1266 Ex
631 1235 714 1266 urbe
745 1235 913 1276 quondam
973 1234 1100 1264 timum.

212 1283 315 1314 libros
332 1294 422 1314 meos
440 1285 513 1315 misi
542 1286 688 1326 Pyrgos,
715 1291 751 1316 nt
777 1286 853 1315 inde
881 1286 912 1315 in
1012 1287 1030 1315 2
1050 1285 1099 1315 Ite
1114 1283 1226 1324 Sacra]
1239 1283 1329 1314 Hinc
1346 1283 1508 1323 colligere
1519 1288 1570 1314 est
1585 1282 1673 1314 hunc

213 1335 295 1364 alias
321 1335 410 1365 orbis
436 1342 552 1376 partes
579 1336 819 1367 mitterentur:
842 1337 912 1375 jam
971 1335 1092 1366 librum
1109 1335 1247 1366 missum
1265 1344 1339 1366 esse
1358 1335 1412 1365 vel
1438 1343 1519 1365 vere
1545 1334 1598 1365 vel
1615 1343 1674 1365 au·

212 1394 292 1416 vero
305 1395 346 1416 ex
362 1386 768 1426 Hispaniainosmittoin
784 1387 912 1417 urbem.
971 1392 1097 1422 tutuno,
1119 1386 1198 1427 quia
1222 1391 1303 1417 tunc
1328 1385 1500 1417 humidum
1527 1390 1578 1417 est
1607 1395 1674 1416 coe·

212 1435 316 1476 Pyrgi
343 1436 505 1477 oppidum
531 1437 596 1468 fnit
620 1438 795 1468 Heu-uriae
813 1437 911 1467 mari·
968 1437 1048 1468 ium.
1094 1437 1182 1468 vide
1200 1437 1416 1478 Epigramma
1438 1435 1650 1478 praecedens.

898 1616 988 1657 ΙΙΙ.

704 1705 769 1734 An
804 1705 995 1735 mustum
1031 1704 1182 1734 SUUM.

209 1771 285 1812 An
310 1774 500 1827 populos
521 1774 633 1815 mitti
657 1773 734 1827 qui
756 1786 893 1827 nuper
915 1774 971 1814 ab
994 1773 1100 1813 urbe
1123 1772 1311 1822 solebas,

266 1840 360 1881 Ibis
382 1842 425 1882 io
450 1842 640 1883 Romam
663 1854 780 1881 nunc
801 1841 1028 1894 peregrine
1049 1840 1176 1888 liber,

204 1906 394 1949 Auriferi
416 1909 471 1950 de
492 1914 615 1962 gente
636 1908 766 1961 Tagi,
786 1909 1016 1962 tetricique
1037 1908 1232 1958 Salonis,

265 1976 355 2017 Dat
376 1978 543 2030 patrios
567 1977 723 2018 Manes
746 1989 847 2030 quae
882 1976 987 2016 mihi
1007 1979 1121 2016 terra
1144 1980 1313 2029 potens.

251 2097 282 2128 Ο
299 2097 376 2128 liber
387 2097 562 2137 peregrine,
584 2098 637 2137 qui
662 2107 759 2137 nuper
784 2097 899 2128 solebas
925 2097 962 2128 ab
987 2096 1060 2127 urbe
1085 2097 1172 2127 mitti
1195 2098 1235 2127 ad
1258 2098 1396 2137 populos,
1418 2100 1453 2128 tu
1478 2108 1557 2129 nunc
1583 2102 1668 2139 petes

207 2139 338 2171 Romam
349 2150 388 2171 ex
400 2141 559 2181 provincia
572 2140 703 2179 auriferi
721 2140 813 2179 Tagi,
826 2144 856 2171 et
873 2140 996 2170 Salonis
1012 2140 1135 2180 rustici,
1148 2150 1216 2181 quae
1233 2144 1317 2171 terra
1331 2144 1440 2181 potens
1456 2142 1533 2172 mihi
1546 2142 1666 2182 praebet

819 2237 1053 2248 eeeeeeeeeeee

247 2293 267 2321 2
290 2290 358 2321 Ibis
373 2295 406 2321 tu
420 2291 548 2322 Romam
565 2293 684 2331 vulgg.
724 2292 816 2322 Nunc
835 2292 960 2322 Romam
973 2293 1025 2322 sed
1041 2290 1243 2322 Reverlandi
1259 2291 1326 2321 Ms.
1350 2292 1358 2307 ‘
1370 2290 1406 2320 Io
1423 2299 1486 2321 vox
1503 2289 1664 2332 frequen·

205 2337 260 2363 ter
275 2338 326 2364 est
343 2340 515 2374 corrupta,
532 2335 682 2374 inprimis
695 2334 783 2373 apud
803 2335 996 2365 Martialem
1011 2345 1020 2371 ;
1045 2334 1132 2374 apud
1151 2343 1249 2374 quem
1275 2342 1334 2371 pro
1349 2333 1416 2364 Ibis
1432 2335 1461 2363 'io
1482 2334 1613 2364 Romam
1629 2339 1664 2365 tu

202 2377 368 2415 peregrine
382 2377 470 2413 liber,
493 2377 558 2407 Ibis
575 2388 652 2407 nunc
667 2383 887 2417 reposuerant
914 2378 1064 2408 homines
1082 2376 1219 2407 insciti!
1265 2376 1379 2406 Heius.
1396 2379 1428 2407 2.
1456 2377 1515 2407 On.
1537 2387 1570 2417 p.
1589 2380 1662 2409 172.

204 2422 267 2450 —4
294 2419 383 2455 Quod
406 2420 610 2451 Beveriand.
634 2421 700 2450 Pro
729 2424 838 2460 potens
861 2420 917 2450 aiii
942 2422 1130 2461 parens.—6
1154 2419 1195 2450 ln
1223 2419 1423 2460 quibusdam
1449 2420 1555 2450 domus
1590 2429 1662 2453 una.

863 2515 1002 2546 NOTAE

248 2586 265 2615 1
299 2584 351 2616 Ad
379 2583 520 2625 populos]
579 2584 656 2616 Hoc
690 2584 909 2626 Epigramma
1003 2588 1023 2616 4
1047 2586 1115 2616 Dat
1129 2586 1248 2626 patrios
1263 2586 1389 2627 Manes]
1427 2587 1469 2618 In
1493 2596 1560 2628 qua
1573 2587 1665 2619 scili·

203 2634 557 2676 ejusdemargumenti
569 2640 620 2667 est
631 2645 706 2666 cum
718 2636 908 2676 superiore.
963 2641 1018 2668 cet
1043 2642 1136 2668 terra
1156 2638 1285 2669 conditi
1310 2643 1389 2669 suut
1416 2639 1548 2670 cineres
1571 2648 1661 2670 meo-

248 2688 267 2716 3
292 2685 432 2726 Salonis]
455 2687 509 2718 De
525 2695 590 2727 quo
607 2685 665 2717 lib.
689 2695 714 2716 1.
740 2686 839 2726 Epig.
856 2688 907 2716 50.
963 2697 1035 2718 rum
1059 2693 1249 2729 parentum,
1278 2694 1313 2720 et
1336 2699 1412 2731 quae
1444 2690 1557 2730 patria
1587 2700 1663 2721 meu

206 2744 305 2776 quem
321 2737 480 2768 tetricum
505 2741 604 2767 vocat
630 2741 772 2777 propter
796 2745 906 2777 agren·
963 2743 1028 2770 est.

208 2792 259 2818 tes
282 2797 340 2819 seu
359 2789 499 2819 tetricos
517 2788 590 2829 ejus
609 2789 752 2819 accolas,
