1893 3225
520 259 623 288 nme
634 259 732 289 ΒΑΜ
745 259 877 290 MATU
889 259 918 287 M
958 259 1049 289 mn.
1076 259 1178 288 xlv.
1456 249 1565 290 1011

751 452 928 494 LXVI.

687 542 1006 573 MAMILLARE.

116 613 351 654 TAussiNo
377 615 549 665 poteras
571 614 726 664 pectus
748 611 1041 664 constringere
1065 616 1210 663 tergo:

176 679 295 721 Nam
315 679 448 734 pellis
468 692 680 720 mammas
701 692 787 720 non
808 680 929 734 capit
948 679 1036 720 ista
1057 681 1171 720 tuas.

161 801 295 831 Poteras
325 800 480 831 devincire
508 795 613 840 pectus
643 802 730 839 tergo
756 799 903 836 έαιινὶνιος
939 798 1001 829 ista
1031 799 1112 830 enim
1134 799 1224 839 pellis
1246 809 1305 830 mm
1334 799 1471 831 continet
1499 803 1568 831 tuas

118 853 276 874 mammas.

724 893 956 905 eeeeeeeeeee

161 930 211 961 M.
227 931 266 961 ad
279 940 476 961 mammosam
490 929 542 960 ed.
556 929 660 960 Barb.

771 982 911 1014 NOTAE

162 1047 356 1087 Mamillare]
387 1048 526 1079 Scilicet
549 1047 636 1089 quod
665 1046 815 1077 mammis
913 1049 932 1076 2
957 1046 1029 1077 Non
1053 1046 1152 1086 capit]
1174 1046 1230 1078 Sic
1249 1051 1346 1078 notat
1373 1050 1408 1077 et
1435 1046 1571 1077 derIdet

119 1099 274 1140 tegendis
288 1098 506 1129 inserviebat.
872 1098 1028 1137 ingentes
1044 1107 1203 1129 mammas
1219 1097 1391 1138 cujusdam
1408 1096 1570 1127 mulieris.

744 1259 949 1301 LXVII.

562 1351 817 1381 MUSCARIA
852 1350 1127 1380 PAVONINA.

123 1421 368 1462 LAMBERE
390 1433 488 1473 quae
511 1424 660 1473 turpes
682 1419 886 1473 prohibet
906 1423 980 1459 tua
1002 1416 1189 1471 prandia
1208 1429 1401 1466 muscaS,

177 1486 313 1528 Alitis
334 1487 512 1528 eximiae
535 1486 681 1528 cauda
701 1487 894 1540 superba
913 1485 1017 1526 fuit.

163 1599 276 1630 Sumus
289 1599 386 1629 cauda
398 1597 527 1638 superba
541 1595 677 1635 egregia>
690 1594 767 1634 avis,
790 1605 857 1634 quoe
872 1597 955 1625 vetat
972 1602 1092 1624 muscas
1105 1593 1223 1632 lingere
1247 1596 1301 1623 tua
1313 1592 1462 1633 prandia.

729 1685 941 1696 ‘‘‘‘‘‘‘‘‘‘‘
945 1684 965 1695 O

164 1744 212 1775 M.
223 1752 375 1783 pavonum
390 1741 466 1773 cod.
485 1741 622 1772 Beverl.
660 1740 852 1771 Muscarium
864 1740 1051 1780 pavoninum
1067 1738 1119 1770 ed.
1137 1738 1242 1769 Barb.

780 1819 918 1852 NOTAE

167 1891 183 1919 1
206 1886 371 1926 Lambere]
415 1885 621 1917 Muscarium
650 1884 821 1916 flabellum
919 1888 939 1915 2
962 1884 1058 1915 Alitis
1073 1882 1212 1922 eximiae]
1236 1881 1384 1913 Pavouis
1398 1880 1539 1912 scilicet.

122 1944 197 1970 erat
212 1939 335 1970 muscis
352 1937 527 1978 abigendis
542 1936 712 1967 idoneum.

733 2087 822 2128 LX
831 2086 964 2127 VIII.

656 2177 810 2207 COP'PA
845 2175 1051 2205 RHomA.

127 2249 414 2290 Pssccssimns
436 2246 589 2287 famuli
610 2258 756 2299 pugno
774 2258 827 2285 ne
847 2247 1028 2298 percute
1050 2242 1204 2282 dentes
1224 2254 1234 2281 2

183 2315 316 2357 Clara
337 2313 525 2355 Rhodos
545 2317 721 2367 coptam
742 2325 872 2366 quam
895 2311 978 2351 tibi
997 2309 1134 2358 misit,
1153 2307 1270 2348 edat.

171 2426 217 2455 Ne
230 2433 333 2464 pugno
347 2423 428 2455 coede
441 2424 548 2455 dentes
564 2423 646 2454 servi
672 2422 829 2453 errantis.-
853 2421 909 2452 ine
931 2421 1092 2452 manducet
1105 2423 1241 2460 coptam,
1264 2427 1332 2459 quae
1346 2417 1406 2448 tibi
1421 2418 1517 2449 allata
1531 2419 1576 2448 est

130 2468 240 2499 Rhodo
254 2467 359 2498 nobili.

787 2505 931 2538 NOTAE

171 2577 192 2605 2
218 2574 312 2604 Clara
341 2570 478 2610 Rhodos]
508 2571 685 2602 Turnebus
706 2570 768 2602 lib.
794 2579 828 2602 x.
885 2570 1065 2601 durissima
1093 2567 1301 2600 afferebatur
1328 2565 1462 2604 Rhodo,
1492 2569 1529 2595 ut
1559 2574 1578 2595 e

129 2635 204 2665 cap.
233 2627 284 2655 10.
307 2623 357 2654 sic
384 2622 536 2662 explicat
557 2626 712 2661 coptam:
738 2621 825 2660 Hoc,
884 2620 1053 2651 Martialis
1073 2620 1156 2660 joco
1186 2617 1438 2649 intelleximus:
1477 2619 1579 2655 copta

129 2675 254 2716 inquit,
281 2683 385 2714 genus
416 2670 564 2713 panificii
594 2671 743 2710 videtur,
771 2670 824 2702 cui
882 2680 963 2702 vero
987 2670 1061 2702 fita
1081 2669 1195 2709 κόπτω,
1221 2668 1335 2707 incido,
1352 2668 1451 2708 pulso,
1479 2675 1578 2707 qnam

131 2725 298 2767 quaedam,
314 2734 388 2765 quae
411 2722 647 2761 tonderentur,
661 2726 699 2752 ut
714 2720 823 2761 ipsum
880 2721 1089 2752 manducans
1105 2729 1219 2752 servus
1235 2717 1392 2759 effringet
1404 2726 1481 2749 suos
1497 2715 1577 2747 den-

131 2776 333 2808 vocabulum
346 2773 540 2813 confitetur,
549 2773 781 2811 miscerentur,
789 2776 828 2802 ut
879 2776 942 2803 tes.

132 2826 243 2859 nuclei
258 2826 363 2867 pinei,
383 2823 588 2865 amygdalae:
614 2822 671 2854 sed
696 2822 827 2854 omnino
