<?xml version="1.0" encoding="UTF-8"?>
<!DOCTYPE html PUBLIC "-//W3C//DTD XHTML 1.0 Transitional//EN"
    "http://www.w3.org/TR/xhtml1/DTD/xhtml1-transitional.dtd">
<html xmlns="http://www.w3.org/1999/xhtml" xml:lang="en" lang="en">
 <head>
  <title>
</title>
<meta http-equiv="Content-Type" content="text/html;charset=utf-8" />
  <meta name='ocr-system' content='tesseract 3.04.00' />
  <meta name='ocr-capabilities' content='ocr_page ocr_carea ocr_par ocr_line ocrx_word'/>
</head>
<body>
  <div class='ocr_page' id='page_1' title='image "./epigrammataexedi02martuoft_0422.png"; bbox 0 0 1893 3225; ppageno 0'>
   <div class='ocr_carea' id='block_1_1' title="bbox 251 255 1219 298">
    <p class='ocr_par' dir='ltr' id='par_1_1' title="bbox 251 255 1219 298">
     <span class='ocr_line' id='line_1_1' title="bbox 251 255 1219 298; baseline 0.003 -3"><span class='ocrx_word' id='word_1_1' title='bbox 251 255 335 296; x_wconf 72' lang='lat'>910</span> <span class='ocrx_word' id='word_1_2' title='bbox 707 268 754 296; x_wconf 77' lang='grc' dir='ltr'>Μ.</span> <span class='ocrx_word' id='word_1_3' title='bbox 791 268 902 296; x_wconf 62' lang='lat' dir='ltr'>vm„</span> <span class='ocrx_word' id='word_1_4' title='bbox 941 268 1219 298; x_wconf 71' lang='lat' dir='ltr'><strong>MARTIALIS</strong></span> 
     </span>
    </p>
   </div>
   <div class='ocr_carea' id='block_1_2' title="bbox 365 361 1698 957">
    <p class='ocr_par' dir='ltr' id='par_1_2' title="bbox 366 361 1692 485">
     <span class='ocr_line' id='line_1_2' title="bbox 366 361 1692 417; baseline 0.004 -15"><span class='ocrx_word' id='word_1_5' title='bbox 366 361 449 402; x_wconf 89' lang='lat' dir='ltr'>Cui</span> <span class='ocrx_word' id='word_1_6' title='bbox 470 363 604 415; x_wconf 87' lang='lat' dir='ltr'>plana</span> <span class='ocrx_word' id='word_1_7' title='bbox 624 376 817 404; x_wconf 83' lang='lat' dir='ltr'>summos</span> <span class='ocrx_word' id='word_1_8' title='bbox 838 363 1031 417; x_wconf 79' lang='lat' dir='ltr'>despicit</span> <span class='ocrx_word' id='word_1_9' title='bbox 1049 365 1207 405; x_wconf 90' lang='lat' dir='ltr'>domus</span> <span class='ocrx_word' id='word_1_10' title='bbox 1222 370 1406 416; x_wconf 87' lang='lat' dir='ltr'>montes,</span> <span class='ocrx_word' id='word_1_11' title='bbox 1637 366 1692 407; x_wconf 73' lang='lat'>20</span> 
     </span>
     <span class='ocr_line' id='line_1_3' title="bbox 367 429 1354 485; baseline 0.002 -16"><span class='ocrx_word' id='word_1_12' title='bbox 367 429 423 469; x_wconf 91' lang='lat' dir='ltr'>Et</span> <span class='ocrx_word' id='word_1_13' title='bbox 443 443 516 470; x_wconf 86' lang='lat' dir='ltr'>rus</span> <span class='ocrx_word' id='word_1_14' title='bbox 538 431 583 470; x_wconf 91' lang='lat' dir='ltr'>in</span> <span class='ocrx_word' id='word_1_15' title='bbox 603 432 710 471; x_wconf 84' lang='lat' dir='ltr'>urbe</span> <span class='ocrx_word' id='word_1_16' title='bbox 729 435 811 480; x_wconf 85' lang='lat' dir='ltr'>est,</span> <span class='ocrx_word' id='word_1_17' title='bbox 843 433 1083 485; x_wconf 83' lang='lat' dir='ltr'>vinitorque</span> <span class='ocrx_word' id='word_1_18' title='bbox 1106 432 1354 473; x_wconf 84' lang='lat' dir='ltr'>Romanus.</span> 
     </span>
    </p>

    <p class='ocr_par' dir='ltr' id='par_1_3' title="bbox 366 496 1307 553">
     <span class='ocr_line' id='line_1_4' title="bbox 366 496 1307 553; baseline 0.003 -16"><span class='ocrx_word' id='word_1_19' title='bbox 366 496 463 538; x_wconf 89' lang='lat' dir='ltr'>Nec</span> <span class='ocrx_word' id='word_1_20' title='bbox 485 498 530 537; x_wconf 88' lang='lat' dir='ltr'>in</span> <span class='ocrx_word' id='word_1_21' title='bbox 554 498 739 539; x_wconf 81' lang='lat' dir='ltr'>Falerno</span> <span class='ocrx_word' id='word_1_22' title='bbox 761 499 873 539; x_wconf 89' lang='lat' dir='ltr'>colle</span> <span class='ocrx_word' id='word_1_23' title='bbox 897 500 1036 553; x_wconf 81' lang='lat' dir='ltr'>major</span> <span class='ocrx_word' id='word_1_24' title='bbox 1057 506 1307 550; x_wconf 78' lang='lat' dir='ltr'>autumnus,</span> 
     </span>
    </p>

    <p class='ocr_par' dir='ltr' id='par_1_4' title="bbox 366 564 1294 618">
     <span class='ocr_line' id='line_1_5' title="bbox 366 564 1294 618; baseline 0.004 -14"><span class='ocrx_word' id='word_1_25' title='bbox 366 564 571 618; x_wconf 82' lang='lat' dir='ltr'>Intraque</span> <span class='ocrx_word' id='word_1_26' title='bbox 592 566 724 606; x_wconf 90' lang='lat' dir='ltr'>limen</span> <span class='ocrx_word' id='word_1_27' title='bbox 746 566 924 607; x_wconf 84' lang='lat' dir='ltr'>clausus</span> <span class='ocrx_word' id='word_1_28' title='bbox 946 567 1107 607; x_wconf 82' lang='lat' dir='ltr'>essedo</span> <span class='ocrx_word' id='word_1_29' title='bbox 1122 581 1294 618; x_wconf 85' lang='lat' dir='ltr'>cursus,</span> 
     </span>
    </p>

    <p class='ocr_par' dir='ltr' id='par_1_5' title="bbox 365 633 1307 688">
     <span class='ocr_line' id='line_1_6' title="bbox 365 633 1307 688; baseline 0.004 -16"><span class='ocrx_word' id='word_1_30' title='bbox 365 633 421 673; x_wconf 88' lang='lat' dir='ltr'>Et</span> <span class='ocrx_word' id='word_1_31' title='bbox 442 633 483 673; x_wconf 90' lang='lat' dir='ltr'>in</span> <span class='ocrx_word' id='word_1_32' title='bbox 506 634 721 686; x_wconf 81' lang='lat' dir='ltr'>profundo</span> <span class='ocrx_word' id='word_1_33' title='bbox 745 647 940 684; x_wconf 79' lang='lat' dir='ltr'>somnus,</span> <span class='ocrx_word' id='word_1_34' title='bbox 962 639 1004 676; x_wconf 87' lang='lat' dir='ltr'>et</span> <span class='ocrx_word' id='word_1_35' title='bbox 1032 636 1155 688; x_wconf 85' lang='lat' dir='ltr'>quies</span> <span class='ocrx_word' id='word_1_36' title='bbox 1177 637 1307 676; x_wconf 83' lang='lat' dir='ltr'>nullis</span> 
     </span>
    </p>

    <p class='ocr_par' dir='ltr' id='par_1_6' title="bbox 366 700 1698 820">
     <span class='ocr_line' id='line_1_7' title="bbox 366 700 1698 754; baseline 0.001 -14"><span class='ocrx_word' id='word_1_37' title='bbox 366 700 547 741; x_wconf 84' lang='lat' dir='ltr'>Offensa</span> <span class='ocrx_word' id='word_1_38' title='bbox 566 702 752 754; x_wconf 83' lang='lat' dir='ltr'>linguis;</span> <span class='ocrx_word' id='word_1_39' title='bbox 787 714 867 742; x_wconf 89' lang='lat' dir='ltr'>nec</span> <span class='ocrx_word' id='word_1_40' title='bbox 884 702 991 751; x_wconf 81' lang='lat' dir='ltr'>dies,</span> <span class='ocrx_word' id='word_1_41' title='bbox 1012 703 1099 742; x_wconf 86' lang='lat' dir='ltr'>nisi</span> <span class='ocrx_word' id='word_1_42' title='bbox 1120 702 1351 743; x_wconf 79' lang='lat' dir='ltr'>admissus.</span> <span class='ocrx_word' id='word_1_43' title='bbox 1641 702 1698 742; x_wconf 74' lang='lat'>25</span> 
     </span>
     <span class='ocr_line' id='line_1_8' title="bbox 366 768 1243 820; baseline 0.002 -12"><span class='ocrx_word' id='word_1_44' title='bbox 366 768 465 808; x_wconf 88' lang='lat' dir='ltr'>Nos</span> <span class='ocrx_word' id='word_1_45' title='bbox 486 770 746 809; x_wconf 85' lang='lat' dir='ltr'>transeuntis</span> <span class='ocrx_word' id='word_1_46' title='bbox 772 770 886 810; x_wconf 83' lang='lat' dir='ltr'>risus</span> <span class='ocrx_word' id='word_1_47' title='bbox 909 770 1073 809; x_wconf 84' lang='lat' dir='ltr'>excitat</span> <span class='ocrx_word' id='word_1_48' title='bbox 1092 770 1243 820; x_wconf 80' lang='lat' dir='ltr'>turbae,</span> 
     </span>
    </p>

    <p class='ocr_par' dir='ltr' id='par_1_7' title="bbox 365 836 1256 878">
     <span class='ocr_line' id='line_1_9' title="bbox 365 836 1256 878; baseline 0.001 -2"><span class='ocrx_word' id='word_1_49' title='bbox 365 836 421 876; x_wconf 88' lang='lat' dir='ltr'>Et</span> <span class='ocrx_word' id='word_1_50' title='bbox 442 836 497 876; x_wconf 88' lang='lat' dir='ltr'>ad</span> <span class='ocrx_word' id='word_1_51' title='bbox 519 836 662 876; x_wconf 86' lang='lat' dir='ltr'>cubile</span> <span class='ocrx_word' id='word_1_52' title='bbox 683 842 754 877; x_wconf 86' lang='lat' dir='ltr'>est</span> <span class='ocrx_word' id='word_1_53' title='bbox 775 837 941 877; x_wconf 86' lang='lat' dir='ltr'>Roma:</span> <span class='ocrx_word' id='word_1_54' title='bbox 974 837 1106 877; x_wconf 84' lang='lat' dir='ltr'>taedio</span> <span class='ocrx_word' id='word_1_55' title='bbox 1127 838 1256 878; x_wconf 85' lang='lat' dir='ltr'>fessis</span> 
     </span>
    </p>

    <p class='ocr_par' dir='ltr' id='par_1_8' title="bbox 368 904 1320 957">
     <span class='ocr_line' id='line_1_10' title="bbox 368 904 1320 957; baseline 0.003 -13"><span class='ocrx_word' id='word_1_56' title='bbox 368 904 569 944; x_wconf 81' lang='lat' dir='ltr'>Dormire</span> <span class='ocrx_word' id='word_1_57' title='bbox 591 904 759 957; x_wconf 87' lang='lat' dir='ltr'>quoties</span> <span class='ocrx_word' id='word_1_58' title='bbox 779 904 919 953; x_wconf 88' lang='lat' dir='ltr'>libuit,</span> <span class='ocrx_word' id='word_1_59' title='bbox 940 905 1053 945; x_wconf 83' lang='lat' dir='ltr'>imus</span> <span class='ocrx_word' id='word_1_60' title='bbox 1075 905 1130 945; x_wconf 88' lang='lat' dir='ltr'>ad</span> <span class='ocrx_word' id='word_1_61' title='bbox 1154 905 1320 947; x_wconf 84' lang='lat' dir='ltr'>villam.</span> 
     </span>
    </p>
   </div>
   <div class='ocr_carea' id='block_1_3' title="bbox 249 1014 1696 1227">
    <p class='ocr_par' dir='ltr' id='par_1_9' title="bbox 249 1014 1696 1227">
     <span class='ocr_line' id='line_1_11' title="bbox 249 1014 1694 1055; baseline 0 -10"><span class='ocrx_word' id='word_1_62' title='bbox 249 1015 375 1055; x_wconf 78' lang='lat' dir='ltr'>discere,</span> <span class='ocrx_word' id='word_1_63' title='bbox 389 1015 437 1045; x_wconf 83' lang='lat' dir='ltr'>cui</span> <span class='ocrx_word' id='word_1_64' title='bbox 448 1015 540 1054; x_wconf 85' lang='lat' dir='ltr'>plana</span> <span class='ocrx_word' id='word_1_65' title='bbox 555 1016 660 1044; x_wconf 84' lang='lat' dir='ltr'>domus</span> <span class='ocrx_word' id='word_1_66' title='bbox 673 1014 840 1044; x_wconf 79' lang='lat' dir='ltr'>contemnit</span> <span class='ocrx_word' id='word_1_67' title='bbox 855 1017 971 1044; x_wconf 85' lang='lat' dir='ltr'>montes</span> <span class='ocrx_word' id='word_1_68' title='bbox 984 1016 1128 1054; x_wconf 76' lang='lat' dir='ltr'>excelsos,</span> <span class='ocrx_word' id='word_1_69' title='bbox 1141 1018 1171 1045; x_wconf 81' lang='lat' dir='ltr'>et</span> <span class='ocrx_word' id='word_1_70' title='bbox 1186 1025 1240 1046; x_wconf 85' lang='lat' dir='ltr'>rus</span> <span class='ocrx_word' id='word_1_71' title='bbox 1254 1015 1286 1045; x_wconf 81' lang='lat' dir='ltr'>in</span> <span class='ocrx_word' id='word_1_72' title='bbox 1298 1015 1370 1046; x_wconf 81' lang='lat' dir='ltr'>urbe</span> <span class='ocrx_word' id='word_1_73' title='bbox 1381 1019 1438 1054; x_wconf 82' lang='lat' dir='ltr'>est,</span> <span class='ocrx_word' id='word_1_74' title='bbox 1456 1018 1485 1046; x_wconf 86' lang='lat' dir='ltr'>et</span> <span class='ocrx_word' id='word_1_75' title='bbox 1500 1014 1617 1046; x_wconf 77' lang='lat' dir='ltr'>vinitor</span> <span class='ocrx_word' id='word_1_76' title='bbox 1634 1014 1694 1045; x_wconf 79' lang='lat' dir='ltr'>Ro-</span> 
     </span>
     <span class='ocr_line' id='line_1_12' title="bbox 251 1057 1695 1097; baseline -0.001 -9"><span class='ocrx_word' id='word_1_77' title='bbox 251 1067 368 1088; x_wconf 66' lang='lat' dir='ltr'>manus:</span> <span class='ocrx_word' id='word_1_78' title='bbox 414 1058 481 1088; x_wconf 86' lang='lat' dir='ltr'>Nec</span> <span class='ocrx_word' id='word_1_79' title='bbox 505 1058 602 1096; x_wconf 78' lang='lat' dir='ltr'>major</span> <span class='ocrx_word' id='word_1_80' title='bbox 616 1061 783 1087; x_wconf 77' lang='lat' dir='ltr'>autumnus</span> <span class='ocrx_word' id='word_1_81' title='bbox 806 1058 838 1087; x_wconf 84' lang='lat' dir='ltr'>in</span> <span class='ocrx_word' id='word_1_82' title='bbox 856 1057 987 1087; x_wconf 75' lang='lat' dir='ltr'>Falerno</span> <span class='ocrx_word' id='word_1_83' title='bbox 1004 1062 1117 1097; x_wconf 76' lang='lat' dir='ltr'>monte,</span> <span class='ocrx_word' id='word_1_84' title='bbox 1140 1061 1169 1088; x_wconf 74' lang='lat' dir='ltr'>et</span> <span class='ocrx_word' id='word_1_85' title='bbox 1191 1068 1297 1088; x_wconf 73' lang='lat' dir='ltr'>cursus</span> <span class='ocrx_word' id='word_1_86' title='bbox 1312 1060 1413 1089; x_wconf 80' lang='lat' dir='ltr'>essedo</span> <span class='ocrx_word' id='word_1_87' title='bbox 1437 1058 1593 1088; x_wconf 79' lang='lat' dir='ltr'>limitatus</span> <span class='ocrx_word' id='word_1_88' title='bbox 1608 1057 1695 1088; x_wconf 81' lang='lat' dir='ltr'>intra</span> 
     </span>
     <span class='ocr_line' id='line_1_13' title="bbox 250 1100 1696 1139; baseline 0 -9"><span class='ocrx_word' id='word_1_89' title='bbox 250 1101 359 1137; x_wconf 80' lang='lat' dir='ltr'>limen,</span> <span class='ocrx_word' id='word_1_90' title='bbox 373 1103 403 1131; x_wconf 85' lang='lat' dir='ltr'>et</span> <span class='ocrx_word' id='word_1_91' title='bbox 417 1110 540 1130; x_wconf 83' lang='lat' dir='ltr'>somnus</span> <span class='ocrx_word' id='word_1_92' title='bbox 553 1100 758 1138; x_wconf 61' lang='lat' dir='ltr'>arctissimum,</span> <span class='ocrx_word' id='word_1_93' title='bbox 770 1102 799 1130; x_wconf 79' lang='lat' dir='ltr'>et</span> <span class='ocrx_word' id='word_1_94' title='bbox 813 1100 897 1139; x_wconf 78' lang='lat' dir='ltr'>quies</span> <span class='ocrx_word' id='word_1_95' title='bbox 910 1110 967 1130; x_wconf 79' lang='lat' dir='ltr'>non</span> <span class='ocrx_word' id='word_1_96' title='bbox 985 1100 1110 1130; x_wconf 75' lang='lat' dir='ltr'>turbata</span> <span class='ocrx_word' id='word_1_97' title='bbox 1126 1101 1198 1130; x_wconf 82' lang='lat' dir='ltr'>ullis</span> <span class='ocrx_word' id='word_1_98' title='bbox 1214 1101 1341 1139; x_wconf 51' lang='lat' dir='ltr'>lingum,</span> <span class='ocrx_word' id='word_1_99' title='bbox 1357 1111 1412 1131; x_wconf 85' lang='lat' dir='ltr'>nec</span> <span class='ocrx_word' id='word_1_100' title='bbox 1423 1101 1480 1131; x_wconf 82' lang='lat' dir='ltr'>lux</span> <span class='ocrx_word' id='word_1_101' title='bbox 1500 1101 1562 1131; x_wconf 80' lang='lat' dir='ltr'>nisi</span> <span class='ocrx_word' id='word_1_102' title='bbox 1583 1100 1696 1130; x_wconf 73' lang='lat' dir='ltr'>admis-</span> 
     </span>
     <span class='ocr_line' id='line_1_14' title="bbox 250 1143 1695 1181; baseline -0.001 -8"><span class='ocrx_word' id='word_1_103' title='bbox 250 1153 295 1173; x_wconf 78' lang='lat' dir='ltr'>sa.</span> <span class='ocrx_word' id='word_1_104' title='bbox 342 1144 410 1173; x_wconf 84' lang='lat' dir='ltr'>Nos</span> <span class='ocrx_word' id='word_1_105' title='bbox 427 1152 506 1174; x_wconf 80' lang='lat' dir='ltr'>vero</span> <span class='ocrx_word' id='word_1_106' title='bbox 522 1144 694 1173; x_wconf 70' lang='lat' dir='ltr'>excitamur</span> <span class='ocrx_word' id='word_1_107' title='bbox 709 1144 774 1172; x_wconf 75' lang='lat' dir='ltr'>risu</span> <span class='ocrx_word' id='word_1_108' title='bbox 795 1143 985 1173; x_wconf 78' lang='lat' dir='ltr'>transeuntis</span> <span class='ocrx_word' id='word_1_109' title='bbox 1009 1144 1227 1181; x_wconf 77' lang='lat' dir='ltr'>multitudinis,</span> <span class='ocrx_word' id='word_1_110' title='bbox 1240 1147 1271 1174; x_wconf 84' lang='lat' dir='ltr'>et</span> <span class='ocrx_word' id='word_1_111' title='bbox 1294 1144 1394 1175; x_wconf 84' lang='lat' dir='ltr'>Roma</span> <span class='ocrx_word' id='word_1_112' title='bbox 1421 1147 1483 1174; x_wconf 84' lang='lat' dir='ltr'>stat</span> <span class='ocrx_word' id='word_1_113' title='bbox 1496 1147 1567 1174; x_wconf 83' lang='lat' dir='ltr'>ante</span> <span class='ocrx_word' id='word_1_114' title='bbox 1581 1143 1695 1173; x_wconf 80' lang='lat' dir='ltr'>cubile:</span> 
     </span>
     <span class='ocr_line' id='line_1_15' title="bbox 250 1185 1349 1227; baseline 0.001 -11"><span class='ocrx_word' id='word_1_115' title='bbox 250 1186 367 1225; x_wconf 81' lang='lat' dir='ltr'>quoties</span> <span class='ocrx_word' id='word_1_116' title='bbox 377 1186 494 1226; x_wconf 83' lang='lat' dir='ltr'>placuit</span> <span class='ocrx_word' id='word_1_117' title='bbox 509 1186 605 1217; x_wconf 86' lang='lat' dir='ltr'>nobis</span> <span class='ocrx_word' id='word_1_118' title='bbox 620 1186 712 1216; x_wconf 79' lang='lat' dir='ltr'>taedio</span> <span class='ocrx_word' id='word_1_119' title='bbox 725 1185 909 1225; x_wconf 72' lang='lat' dir='ltr'>defatigatis</span> <span class='ocrx_word' id='word_1_120' title='bbox 925 1187 1070 1226; x_wconf 76' lang='lat' dir='ltr'>dormire,</span> <span class='ocrx_word' id='word_1_121' title='bbox 1083 1187 1218 1227; x_wconf 82' lang='lat' dir='ltr'>petimus</span> <span class='ocrx_word' id='word_1_122' title='bbox 1233 1187 1349 1217; x_wconf 76' lang='lat' dir='ltr'>viltam.</span> 
     </span>
    </p>
   </div>
   <div class='ocr_carea' id='block_1_4' title="bbox 853 1259 1095 1271">
    <p class='ocr_par' dir='ltr' id='par_1_10' title="bbox 853 1259 1095 1271">
     <span class='ocr_line' id='line_1_16' title="bbox 853 1259 1095 1271; baseline 0.004 -2"><span class='ocrx_word' id='word_1_123' title='bbox 853 1259 952 1270; x_wconf 61' lang='lat' dir='ltr'><em>W</em></span> <span class='ocrx_word' id='word_1_124' title='bbox 953 1259 1095 1271; x_wconf 56' lang='grc' dir='ltr'><em>ΝΝΝΝΝ</em></span> 
     </span>
    </p>
   </div>
   <div class='ocr_carea' id='block_1_5' title="bbox 198 1314 1274 1347">
    <p class='ocr_par' dir='ltr' id='par_1_11' title="bbox 198 1314 1274 1347">
     <span class='ocr_line' id='line_1_17' title="bbox 198 1314 1274 1347; baseline 0.003 -5"><span class='ocrx_word' id='word_1_125' title='bbox 198 1339 201 1342; x_wconf 75' lang='grc'>,</span> <span class='ocrx_word' id='word_1_126' title='bbox 250 1316 363 1347; x_wconf 77' lang='lat' dir='ltr'>essedo.</span> <span class='ocrx_word' id='word_1_127' title='bbox 407 1315 523 1346; x_wconf 82' lang='lat' dir='ltr'>Essedo</span> <span class='ocrx_word' id='word_1_128' title='bbox 538 1315 638 1345; x_wconf 78' lang='lat' dir='ltr'>curris</span> <span class='ocrx_word' id='word_1_129' title='bbox 649 1314 855 1345; x_wconf 87' lang='lat' dir='ltr'>Beverlandi</span> <span class='ocrx_word' id='word_1_130' title='bbox 867 1314 1019 1346; x_wconf 83' lang='lat' dir='ltr'><strong>Ms.--26</strong></span> <span class='ocrx_word' id='word_1_131' title='bbox 1034 1315 1159 1346; x_wconf 81' lang='lat' dir='ltr'>Stroma</span> <span class='ocrx_word' id='word_1_132' title='bbox 1175 1314 1274 1345; x_wconf 86' lang='lat' dir='ltr'>idem.</span> 
     </span>
    </p>
   </div>
   <div class='ocr_carea' id='block_1_6' title="bbox 906 1399 1049 1431">
    <p class='ocr_par' dir='ltr' id='par_1_12' title="bbox 906 1399 1049 1431">
     <span class='ocr_line' id='line_1_18' title="bbox 906 1399 1049 1431; baseline -0.007 0"><span class='ocrx_word' id='word_1_133' title='bbox 906 1399 1049 1431; x_wconf 87' lang='lat' dir='ltr'>NOTAE</span> 
     </span>
    </p>
   </div>
   <div class='ocr_carea' id='block_1_7' title="bbox 251 1462 1699 1555">
    <p class='ocr_par' dir='ltr' id='par_1_13' title="bbox 251 1462 1699 1555">
     <span class='ocr_line' id='line_1_19' title="bbox 253 1462 1698 1503; baseline 0 -9"><span class='ocrx_word' id='word_1_134' title='bbox 253 1463 313 1494; x_wconf 78' lang='lat' dir='ltr'>sub</span> <span class='ocrx_word' id='word_1_135' title='bbox 328 1462 500 1502; x_wconf 70' lang='lat' dir='ltr'>janiculo,</span> <span class='ocrx_word' id='word_1_136' title='bbox 530 1462 586 1493; x_wconf 90' lang='lat' dir='ltr'>ubi</span> <span class='ocrx_word' id='word_1_137' title='bbox 618 1471 678 1493; x_wconf 86' lang='lat' dir='ltr'>rex</span> <span class='ocrx_word' id='word_1_138' title='bbox 704 1462 829 1501; x_wconf 87' lang='lat' dir='ltr'>Numa,</span> <span class='ocrx_word' id='word_1_139' title='bbox 855 1466 944 1493; x_wconf 83' lang='lat' dir='ltr'>teste</span> <span class='ocrx_word' id='word_1_140' title='bbox 1000 1462 1124 1493; x_wconf 82' lang='lat' dir='ltr'>aedium</span> <span class='ocrx_word' id='word_1_141' title='bbox 1139 1468 1271 1494; x_wconf 80' lang='lat' dir='ltr'>tuarum</span> <span class='ocrx_word' id='word_1_142' title='bbox 1287 1467 1384 1503; x_wconf 81' lang='lat' dir='ltr'>septa</span> <span class='ocrx_word' id='word_1_143' title='bbox 1396 1463 1543 1503; x_wconf 81' lang='lat' dir='ltr'>spatium</span> <span class='ocrx_word' id='word_1_144' title='bbox 1556 1467 1608 1494; x_wconf 89' lang='lat' dir='ltr'>est</span> <span class='ocrx_word' id='word_1_145' title='bbox 1624 1473 1698 1503; x_wconf 86' lang='lat' dir='ltr'>ges-</span> 
     </span>
     <span class='ocr_line' id='line_1_20' title="bbox 251 1512 1699 1555; baseline 0 -10"><span class='ocrx_word' id='word_1_146' title='bbox 251 1515 359 1549; x_wconf 88' lang='lat' dir='ltr'>Livio,</span> <span class='ocrx_word' id='word_1_147' title='bbox 390 1513 455 1544; x_wconf 88' lang='lat' dir='ltr'>fuit</span> <span class='ocrx_word' id='word_1_148' title='bbox 484 1513 649 1553; x_wconf 81' lang='lat' dir='ltr'>sepultus.</span> <span class='ocrx_word' id='word_1_149' title='bbox 692 1512 749 1544; x_wconf 88' lang='lat' dir='ltr'>Ita</span> <span class='ocrx_word' id='word_1_150' title='bbox 779 1512 945 1543; x_wconf 81' lang='lat' dir='ltr'>Raderus·</span> <span class='ocrx_word' id='word_1_151' title='bbox 1001 1515 1122 1545; x_wconf 86' lang='lat' dir='ltr'>tationi</span> <span class='ocrx_word' id='word_1_152' title='bbox 1153 1520 1188 1546; x_wconf 92' lang='lat' dir='ltr'>et</span> <span class='ocrx_word' id='word_1_153' title='bbox 1214 1516 1325 1547; x_wconf 80' lang='lat' dir='ltr'>cursui</span> <span class='ocrx_word' id='word_1_154' title='bbox 1342 1515 1522 1547; x_wconf 83' lang='lat' dir='ltr'>sufficiens.</span> <span class='ocrx_word' id='word_1_155' title='bbox 1566 1516 1699 1555; x_wconf 75' lang='lat' dir='ltr'>Legunt</span> 
     </span>
    </p>
   </div>
   <div class='ocr_carea' id='block_1_8' title="bbox 252 1565 1700 1860">
    <p class='ocr_par' dir='ltr' id='par_1_14' title="bbox 252 1565 1700 1657">
     <span class='ocr_line' id='line_1_21' title="bbox 252 1565 1700 1605; baseline 0 -9"><span class='ocrx_word' id='word_1_156' title='bbox 252 1566 340 1596; x_wconf 86' lang='lat' dir='ltr'>Vide</span> <span class='ocrx_word' id='word_1_157' title='bbox 356 1565 415 1596; x_wconf 86' lang='lat' dir='ltr'>lib.</span> <span class='ocrx_word' id='word_1_158' title='bbox 429 1574 479 1596; x_wconf 81' lang='lat' dir='ltr'>iv.</span> <span class='ocrx_word' id='word_1_159' title='bbox 492 1565 589 1605; x_wconf 84' lang='lat' dir='ltr'>Epig.</span> <span class='ocrx_word' id='word_1_160' title='bbox 604 1567 658 1595; x_wconf 79' lang='grc'>64.</span> <span class='ocrx_word' id='word_1_161' title='bbox 999 1565 1069 1604; x_wconf 84' lang='lat' dir='ltr'>alii,</span> <span class='ocrx_word' id='word_1_162' title='bbox 1084 1567 1164 1596; x_wconf 84' lang='lat' dir='ltr'>latus</span> <span class='ocrx_word' id='word_1_163' title='bbox 1177 1567 1278 1596; x_wconf 82' lang='lat' dir='ltr'>essedo</span> <span class='ocrx_word' id='word_1_164' title='bbox 1293 1576 1418 1598; x_wconf 83' lang='lat' dir='ltr'>cursus:</span> <span class='ocrx_word' id='word_1_165' title='bbox 1449 1566 1604 1599; x_wconf 85' lang='lat' dir='ltr'>essedum</span> <span class='ocrx_word' id='word_1_166' title='bbox 1619 1575 1700 1597; x_wconf 81' lang='lat' dir='ltr'>vero</span> 
     </span>
     <span class='ocr_line' id='line_1_22' title="bbox 294 1614 1353 1657; baseline 0.001 -10"><span class='ocrx_word' id='word_1_167' title='bbox 294 1619 334 1647; x_wconf 81' lang='lat'>21</span> <span class='ocrx_word' id='word_1_168' title='bbox 364 1615 545 1655; x_wconf 81' lang='lat' dir='ltr'>Vinitorque</span> <span class='ocrx_word' id='word_1_169' title='bbox 563 1614 734 1654; x_wconf 80' lang='lat' dir='ltr'>Romanus]</span> <span class='ocrx_word' id='word_1_170' title='bbox 753 1614 841 1647; x_wconf 83' lang='lat' dir='ltr'>Quia</span> <span class='ocrx_word' id='word_1_171' title='bbox 857 1614 945 1645; x_wconf 84' lang='lat' dir='ltr'>scili·</span> <span class='ocrx_word' id='word_1_172' title='bbox 1001 1626 1109 1657; x_wconf 80' lang='lat' dir='ltr'>genus</span> <span class='ocrx_word' id='word_1_173' title='bbox 1128 1622 1178 1648; x_wconf 84' lang='lat' dir='ltr'>est</span> <span class='ocrx_word' id='word_1_174' title='bbox 1196 1618 1353 1648; x_wconf 86' lang='lat' dir='ltr'>vehiculi.</span> 
     </span>
    </p>

    <p class='ocr_par' dir='ltr' id='par_1_15' title="bbox 252 1665 1696 1756">
     <span class='ocr_line' id='line_1_23' title="bbox 252 1665 1696 1709; baseline 0.001 -11"><span class='ocrx_word' id='word_1_175' title='bbox 252 1671 308 1699; x_wconf 86' lang='lat' dir='ltr'>cet</span> <span class='ocrx_word' id='word_1_176' title='bbox 324 1666 420 1697; x_wconf 84' lang='lat' dir='ltr'>vinea</span> <span class='ocrx_word' id='word_1_177' title='bbox 435 1671 488 1696; x_wconf 85' lang='lat' dir='ltr'>est</span> <span class='ocrx_word' id='word_1_178' title='bbox 511 1666 544 1696; x_wconf 89' lang='lat' dir='ltr'>in</span> <span class='ocrx_word' id='word_1_179' title='bbox 570 1665 646 1705; x_wconf 88' lang='lat' dir='ltr'>ipsa</span> <span class='ocrx_word' id='word_1_180' title='bbox 660 1665 756 1696; x_wconf 81' lang='lat' dir='ltr'>urbe.</span> <span class='ocrx_word' id='word_1_181' title='bbox 1045 1670 1084 1697; x_wconf 84' lang='lat'>25</span> <span class='ocrx_word' id='word_1_182' title='bbox 1110 1668 1185 1698; x_wconf 78' lang='lat' dir='ltr'>Nisi</span> <span class='ocrx_word' id='word_1_183' title='bbox 1200 1668 1367 1708; x_wconf 76' lang='lat' dir='ltr'>admissus]</span> <span class='ocrx_word' id='word_1_184' title='bbox 1392 1669 1476 1701; x_wconf 87' lang='lat' dir='ltr'>Cum</span> <span class='ocrx_word' id='word_1_185' title='bbox 1493 1668 1603 1709; x_wconf 81' lang='lat' dir='ltr'>aperis</span> <span class='ocrx_word' id='word_1_186' title='bbox 1621 1673 1696 1699; x_wconf 77' lang='lat' dir='ltr'>tuas</span> 
     </span>
     <span class='ocr_line' id='line_1_24' title="bbox 295 1715 1181 1756; baseline 0.002 -9"><span class='ocrx_word' id='word_1_187' title='bbox 295 1719 336 1747; x_wconf 85' lang='lat'>22</span> <span class='ocrx_word' id='word_1_188' title='bbox 350 1717 481 1747; x_wconf 83' lang='lat' dir='ltr'>Falerno</span> <span class='ocrx_word' id='word_1_189' title='bbox 496 1715 584 1755; x_wconf 86' lang='lat' dir='ltr'>colle]</span> <span class='ocrx_word' id='word_1_190' title='bbox 604 1715 800 1755; x_wconf 81' lang='lat' dir='ltr'>Campaniae</span> <span class='ocrx_word' id='word_1_191' title='bbox 815 1724 950 1756; x_wconf 82' lang='lat' dir='ltr'>nempe,</span> <span class='ocrx_word' id='word_1_192' title='bbox 1003 1716 1181 1750; x_wconf 81' lang='lat' dir='ltr'>fenestras.</span> 
     </span>
    </p>

    <p class='ocr_par' dir='ltr' id='par_1_16' title="bbox 252 1765 1700 1809">
     <span class='ocr_line' id='line_1_25' title="bbox 252 1765 1700 1809; baseline 0 -11"><span class='ocrx_word' id='word_1_193' title='bbox 252 1767 310 1798; x_wconf 89' lang='lat' dir='ltr'>ubi</span> <span class='ocrx_word' id='word_1_194' title='bbox 326 1767 409 1798; x_wconf 79' lang='lat' dir='ltr'>vites</span> <span class='ocrx_word' id='word_1_195' title='bbox 425 1771 504 1797; x_wconf 88' lang='lat' dir='ltr'>sunt</span> <span class='ocrx_word' id='word_1_196' title='bbox 517 1766 762 1798; x_wconf 76' lang='lat' dir='ltr'>amoenissimae.</span> <span class='ocrx_word' id='word_1_197' title='bbox 786 1765 950 1798; x_wconf 89' lang='lat' dir='ltr'>‘Autum-</span> <span class='ocrx_word' id='word_1_198' title='bbox 1047 1771 1086 1799; x_wconf 85' lang='lat'>27</span> <span class='ocrx_word' id='word_1_199' title='bbox 1120 1769 1164 1799; x_wconf 87' lang='lat' dir='ltr'>Et</span> <span class='ocrx_word' id='word_1_200' title='bbox 1203 1770 1243 1799; x_wconf 79' lang='lat' dir='ltr'>ad</span> <span class='ocrx_word' id='word_1_201' title='bbox 1271 1769 1384 1809; x_wconf 81' lang='lat' dir='ltr'>cubile]</span> <span class='ocrx_word' id='word_1_202' title='bbox 1413 1770 1541 1800; x_wconf 90' lang='lat' dir='ltr'>Tantus</span> <span class='ocrx_word' id='word_1_203' title='bbox 1570 1768 1700 1800; x_wconf 85' lang='lat' dir='ltr'>scilicet</span> 
     </span>
    </p>

    <p class='ocr_par' dir='ltr' id='par_1_17' title="bbox 252 1818 1699 1860">
     <span class='ocr_line' id='line_1_26' title="bbox 252 1818 1699 1860; baseline -0.001 -10"><span class='ocrx_word' id='word_1_204' title='bbox 252 1829 330 1850; x_wconf 88' lang='lat' dir='ltr'>num</span> <span class='ocrx_word' id='word_1_205' title='bbox 341 1819 348 1831; x_wconf 93' lang='lat'><em>&#39;</em></span> <span class='ocrx_word' id='word_1_206' title='bbox 366 1819 454 1850; x_wconf 83' lang='lat' dir='ltr'>dixit</span> <span class='ocrx_word' id='word_1_207' title='bbox 468 1828 527 1859; x_wconf 85' lang='lat' dir='ltr'>pro</span> <span class='ocrx_word' id='word_1_208' title='bbox 541 1819 616 1859; x_wconf 81' lang='lat' dir='ltr'>ipsa</span> <span class='ocrx_word' id='word_1_209' title='bbox 627 1818 807 1849; x_wconf 82' lang='lat' dir='ltr'>vindemia.</span> <span class='ocrx_word' id='word_1_210' title='bbox 1004 1823 1057 1849; x_wconf 87' lang='lat' dir='ltr'>cst</span> <span class='ocrx_word' id='word_1_211' title='bbox 1079 1818 1121 1849; x_wconf 84' lang='lat' dir='ltr'>ad</span> <span class='ocrx_word' id='word_1_212' title='bbox 1150 1829 1240 1850; x_wconf 84' lang='lat' dir='ltr'>meas</span> <span class='ocrx_word' id='word_1_213' title='bbox 1265 1819 1353 1851; x_wconf 81' lang='lat' dir='ltr'>fores</span> <span class='ocrx_word' id='word_1_214' title='bbox 1385 1820 1560 1860; x_wconf 85' lang='lat' dir='ltr'>strepitus,</span> <span class='ocrx_word' id='word_1_215' title='bbox 1575 1823 1613 1849; x_wconf 89' lang='lat' dir='ltr'>ut</span> <span class='ocrx_word' id='word_1_216' title='bbox 1627 1823 1699 1849; x_wconf 81' lang='lat' dir='ltr'>tota</span> 
     </span>
    </p>
   </div>
   <div class='ocr_carea' id='block_1_9' title="bbox 294 1867 1578 1908">
    <p class='ocr_par' dir='ltr' id='par_1_18' title="bbox 294 1867 1578 1908">
     <span class='ocr_line' id='line_1_27' title="bbox 294 1867 1578 1908; baseline 0 -9"><span class='ocrx_word' id='word_1_217' title='bbox 294 1871 334 1899; x_wconf 77' lang='lat'>23</span> <span class='ocrx_word' id='word_1_218' title='bbox 360 1868 506 1908; x_wconf 83' lang='lat' dir='ltr'>Intraque</span> <span class='ocrx_word' id='word_1_219' title='bbox 528 1867 637 1907; x_wconf 85' lang='lat' dir='ltr'>limen]</span> <span class='ocrx_word' id='word_1_220' title='bbox 666 1867 741 1898; x_wconf 87' lang='lat' dir='ltr'>Hoc</span> <span class='ocrx_word' id='word_1_221' title='bbox 769 1872 834 1907; x_wconf 83' lang='lat' dir='ltr'>est,</span> <span class='ocrx_word' id='word_1_222' title='bbox 860 1867 950 1898; x_wconf 76' lang='lat' dir='ltr'>intra</span> <span class='ocrx_word' id='word_1_223' title='bbox 1004 1869 1112 1899; x_wconf 86' lang='lat' dir='ltr'>Roma</span> <span class='ocrx_word' id='word_1_224' title='bbox 1127 1868 1196 1899; x_wconf 90' lang='lat' dir='ltr'>illic</span> <span class='ocrx_word' id='word_1_225' title='bbox 1212 1873 1301 1900; x_wconf 86' lang='lat' dir='ltr'>stare</span> <span class='ocrx_word' id='word_1_226' title='bbox 1314 1869 1394 1900; x_wconf 85' lang='lat' dir='ltr'>mihi</span> <span class='ocrx_word' id='word_1_227' title='bbox 1410 1869 1578 1900; x_wconf 84' lang='lat' dir='ltr'>videatur.</span> 
     </span>
    </p>
   </div>
   <div class='ocr_carea' id='block_1_10' title="bbox 799 2009 1162 2130">
    <p class='ocr_par' dir='ltr' id='par_1_19' title="bbox 799 2009 1162 2130">
     <span class='ocr_line' id='line_1_28' title="bbox 884 2009 1061 2051; baseline 0 0"><span class='ocrx_word' id='word_1_228' title='bbox 884 2009 1061 2051; x_wconf 86' lang='lat' dir='ltr'><strong>LVIII.</strong></span> 
     </span>
     <span class='ocr_line' id='line_1_29' title="bbox 799 2099 1162 2130; baseline -0.003 -1"><span class='ocrx_word' id='word_1_229' title='bbox 799 2100 867 2129; x_wconf 84' lang='lat' dir='ltr'>AD</span> <span class='ocrx_word' id='word_1_230' title='bbox 901 2099 1162 2130; x_wconf 81' lang='lat' dir='ltr'><strong>ALAUDAM.</strong></span> 
     </span>
    </p>
   </div>
   <div class='ocr_carea' id='block_1_11' title="bbox 252 2173 1334 2294">
    <p class='ocr_par' dir='ltr' id='par_1_20' title="bbox 252 2173 1334 2294">
     <span class='ocr_line' id='line_1_30' title="bbox 252 2173 1334 2226; baseline -0.004 -9"><span class='ocrx_word' id='word_1_231' title='bbox 252 2175 680 2217; x_wconf 66' lang='lat' dir='ltr'>AueinnAmoLUM</span> <span class='ocrx_word' id='word_1_232' title='bbox 714 2178 790 2216; x_wconf 85' lang='lat' dir='ltr'>tua</span> <span class='ocrx_word' id='word_1_233' title='bbox 812 2180 855 2216; x_wconf 88' lang='lat' dir='ltr'>te</span> <span class='ocrx_word' id='word_1_234' title='bbox 876 2178 1005 2216; x_wconf 87' lang='lat' dir='ltr'>vocat</span> <span class='ocrx_word' id='word_1_235' title='bbox 1020 2186 1148 2223; x_wconf 82' lang='lat' dir='ltr'>uxor,</span> <span class='ocrx_word' id='word_1_236' title='bbox 1170 2175 1212 2213; x_wconf 88' lang='lat' dir='ltr'>et</span> <span class='ocrx_word' id='word_1_237' title='bbox 1233 2173 1334 2226; x_wconf 83' lang='lat' dir='ltr'>ipsa</span> 
     </span>
     <span class='ocr_line' id='line_1_31' title="bbox 309 2240 1256 2294; baseline -0.004 -10"><span class='ocrx_word' id='word_1_238' title='bbox 309 2243 602 2284; x_wconf 82' lang='lat' dir='ltr'>Lecticariola</span> <span class='ocrx_word' id='word_1_239' title='bbox 624 2247 719 2284; x_wconf 84' lang='lat' dir='ltr'>est:</span> <span class='ocrx_word' id='word_1_240' title='bbox 751 2242 880 2292; x_wconf 86' lang='lat' dir='ltr'>estis,</span> <span class='ocrx_word' id='word_1_241' title='bbox 904 2240 1098 2290; x_wconf 88' lang='lat' dir='ltr'>Alauda,</span> <span class='ocrx_word' id='word_1_242' title='bbox 1113 2253 1256 2294; x_wconf 84' lang='lat' dir='ltr'>pares.</span> 
     </span>
    </p>
   </div>
   <div class='ocr_carea' id='block_1_12' title="bbox 254 2349 1700 2437">
    <p class='ocr_par' dir='ltr' id='par_1_21' title="bbox 254 2349 1700 2437">
     <span class='ocr_line' id='line_1_32' title="bbox 297 2349 1700 2394; baseline -0.002 -10"><span class='ocrx_word' id='word_1_243' title='bbox 297 2353 418 2392; x_wconf 78' lang='lat' dir='ltr'>Conjua:</span> <span class='ocrx_word' id='word_1_244' title='bbox 446 2356 499 2384; x_wconf 84' lang='lat' dir='ltr'>tua</span> <span class='ocrx_word' id='word_1_245' title='bbox 524 2356 554 2384; x_wconf 90' lang='lat' dir='ltr'>te</span> <span class='ocrx_word' id='word_1_246' title='bbox 581 2353 715 2394; x_wconf 81' lang='lat' dir='ltr'>appellat</span> <span class='ocrx_word' id='word_1_247' title='bbox 735 2351 972 2392; x_wconf 81' lang='lat' dir='ltr'>ancillariolum,</span> <span class='ocrx_word' id='word_1_248' title='bbox 994 2354 1023 2382; x_wconf 85' lang='lat' dir='ltr'>et</span> <span class='ocrx_word' id='word_1_249' title='bbox 1048 2350 1116 2391; x_wconf 84' lang='lat' dir='ltr'>ipsa</span> <span class='ocrx_word' id='word_1_250' title='bbox 1139 2349 1325 2380; x_wconf 78' lang='lat' dir='ltr'>lecticariola</span> <span class='ocrx_word' id='word_1_251' title='bbox 1351 2352 1418 2380; x_wconf 86' lang='lat' dir='ltr'>est:</span> <span class='ocrx_word' id='word_1_252' title='bbox 1443 2358 1462 2380; x_wconf 94' lang='lat'><strong>0</strong></span> <span class='ocrx_word' id='word_1_253' title='bbox 1477 2349 1612 2391; x_wconf 80' lang='lat' dir='ltr'>Alauda,</span> <span class='ocrx_word' id='word_1_254' title='bbox 1626 2351 1700 2382; x_wconf 75' lang='lat' dir='ltr'>estis</span> 
     </span>
     <span class='ocr_line' id='line_1_33' title="bbox 254 2398 395 2437; baseline 0 -10"><span class='ocrx_word' id='word_1_255' title='bbox 254 2398 395 2437; x_wconf 66' lang='lat' dir='ltr'>(equales.</span> 
     </span>
    </p>
   </div>
   <div class='ocr_carea' id='block_1_13' title="bbox 252 2436 1700 2644">
    <p class='ocr_par' dir='ltr' id='par_1_22' title="bbox 252 2436 1700 2644">
     <span class='ocr_line' id='line_1_34' title="bbox 909 2436 1048 2467; baseline 0 0"><span class='ocrx_word' id='word_1_256' title='bbox 909 2436 1048 2467; x_wconf 86' lang='lat' dir='ltr'>NOTAE</span> 
     </span>
     <span class='ocr_line' id='line_1_35' title="bbox 296 2499 1700 2542; baseline -0.005 -7"><span class='ocrx_word' id='word_1_257' title='bbox 296 2508 311 2535; x_wconf 94' lang='grc'>1</span> <span class='ocrx_word' id='word_1_258' title='bbox 344 2502 594 2542; x_wconf 80' lang='lat' dir='ltr'>Ancillariolum]</span> <span class='ocrx_word' id='word_1_259' title='bbox 623 2501 689 2534; x_wconf 82' lang='lat' dir='ltr'>Qui</span> <span class='ocrx_word' id='word_1_260' title='bbox 713 2511 827 2533; x_wconf 84' lang='lat' dir='ltr'>amore</span> <span class='ocrx_word' id='word_1_261' title='bbox 843 2501 945 2532; x_wconf 85' lang='lat' dir='ltr'>ancil·</span> <span class='ocrx_word' id='word_1_262' title='bbox 1000 2500 1112 2532; x_wconf 86' lang='lat' dir='ltr'>stituit</span> <span class='ocrx_word' id='word_1_263' title='bbox 1124 2499 1227 2531; x_wconf 81' lang='lat' dir='ltr'>servis</span> <span class='ocrx_word' id='word_1_264' title='bbox 1244 2500 1401 2531; x_wconf 87' lang='lat' dir='ltr'>lecticam</span> <span class='ocrx_word' id='word_1_265' title='bbox 1413 2500 1677 2532; x_wconf 80' lang='lat' dir='ltr'>succollantibus</span> <span class='ocrx_word' id='word_1_266' title='bbox 1692 2508 1700 2528; x_wconf 76' lang='grc' dir='ltr'>ε</span> 
     </span>
     <span class='ocr_line' id='line_1_36' title="bbox 252 2549 1700 2594; baseline -0.003 -9"><span class='ocrx_word' id='word_1_267' title='bbox 252 2556 358 2585; x_wconf 79' lang='lat' dir='ltr'>larum</span> <span class='ocrx_word' id='word_1_268' title='bbox 373 2558 492 2594; x_wconf 85' lang='lat' dir='ltr'>captus</span> <span class='ocrx_word' id='word_1_269' title='bbox 516 2557 579 2592; x_wconf 84' lang='lat' dir='ltr'>est,</span> <span class='ocrx_word' id='word_1_270' title='bbox 598 2557 633 2583; x_wconf 88' lang='lat' dir='ltr'>et</span> <span class='ocrx_word' id='word_1_271' title='bbox 659 2553 693 2583; x_wconf 92' lang='lat' dir='ltr'>in</span> <span class='ocrx_word' id='word_1_272' title='bbox 719 2553 767 2583; x_wconf 88' lang='lat' dir='ltr'>eis</span> <span class='ocrx_word' id='word_1_273' title='bbox 791 2552 945 2583; x_wconf 87' lang='lat' dir='ltr'>libidina—</span> <span class='ocrx_word' id='word_1_274' title='bbox 1003 2561 1076 2591; x_wconf 81' lang='lat' dir='ltr'>quae</span> <span class='ocrx_word' id='word_1_275' title='bbox 1089 2549 1509 2583; x_wconf 85' lang='lat' dir='ltr'>sordidissimalibidoest.</span> <span class='ocrx_word' id='word_1_276' title='bbox 1524 2551 1700 2583; x_wconf 86' lang='lat' dir='ltr'>Turnebus</span> 
     </span>
     <span class='ocr_line' id='line_1_37' title="bbox 253 2602 1329 2644; baseline -0.002 -8"><span class='ocrx_word' id='word_1_277' title='bbox 253 2613 306 2636; x_wconf 80' lang='lat' dir='ltr'>tur</span> <span class='ocrx_word' id='word_1_278' title='bbox 322 2616 328 2635; x_wconf 94' lang='lat'><strong>:</strong></span> <span class='ocrx_word' id='word_1_279' title='bbox 355 2610 390 2636; x_wconf 89' lang='lat' dir='ltr'>et</span> <span class='ocrx_word' id='word_1_280' title='bbox 423 2605 433 2622; x_wconf 81' lang='lat'>‘</span> <span class='ocrx_word' id='word_1_281' title='bbox 449 2602 680 2644; x_wconf 80' lang='lat' dir='ltr'>lecticariola,’</span> <span class='ocrx_word' id='word_1_282' title='bbox 701 2612 777 2644; x_wconf 86' lang='lat' dir='ltr'>quae</span> <span class='ocrx_word' id='word_1_283' title='bbox 809 2612 844 2634; x_wconf 84' lang='lat' dir='ltr'>se</span> <span class='ocrx_word' id='word_1_284' title='bbox 872 2612 945 2644; x_wconf 81' lang='lat' dir='ltr'>pro-</span> <span class='ocrx_word' id='word_1_285' title='bbox 1001 2604 1059 2635; x_wconf 90' lang='lat' dir='ltr'>lib.</span> <span class='ocrx_word' id='word_1_286' title='bbox 1076 2612 1168 2636; x_wconf 78' lang='lat' dir='ltr'><strong>xxx.</strong></span> <span class='ocrx_word' id='word_1_287' title='bbox 1185 2612 1261 2643; x_wconf 88' lang='lat' dir='ltr'>cap.</span> <span class='ocrx_word' id='word_1_288' title='bbox 1278 2605 1329 2636; x_wconf 84' lang='grc'>26.</span> 
     </span>
    </p>
   </div>
  </div>
 </body>
</html>
