<?xml version="1.0" encoding="UTF-8"?>
<!DOCTYPE html PUBLIC "-//W3C//DTD XHTML 1.0 Transitional//EN"
    "http://www.w3.org/TR/xhtml1/DTD/xhtml1-transitional.dtd">
<html xmlns="http://www.w3.org/1999/xhtml" xml:lang="en" lang="en">
 <head>
  <title>
</title>
<meta http-equiv="Content-Type" content="text/html;charset=utf-8" />
  <meta name='ocr-system' content='tesseract 3.04.00' />
  <meta name='ocr-capabilities' content='ocr_page ocr_carea ocr_par ocr_line ocrx_word'/>
</head>
<body>
  <div class='ocr_page' id='page_1' title='image "./epigrammataexedi02martuoft_0468.png"; bbox 0 0 1893 3225; ppageno 0'>
   <div class='ocr_carea' id='block_1_1' title="bbox 280 213 1257 254">
    <p class='ocr_par' dir='ltr' id='par_1_1' title="bbox 280 213 1257 254">
     <span class='ocr_line' id='line_1_1' title="bbox 280 213 1257 254; baseline -0.006 -2"><span class='ocrx_word' id='word_1_1' title='bbox 280 213 367 254; x_wconf 74' lang='grc'><strong>956</strong></span> <span class='ocrx_word' id='word_1_2' title='bbox 758 218 804 247; x_wconf 79' lang='lat' dir='ltr'><strong>M.</strong></span> <span class='ocrx_word' id='word_1_3' title='bbox 838 217 948 246; x_wconf 63' lang='lat' dir='ltr'><strong>vm„</strong></span> <span class='ocrx_word' id='word_1_4' title='bbox 984 217 1257 248; x_wconf 49' lang='lat' dir='ltr'>MART1A121S</span> 
     </span>
    </p>
   </div>
   <div class='ocr_carea' id='block_1_2' title="bbox 900 355 1118 476">
    <p class='ocr_par' dir='ltr' id='par_1_2' title="bbox 900 355 1118 476">
     <span class='ocr_line' id='line_1_2' title="bbox 987 355 1037 396; baseline 0 0"><span class='ocrx_word' id='word_1_5' title='bbox 987 355 1037 396; x_wconf 91' lang='lat' dir='ltr'><strong>L.</strong></span> 
     </span>
     <span class='ocr_line' id='line_1_3' title="bbox 900 444 1118 476; baseline 0.009 -2"><span class='ocrx_word' id='word_1_6' title='bbox 900 444 1118 476; x_wconf 78' lang='lat' dir='ltr'><strong>TUBERA.</strong></span> 
     </span>
    </p>
   </div>
   <div class='ocr_carea' id='block_1_3' title="bbox 282 512 1435 635">
    <p class='ocr_par' dir='ltr' id='par_1_3' title="bbox 282 512 1435 635">
     <span class='ocr_line' id='line_1_4' title="bbox 282 512 1435 566; baseline -0.003 -10"><span class='ocrx_word' id='word_1_7' title='bbox 282 514 559 556; x_wconf 69' lang='lat' dir='ltr'><strong>Rummmos</strong></span> <span class='ocrx_word' id='word_1_8' title='bbox 584 513 780 555; x_wconf 82' lang='lat' dir='ltr'><strong>altricem</strong></span> <span class='ocrx_word' id='word_1_9' title='bbox 802 517 947 553; x_wconf 83' lang='lat' dir='ltr'><strong>tenero</strong></span> <span class='ocrx_word' id='word_1_10' title='bbox 967 526 1068 566; x_wconf 87' lang='lat' dir='ltr'><strong>quae</strong></span> <span class='ocrx_word' id='word_1_11' title='bbox 1090 512 1258 553; x_wconf 85' lang='lat' dir='ltr'><strong>vertice</strong></span> <span class='ocrx_word' id='word_1_12' title='bbox 1280 514 1435 553; x_wconf 84' lang='lat' dir='ltr'><strong>terram</strong></span> 
     </span>
     <span class='ocr_line' id='line_1_5' title="bbox 335 580 1258 635; baseline -0.001 -13"><span class='ocrx_word' id='word_1_13' title='bbox 335 581 525 633; x_wconf 64' lang='lat' dir='ltr'><strong>Tabam,</strong></span> <span class='ocrx_word' id='word_1_14' title='bbox 545 581 707 624; x_wconf 83' lang='lat' dir='ltr'><strong>boletis</strong></span> <span class='ocrx_word' id='word_1_15' title='bbox 725 593 859 635; x_wconf 83' lang='lat' dir='ltr'><strong>poma</strong></span> <span class='ocrx_word' id='word_1_16' title='bbox 876 580 1070 622; x_wconf 81' lang='lat' dir='ltr'><strong>secunda</strong></span> <span class='ocrx_word' id='word_1_17' title='bbox 1089 593 1258 621; x_wconf 83' lang='lat' dir='ltr'><strong>sumus.</strong></span> 
     </span>
    </p>
   </div>
   <div class='ocr_carea' id='block_1_4' title="bbox 286 689 1736 768">
    <p class='ocr_par' dir='ltr' id='par_1_4' title="bbox 286 689 1736 768">
     <span class='ocr_line' id='line_1_6' title="bbox 286 689 1736 766; baseline -0.003 -42"><span class='ocrx_word' id='word_1_18' title='bbox 286 736 303 766; x_wconf 68' lang='lat' dir='ltr'><strong><em>b</em></strong></span> <span class='ocrx_word' id='word_1_19' title='bbox 330 694 399 724; x_wconf 85' lang='lat' dir='ltr'><strong>Nos</strong></span> <span class='ocrx_word' id='word_1_20' title='bbox 418 693 527 725; x_wconf 82' lang='lat' dir='ltr'><strong>tubera</strong></span> <span class='ocrx_word' id='word_1_21' title='bbox 543 693 726 733; x_wconf 79' lang='lat' dir='ltr'><em>frangimus</em></span> <span class='ocrx_word' id='word_1_22' title='bbox 752 696 870 723; x_wconf 83' lang='lat' dir='ltr'><strong>terram</strong></span> <span class='ocrx_word' id='word_1_23' title='bbox 892 691 1042 722; x_wconf 72' lang='lat' dir='ltr'><strong>nutricem</strong></span> <span class='ocrx_word' id='word_1_24' title='bbox 1067 694 1169 722; x_wconf 83' lang='lat' dir='ltr'><strong>tenero</strong></span> <span class='ocrx_word' id='word_1_25' title='bbox 1185 690 1320 721; x_wconf 72' lang='lat' dir='ltr'><strong>vertice:</strong></span> <span class='ocrx_word' id='word_1_26' title='bbox 1344 699 1447 720; x_wconf 83' lang='lat' dir='ltr'><strong>sumus</strong></span> <span class='ocrx_word' id='word_1_27' title='bbox 1460 698 1550 730; x_wconf 80' lang='lat' dir='ltr'><strong>poma</strong></span> <span class='ocrx_word' id='word_1_28' title='bbox 1563 689 1694 720; x_wconf 78' lang='lat' dir='ltr'><strong>secunda</strong></span> <span class='ocrx_word' id='word_1_29' title='bbox 1717 700 1736 720; x_wconf 89' lang='grc' dir='ltr'><strong><em>α</em></strong></span> 
     </span>
     <span class='ocr_line' id='line_1_7' title="bbox 305 737 405 768; baseline 0.01 -1"><span class='ocrx_word' id='word_1_30' title='bbox 305 737 405 768; x_wconf 78' lang='lat' dir='ltr'><strong>oletis-</strong></span> 
     </span>
    </p>
   </div>
   <div class='ocr_carea' id='block_1_5' title="bbox 280 827 1740 948">
    <p class='ocr_par' dir='ltr' id='par_1_5' title="bbox 280 827 1740 948">
     <span class='ocr_line' id='line_1_8' title="bbox 324 827 1740 871; baseline -0.003 -7"><span class='ocrx_word' id='word_1_31' title='bbox 324 836 340 864; x_wconf 92' lang='lat' dir='ltr'>l</span> <span class='ocrx_word' id='word_1_32' title='bbox 366 833 422 864; x_wconf 88' lang='lat' dir='ltr'><strong>Sic</strong></span> <span class='ocrx_word' id='word_1_33' title='bbox 452 834 592 865; x_wconf 82' lang='lat' dir='ltr'>Gruter.</span> <span class='ocrx_word' id='word_1_34' title='bbox 618 842 636 863; x_wconf 90' lang='lat' dir='ltr'><strong>e</strong></span> <span class='ocrx_word' id='word_1_35' title='bbox 663 831 748 863; x_wconf 85' lang='lat' dir='ltr'>Mss.</span> <span class='ocrx_word' id='word_1_36' title='bbox 776 830 856 863; x_wconf 86' lang='lat' dir='ltr'><strong>Vid.</strong></span> <span class='ocrx_word' id='word_1_37' title='bbox 878 829 937 862; x_wconf 83' lang='lat' dir='ltr'><strong>inf.</strong></span> <span class='ocrx_word' id='word_1_38' title='bbox 955 831 1020 871; x_wconf 85' lang='lat' dir='ltr'><strong>Ep.</strong></span> <span class='ocrx_word' id='word_1_39' title='bbox 1051 833 1123 862; x_wconf 87' lang='grc'><strong>102.</strong></span> <span class='ocrx_word' id='word_1_40' title='bbox 1149 831 1199 862; x_wconf 83' lang='lat' dir='ltr'><strong>De</strong></span> <span class='ocrx_word' id='word_1_41' title='bbox 1219 832 1296 860; x_wconf 72' lang='lat' dir='ltr'><strong>vert.</strong></span> <span class='ocrx_word' id='word_1_42' title='bbox 1322 828 1400 860; x_wconf 80' lang='lat' dir='ltr'><strong>edd.</strong></span> <span class='ocrx_word' id='word_1_43' title='bbox 1419 827 1498 860; x_wconf 77' lang='lat' dir='ltr'><strong>Ald.</strong></span> <span class='ocrx_word' id='word_1_44' title='bbox 1515 828 1610 860; x_wconf 86' lang='lat' dir='ltr'><strong>Junt.</strong></span> <span class='ocrx_word' id='word_1_45' title='bbox 1628 827 1740 860; x_wconf 74' lang='lat' dir='ltr'><strong>Colin-</strong></span> 
     </span>
     <span class='ocr_line' id='line_1_9' title="bbox 280 876 1084 948; baseline -0.004 -41"><span class='ocrx_word' id='word_1_46' title='bbox 280 876 427 907; x_wconf 84' lang='lat' dir='ltr'><strong>Farnab.</strong></span> <span class='ocrx_word' id='word_1_47' title='bbox 940 915 1084 948; x_wconf 77' lang='lat' dir='ltr'>NOTAE</span> 
     </span>
    </p>
   </div>
   <div class='ocr_carea' id='block_1_6' title="bbox 279 976 1743 1279">
    <p class='ocr_par' dir='ltr' id='par_1_6' title="bbox 279 976 1743 1279">
     <span class='ocr_line' id='line_1_10' title="bbox 323 976 1740 1023; baseline -0.004 -9"><span class='ocrx_word' id='word_1_48' title='bbox 323 986 340 1015; x_wconf 95' lang='lat'>1</span> <span class='ocrx_word' id='word_1_49' title='bbox 366 982 552 1023; x_wconf 79' lang='lat' dir='ltr'><strong><em>Rumpimus</em></strong></span> <span class='ocrx_word' id='word_1_50' title='bbox 573 981 730 1022; x_wconf 73' lang='lat' dir='ltr'><strong>altricem]</strong></span> <span class='ocrx_word' id='word_1_51' title='bbox 761 980 865 1012; x_wconf 89' lang='lat' dir='ltr'><strong>Teste</strong></span> <span class='ocrx_word' id='word_1_52' title='bbox 884 980 983 1012; x_wconf 87' lang='lat' dir='ltr'><strong>Dios·</strong></span> <span class='ocrx_word' id='word_1_53' title='bbox 1038 983 1175 1020; x_wconf 85' lang='lat' dir='ltr'><strong>nuntur,</strong></span> <span class='ocrx_word' id='word_1_54' title='bbox 1190 983 1249 1010; x_wconf 83' lang='lat' dir='ltr'><strong>ant</strong></span> <span class='ocrx_word' id='word_1_55' title='bbox 1272 979 1374 1010; x_wconf 82' lang='lat' dir='ltr'><strong>rimas</strong></span> <span class='ocrx_word' id='word_1_56' title='bbox 1399 982 1556 1019; x_wconf 78' lang='lat' dir='ltr'><strong>urgente,</strong></span> <span class='ocrx_word' id='word_1_57' title='bbox 1575 986 1639 1008; x_wconf 88' lang='lat' dir='ltr'><strong>nec</strong></span> <span class='ocrx_word' id='word_1_58' title='bbox 1665 976 1740 1018; x_wconf 81' lang='lat' dir='ltr'><strong>ipsa</strong></span> 
     </span>
     <span class='ocr_line' id='line_1_11' title="bbox 279 1029 1354 1073; baseline -0.006 -8"><span class='ocrx_word' id='word_1_59' title='bbox 279 1034 407 1073; x_wconf 88' lang='lat' dir='ltr'><strong>coride,</strong></span> <span class='ocrx_word' id='word_1_60' title='bbox 423 1035 431 1050; x_wconf 91' lang='lat'>‘</span> <span class='ocrx_word' id='word_1_61' title='bbox 445 1033 577 1064; x_wconf 84' lang='lat' dir='ltr'><strong>Tubera</strong></span> <span class='ocrx_word' id='word_1_62' title='bbox 593 1033 748 1064; x_wconf 85' lang='lat' dir='ltr'><strong>rotundae</strong></span> <span class='ocrx_word' id='word_1_63' title='bbox 762 1032 893 1063; x_wconf 84' lang='lat' dir='ltr'><strong>radices</strong></span> <span class='ocrx_word' id='word_1_64' title='bbox 905 1035 984 1063; x_wconf 91' lang='lat' dir='ltr'><strong>sunt</strong></span> <span class='ocrx_word' id='word_1_65' title='bbox 1038 1034 1140 1061; x_wconf 84' lang='lat' dir='ltr'><strong>terrae</strong></span> <span class='ocrx_word' id='word_1_66' title='bbox 1157 1029 1354 1061; x_wconf 54' lang='lat' dir='ltr'><strong>cohaerent?</strong></span> 
     </span>
     <span class='ocr_line' id='line_1_12' title="bbox 279 1078 1737 1122; baseline -0.005 -6"><span class='ocrx_word' id='word_1_67' title='bbox 279 1086 352 1116; x_wconf 71' lang='lat' dir='ltr'><strong>sine</strong></span> <span class='ocrx_word' id='word_1_68' title='bbox 380 1084 490 1122; x_wconf 80' lang='lat' dir='ltr'><strong>caule,</strong></span> <span class='ocrx_word' id='word_1_69' title='bbox 521 1084 592 1114; x_wconf 83' lang='lat' dir='ltr'><strong>sine</strong></span> <span class='ocrx_word' id='word_1_70' title='bbox 616 1082 705 1114; x_wconf 84' lang='lat' dir='ltr'><strong>foliis</strong></span> <span class='ocrx_word' id='word_1_71' title='bbox 732 1081 981 1121; x_wconf 74' lang='lat' dir='ltr'><strong>flavescente53</strong></span> <span class='ocrx_word' id='word_1_72' title='bbox 1081 1081 1194 1112; x_wconf 73' lang='lat' dir='ltr'><strong>Tener-o</strong></span> <span class='ocrx_word' id='word_1_73' title='bbox 1227 1091 1294 1121; x_wconf 66' lang='grc' dir='ltr'><strong>(μα’</strong></span> <span class='ocrx_word' id='word_1_74' title='bbox 1320 1078 1450 1119; x_wconf 75' lang='lat' dir='ltr'><strong>vertice]</strong></span> <span class='ocrx_word' id='word_1_75' title='bbox 1489 1078 1584 1110; x_wconf 85' lang='lat' dir='ltr'><strong>Foris</strong></span> <span class='ocrx_word' id='word_1_76' title='bbox 1610 1078 1737 1119; x_wconf 82' lang='lat' dir='ltr'>quippe</span> 
     </span>
     <span class='ocr_line' id='line_1_13' title="bbox 279 1130 1737 1173; baseline -0.003 -8"><span class='ocrx_word' id='word_1_77' title='bbox 279 1144 359 1166; x_wconf 85' lang='lat' dir='ltr'><strong>vere</strong></span> <span class='ocrx_word' id='word_1_78' title='bbox 371 1133 588 1173; x_wconf 76' lang='lat' dir='ltr'><strong>effodiuntur,</strong></span> <span class='ocrx_word' id='word_1_79' title='bbox 600 1133 704 1165; x_wconf 83' lang='lat' dir='ltr'><strong>cruda</strong></span> <span class='ocrx_word' id='word_1_80' title='bbox 716 1138 752 1165; x_wconf 89' lang='lat' dir='ltr'><strong>et</strong></span> <span class='ocrx_word' id='word_1_81' title='bbox 762 1138 861 1164; x_wconf 87' lang='lat' dir='ltr'><strong>cocta</strong></span> <span class='ocrx_word' id='word_1_82' title='bbox 876 1133 979 1164; x_wconf 87' lang='lat' dir='ltr'><strong>edun·</strong></span> <span class='ocrx_word' id='word_1_83' title='bbox 1037 1131 1209 1172; x_wconf 82' lang='lat' dir='ltr'><strong>prodeunt</strong></span> <span class='ocrx_word' id='word_1_84' title='bbox 1219 1131 1350 1171; x_wconf 82' lang='lat' dir='ltr'><strong>tubera,</strong></span> <span class='ocrx_word' id='word_1_85' title='bbox 1358 1132 1413 1162; x_wconf 91' lang='lat' dir='ltr'><strong>ubi</strong></span> <span class='ocrx_word' id='word_1_86' title='bbox 1424 1136 1515 1161; x_wconf 80' lang='lat' dir='ltr'><strong>terra</strong></span> <span class='ocrx_word' id='word_1_87' title='bbox 1528 1130 1659 1161; x_wconf 83' lang='lat' dir='ltr'><strong>mollior</strong></span> <span class='ocrx_word' id='word_1_88' title='bbox 1672 1134 1737 1161; x_wconf 88' lang='lat' dir='ltr'><strong>est.</strong></span> 
     </span>
     <span class='ocr_line' id='line_1_14' title="bbox 281 1181 1743 1224; baseline -0.005 -7"><span class='ocrx_word' id='word_1_89' title='bbox 281 1185 359 1218; x_wconf 87' lang='lat' dir='ltr'><strong>tur.&#39;</strong></span> <span class='ocrx_word' id='word_1_90' title='bbox 388 1186 434 1216; x_wconf 90' lang='lat' dir='ltr'><strong>Et</strong></span> <span class='ocrx_word' id='word_1_91' title='bbox 451 1185 539 1216; x_wconf 84' lang='lat' dir='ltr'><strong>Plin.</strong></span> <span class='ocrx_word' id='word_1_92' title='bbox 554 1185 611 1216; x_wconf 82' lang='lat' dir='ltr'><strong>lib.</strong></span> <span class='ocrx_word' id='word_1_93' title='bbox 630 1194 710 1216; x_wconf 67' lang='lat' dir='ltr'><strong>mx.</strong></span> <span class='ocrx_word' id='word_1_94' title='bbox 729 1193 805 1224; x_wconf 87' lang='lat' dir='ltr'><strong>cap.</strong></span> <span class='ocrx_word' id='word_1_95' title='bbox 823 1187 854 1215; x_wconf 83' lang='lat'><strong>2.</strong></span> <span class='ocrx_word' id='word_1_96' title='bbox 879 1184 889 1200; x_wconf 74' lang='lat'><em>⁴</em></span> <span class='ocrx_word' id='word_1_97' title='bbox 906 1183 980 1214; x_wconf 87' lang='lat' dir='ltr'><strong>Nec</strong></span> <span class='ocrx_word' id='word_1_98' title='bbox 1035 1183 1147 1214; x_wconf 88' lang='lat' dir='ltr'><strong>Vocat</strong></span> <span class='ocrx_word' id='word_1_99' title='bbox 1172 1192 1269 1223; x_wconf 88' lang='lat' dir='ltr'><strong>poma</strong></span> <span class='ocrx_word' id='word_1_100' title='bbox 1291 1182 1485 1223; x_wconf 82' lang='lat' dir='ltr'>improprie.</span> <span class='ocrx_word' id='word_1_101' title='bbox 1523 1181 1648 1213; x_wconf 84' lang='lat' dir='ltr'><strong>Juven.</strong></span> <span class='ocrx_word' id='word_1_102' title='bbox 1669 1182 1743 1212; x_wconf 83' lang='lat' dir='ltr'><strong>Sat.</strong></span> 
     </span>
     <span class='ocr_line' id='line_1_15' title="bbox 279 1233 1668 1279; baseline -0.003 -11"><span class='ocrx_word' id='word_1_103' title='bbox 279 1237 398 1279; x_wconf 85' lang='lat' dir='ltr'><strong>utique</strong></span> <span class='ocrx_word' id='word_1_104' title='bbox 413 1236 638 1268; x_wconf 78' lang='lat' dir='ltr'><strong>extuberante</strong></span> <span class='ocrx_word' id='word_1_105' title='bbox 663 1236 749 1273; x_wconf 77' lang='lat' dir='ltr'><strong>loco,</strong></span> <span class='ocrx_word' id='word_1_106' title='bbox 767 1235 801 1266; x_wconf 89' lang='lat' dir='ltr'><strong>in</strong></span> <span class='ocrx_word' id='word_1_107' title='bbox 825 1244 891 1276; x_wconf 86' lang='lat' dir='ltr'><strong>quo</strong></span> <span class='ocrx_word' id='word_1_108' title='bbox 909 1235 980 1276; x_wconf 78' lang='lat' dir='ltr'><strong>gig·</strong></span> <span class='ocrx_word' id='word_1_109' title='bbox 1036 1237 1162 1267; x_wconf 37' lang='lat' dir='ltr'><strong>vullfi.</strong></span> <span class='ocrx_word' id='word_1_110' title='bbox 1179 1235 1226 1266; x_wconf 81' lang='lat' dir='ltr'><strong>ait</strong></span> <span class='ocrx_word' id='word_1_111' title='bbox 1244 1234 1366 1267; x_wconf 89' lang='lat' dir='ltr'><strong>tubera</strong></span> <span class='ocrx_word' id='word_1_112' title='bbox 1380 1234 1456 1266; x_wconf 85' lang='lat' dir='ltr'><strong>fieri</strong></span> <span class='ocrx_word' id='word_1_113' title='bbox 1475 1233 1668 1265; x_wconf 82' lang='lat' dir='ltr'><strong>tonitribus.</strong></span> 
     </span>
    </p>
   </div>
   <div class='ocr_carea' id='block_1_7' title="bbox 751 1344 1282 1465">
    <p class='ocr_par' dir='ltr' id='par_1_7' title="bbox 751 1344 1282 1465">
     <span class='ocr_line' id='line_1_16' title="bbox 974 1344 1051 1398; baseline 0 -13"><span class='ocrx_word' id='word_1_114' title='bbox 974 1344 1051 1398; x_wconf 72' lang='lat' dir='ltr'><strong>LI,</strong></span> 
     </span>
     <span class='ocr_line' id='line_1_17' title="bbox 751 1434 1282 1465; baseline -0.002 -1"><span class='ocrx_word' id='word_1_115' title='bbox 751 1434 1035 1465; x_wconf 86' lang='lat' dir='ltr'>TURDORUM</span> <span class='ocrx_word' id='word_1_116' title='bbox 1068 1434 1282 1464; x_wconf 79' lang='lat' dir='ltr'>CORONA.</span> 
     </span>
    </p>
   </div>
   <div class='ocr_carea' id='block_1_8' title="bbox 281 1500 1342 1623">
    <p class='ocr_par' dir='ltr' id='par_1_8' title="bbox 281 1500 1342 1623">
     <span class='ocr_line' id='line_1_18' title="bbox 281 1500 1342 1552; baseline -0.002 -7"><span class='ocrx_word' id='word_1_117' title='bbox 281 1504 457 1546; x_wconf 79' lang='lat' dir='ltr'><strong>TExTA</strong></span> <span class='ocrx_word' id='word_1_118' title='bbox 479 1502 596 1544; x_wconf 84' lang='lat' dir='ltr'><strong>rosis</strong></span> <span class='ocrx_word' id='word_1_119' title='bbox 617 1502 806 1544; x_wconf 83' lang='lat' dir='ltr'><strong>sortasse</strong></span> <span class='ocrx_word' id='word_1_120' title='bbox 827 1501 922 1551; x_wconf 86' lang='lat' dir='ltr'><strong>tibi,</strong></span> <span class='ocrx_word' id='word_1_121' title='bbox 944 1501 1013 1542; x_wconf 83' lang='lat' dir='ltr'><strong>vel</strong></span> <span class='ocrx_word' id='word_1_122' title='bbox 1035 1500 1174 1542; x_wconf 85' lang='lat' dir='ltr'><strong>divite</strong></span> <span class='ocrx_word' id='word_1_123' title='bbox 1194 1501 1342 1552; x_wconf 84' lang='lat' dir='ltr'><strong>nardo,</strong></span> 
     </span>
     <span class='ocr_line' id='line_1_19' title="bbox 340 1570 1281 1623; baseline -0.003 -10"><span class='ocrx_word' id='word_1_124' title='bbox 340 1572 401 1613; x_wconf 84' lang='lat' dir='ltr'><strong>At</strong></span> <span class='ocrx_word' id='word_1_125' title='bbox 422 1571 527 1613; x_wconf 87' lang='lat' dir='ltr'><strong>mihi</strong></span> <span class='ocrx_word' id='word_1_126' title='bbox 550 1571 605 1612; x_wconf 85' lang='lat' dir='ltr'><strong>de</strong></span> <span class='ocrx_word' id='word_1_127' title='bbox 628 1571 765 1612; x_wconf 88' lang='lat' dir='ltr'><strong>turdis</strong></span> <span class='ocrx_word' id='word_1_128' title='bbox 788 1571 909 1612; x_wconf 80' lang='lat' dir='ltr'><strong>facta</strong></span> <span class='ocrx_word' id='word_1_129' title='bbox 931 1582 1096 1611; x_wconf 80' lang='lat' dir='ltr'><strong>corona</strong></span> <span class='ocrx_word' id='word_1_130' title='bbox 1117 1570 1281 1623; x_wconf 82' lang='lat' dir='ltr'><strong>placet.</strong></span> 
     </span>
    </p>
   </div>
   <div class='ocr_carea' id='block_1_9' title="bbox 284 1679 1740 1758">
    <p class='ocr_par' dir='ltr' id='par_1_9' title="bbox 284 1679 1740 1758">
     <span class='ocr_line' id='line_1_20' title="bbox 327 1679 1740 1723; baseline -0.004 -8"><span class='ocrx_word' id='word_1_131' title='bbox 327 1685 429 1715; x_wconf 71' lang='lat' dir='ltr'><strong>Texta</strong></span> <span class='ocrx_word' id='word_1_132' title='bbox 444 1693 483 1714; x_wconf 76' lang='lat' dir='ltr'><strong>ex</strong></span> <span class='ocrx_word' id='word_1_133' title='bbox 498 1683 587 1722; x_wconf 58' lang='lat' dir='ltr'><strong>rosi«,</strong></span> <span class='ocrx_word' id='word_1_134' title='bbox 603 1685 633 1713; x_wconf 79' lang='lat' dir='ltr'><strong>et</strong></span> <span class='ocrx_word' id='word_1_135' title='bbox 648 1683 785 1723; x_wconf 78' lang='lat' dir='ltr'><strong>pretioso</strong></span> <span class='ocrx_word' id='word_1_136' title='bbox 801 1682 899 1713; x_wconf 78' lang='lat' dir='ltr'><strong>nardo</strong></span> <span class='ocrx_word' id='word_1_137' title='bbox 905 1680 996 1719; x_wconf 77' lang='lat' dir='ltr'><strong>sorte</strong></span> <span class='ocrx_word' id='word_1_138' title='bbox 1009 1681 1078 1722; x_wconf 76' lang='lat' dir='ltr'><strong>tibi,</strong></span> <span class='ocrx_word' id='word_1_139' title='bbox 1089 1685 1122 1713; x_wconf 78' lang='lat' dir='ltr'><strong>at</strong></span> <span class='ocrx_word' id='word_1_140' title='bbox 1138 1682 1215 1714; x_wconf 75' lang='lat' dir='ltr'><strong>mihi</strong></span> <span class='ocrx_word' id='word_1_141' title='bbox 1228 1684 1324 1722; x_wconf 80' lang='lat' dir='ltr'><strong>grata</strong></span> <span class='ocrx_word' id='word_1_142' title='bbox 1339 1684 1383 1712; x_wconf 76' lang='lat' dir='ltr'><strong>est</strong></span> <span class='ocrx_word' id='word_1_143' title='bbox 1396 1689 1506 1711; x_wconf 80' lang='lat' dir='ltr'><strong>corona</strong></span> <span class='ocrx_word' id='word_1_144' title='bbox 1518 1679 1684 1721; x_wconf 79' lang='lat' dir='ltr'><strong>composita</strong></span> <span class='ocrx_word' id='word_1_145' title='bbox 1701 1688 1740 1710; x_wconf 79' lang='lat' dir='ltr'><strong>ex</strong></span> 
     </span>
     <span class='ocr_line' id='line_1_21' title="bbox 284 1728 398 1758; baseline 0 0"><span class='ocrx_word' id='word_1_146' title='bbox 284 1728 398 1758; x_wconf 78' lang='lat' dir='ltr'><strong>turdis.</strong></span> 
     </span>
    </p>
   </div>
   <div class='ocr_carea' id='block_1_10' title="bbox 880 1776 1117 1789">
    <p class='ocr_par' dir='ltr' id='par_1_10' title="bbox 880 1776 1117 1789">
     <span class='ocr_line' id='line_1_22' title="bbox 880 1776 1117 1789; baseline 0.004 -1"><span class='ocrx_word' id='word_1_147' title='bbox 880 1776 957 1788; x_wconf 59' lang='lat' dir='ltr'><strong>oete</strong></span> <span class='ocrx_word' id='word_1_148' title='bbox 963 1777 1117 1789; x_wconf 54' lang='lat' dir='ltr'><strong>ete-eom</strong></span> 
     </span>
    </p>
   </div>
   <div class='ocr_carea' id='block_1_11' title="bbox 325 1830 1506 1873">
    <p class='ocr_par' dir='ltr' id='par_1_11' title="bbox 325 1830 1506 1873">
     <span class='ocr_line' id='line_1_23' title="bbox 325 1830 1506 1873; baseline -0.003 -7"><span class='ocrx_word' id='word_1_149' title='bbox 325 1836 376 1866; x_wconf 84' lang='lat' dir='ltr'><strong>De</strong></span> <span class='ocrx_word' id='word_1_150' title='bbox 394 1834 494 1867; x_wconf 84' lang='lat' dir='ltr'><strong>titulo</strong></span> <span class='ocrx_word' id='word_1_151' title='bbox 512 1833 578 1866; x_wconf 83' lang='lat' dir='ltr'><strong>vid.</strong></span> <span class='ocrx_word' id='word_1_152' title='bbox 594 1833 679 1865; x_wconf 85' lang='lat' dir='ltr'><strong>Not.</strong></span> <span class='ocrx_word' id='word_1_153' title='bbox 694 1833 779 1864; x_wconf 85' lang='lat' dir='ltr'><strong>Var.</strong></span> <span class='ocrx_word' id='word_1_154' title='bbox 801 1832 939 1864; x_wconf 61' lang='lat' dir='ltr'><strong>Decarza</strong></span> <span class='ocrx_word' id='word_1_155' title='bbox 957 1841 1016 1873; x_wconf 92' lang='lat' dir='ltr'><strong>pro</strong></span> <span class='ocrx_word' id='word_1_156' title='bbox 1031 1842 1141 1863; x_wconf 84' lang='lat' dir='ltr'><strong>corona</strong></span> <span class='ocrx_word' id='word_1_157' title='bbox 1156 1831 1260 1863; x_wconf 86' lang='lat' dir='ltr'><strong>habet</strong></span> <span class='ocrx_word' id='word_1_158' title='bbox 1284 1831 1350 1863; x_wconf 58' lang='grc' dir='ltr'><strong>ΜΞ.</strong></span> <span class='ocrx_word' id='word_1_159' title='bbox 1369 1830 1506 1862; x_wconf 87' lang='lat' dir='ltr'><strong>Beverl.</strong></span> 
     </span>
    </p>
   </div>
   <div class='ocr_carea' id='block_1_12' title="bbox 942 1917 1084 1953">
    <p class='ocr_par' dir='ltr' id='par_1_12' title="bbox 942 1917 1084 1953">
     <span class='ocr_line' id='line_1_24' title="bbox 942 1917 1084 1953; baseline -0.014 -3"><span class='ocrx_word' id='word_1_160' title='bbox 942 1917 1084 1953; x_wconf 80' lang='lat' dir='ltr'><strong>NOTAE</strong></span> 
     </span>
    </p>
   </div>
   <div class='ocr_carea' id='block_1_13' title="bbox 280 1981 1744 2232">
    <p class='ocr_par' dir='ltr' id='par_1_13' title="bbox 280 1981 1744 2232">
     <span class='ocr_line' id='line_1_25' title="bbox 326 1981 1743 2026; baseline -0.005 -8"><span class='ocrx_word' id='word_1_161' title='bbox 326 1987 502 2019; x_wconf 73' lang='lat' dir='ltr'><strong>Turdorum</strong></span> <span class='ocrx_word' id='word_1_162' title='bbox 515 1985 642 2026; x_wconf 80' lang='lat' dir='ltr'><strong>corona]</strong></span> <span class='ocrx_word' id='word_1_163' title='bbox 663 1984 803 2016; x_wconf 79' lang='lat' dir='ltr'><strong>Decuria</strong></span> <span class='ocrx_word' id='word_1_164' title='bbox 817 1984 986 2024; x_wconf 79' lang='lat' dir='ltr'><strong>legiturin</strong></span> <span class='ocrx_word' id='word_1_165' title='bbox 1084 1987 1100 2015; x_wconf 92' lang='lat'>1</span> <span class='ocrx_word' id='word_1_166' title='bbox 1129 1984 1228 2015; x_wconf 76' lang='lat' dir='ltr'><strong>Texta</strong></span> <span class='ocrx_word' id='word_1_167' title='bbox 1253 1982 1348 2023; x_wconf 82' lang='lat' dir='ltr'><strong>rosis]</strong></span> <span class='ocrx_word' id='word_1_168' title='bbox 1394 1982 1472 2014; x_wconf 83' lang='lat' dir='ltr'><strong>Qua</strong></span> <span class='ocrx_word' id='word_1_169' title='bbox 1495 1981 1743 2012; x_wconf 83' lang='lat' dir='ltr'><strong>coronabantur</strong></span> 
     </span>
     <span class='ocr_line' id='line_1_26' title="bbox 282 2033 1744 2075; baseline -0.002 -6"><span class='ocrx_word' id='word_1_170' title='bbox 282 2037 456 2069; x_wconf 84' lang='lat' dir='ltr'><strong>veteribus</strong></span> <span class='ocrx_word' id='word_1_171' title='bbox 474 2035 659 2075; x_wconf 86' lang='lat' dir='ltr'><strong>codicibus,</strong></span> <span class='ocrx_word' id='word_1_172' title='bbox 674 2041 711 2066; x_wconf 92' lang='lat' dir='ltr'><strong>ut</strong></span> <span class='ocrx_word' id='word_1_173' title='bbox 728 2036 776 2066; x_wconf 86' lang='lat' dir='ltr'><strong>ait</strong></span> <span class='ocrx_word' id='word_1_174' title='bbox 802 2033 985 2066; x_wconf 82' lang='lat' dir='ltr'><strong>Turnebus</strong></span> <span class='ocrx_word' id='word_1_175' title='bbox 1042 2039 1176 2067; x_wconf 84' lang='lat' dir='ltr'><strong>veteres</strong></span> <span class='ocrx_word' id='word_1_176' title='bbox 1192 2035 1225 2065; x_wconf 91' lang='lat' dir='ltr'><strong>in</strong></span> <span class='ocrx_word' id='word_1_177' title='bbox 1246 2034 1347 2065; x_wconf 85' lang='lat' dir='ltr'><strong>lautis</strong></span> <span class='ocrx_word' id='word_1_178' title='bbox 1371 2033 1547 2065; x_wconf 86' lang='lat' dir='ltr'><strong>conviviis.</strong></span> <span class='ocrx_word' id='word_1_179' title='bbox 1582 2033 1744 2066; x_wconf 77' lang='lat' dir='ltr'><strong>P1in.1·=b.</strong></span> 
     </span>
     <span class='ocr_line' id='line_1_27' title="bbox 280 2086 1262 2128; baseline -0.003 -8"><span class='ocrx_word' id='word_1_180' title='bbox 280 2088 341 2120; x_wconf 84' lang='lat' dir='ltr'><strong>lib.</strong></span> <span class='ocrx_word' id='word_1_181' title='bbox 357 2096 446 2118; x_wconf 83' lang='lat' dir='ltr'>xxv.</span> <span class='ocrx_word' id='word_1_182' title='bbox 460 2096 536 2128; x_wconf 87' lang='lat' dir='ltr'><strong>cap.</strong></span> <span class='ocrx_word' id='word_1_183' title='bbox 551 2089 604 2118; x_wconf 84' lang='grc'><strong>28.</strong></span> <span class='ocrx_word' id='word_1_184' title='bbox 648 2086 811 2126; x_wconf 84' lang='lat' dir='ltr'><strong>Intellige</strong></span> <span class='ocrx_word' id='word_1_185' title='bbox 826 2095 986 2117; x_wconf 89' lang='lat' dir='ltr'><strong>coronam</strong></span> <span class='ocrx_word' id='word_1_186' title='bbox 1043 2095 1124 2118; x_wconf 81' lang='lat' dir='ltr'><strong>xxr.</strong></span> <span class='ocrx_word' id='word_1_187' title='bbox 1139 2095 1217 2126; x_wconf 86' lang='lat' dir='ltr'><strong>cap.</strong></span> <span class='ocrx_word' id='word_1_188' title='bbox 1231 2088 1262 2117; x_wconf 83' lang='lat'><strong>3.</strong></span> 
     </span>
     <span class='ocr_line' id='line_1_28' title="bbox 282 2134 1718 2180; baseline -0.003 -10"><span class='ocrx_word' id='word_1_189' title='bbox 282 2144 414 2172; x_wconf 86' lang='lat' dir='ltr'><strong>textam</strong></span> <span class='ocrx_word' id='word_1_190' title='bbox 441 2138 562 2177; x_wconf 80' lang='lat' dir='ltr'><strong>turdis,</strong></span> <span class='ocrx_word' id='word_1_191' title='bbox 582 2147 703 2180; x_wconf 85' lang='lat' dir='ltr'><strong>nempe</strong></span> <span class='ocrx_word' id='word_1_192' title='bbox 716 2148 735 2170; x_wconf 88' lang='lat' dir='ltr'><strong>e</strong></span> <span class='ocrx_word' id='word_1_193' title='bbox 750 2137 872 2169; x_wconf 86' lang='lat' dir='ltr'><strong>vimine</strong></span> <span class='ocrx_word' id='word_1_194' title='bbox 889 2136 985 2168; x_wconf 87' lang='lat' dir='ltr'><strong>undi-</strong></span> <span class='ocrx_word' id='word_1_195' title='bbox 1088 2135 1225 2177; x_wconf 80' lang='lat' dir='ltr'><strong>Corona]</strong></span> <span class='ocrx_word' id='word_1_196' title='bbox 1248 2137 1304 2168; x_wconf 90' lang='lat' dir='ltr'><strong>De</strong></span> <span class='ocrx_word' id='word_1_197' title='bbox 1321 2144 1386 2177; x_wconf 83' lang='lat' dir='ltr'><strong>qua</strong></span> <span class='ocrx_word' id='word_1_198' title='bbox 1401 2134 1461 2167; x_wconf 88' lang='lat' dir='ltr'><strong>lib.</strong></span> <span class='ocrx_word' id='word_1_199' title='bbox 1476 2144 1533 2168; x_wconf 89' lang='lat'>111.</span> <span class='ocrx_word' id='word_1_200' title='bbox 1547 2134 1649 2176; x_wconf 84' lang='lat' dir='ltr'><strong>Epig.</strong></span> <span class='ocrx_word' id='word_1_201' title='bbox 1666 2138 1718 2166; x_wconf 83' lang='grc'><strong>47.</strong></span> 
     </span>
     <span class='ocr_line' id='line_1_29' title="bbox 282 2189 601 2232; baseline 0.003 -10"><span class='ocrx_word' id='word_1_202' title='bbox 282 2200 346 2232; x_wconf 88' lang='lat' dir='ltr'><strong>que</strong></span> <span class='ocrx_word' id='word_1_203' title='bbox 363 2189 601 2232; x_wconf 83' lang='lat' dir='ltr'><strong>pendentibus.</strong></span> 
     </span>
    </p>
   </div>
   <div class='ocr_carea' id='block_1_14' title="bbox 922 2296 1115 2417">
    <p class='ocr_par' dir='ltr' id='par_1_14' title="bbox 922 2296 1115 2417">
     <span class='ocr_line' id='line_1_30' title="bbox 961 2296 1066 2337; baseline -0.01 0"><span class='ocrx_word' id='word_1_204' title='bbox 961 2296 1066 2337; x_wconf 89' lang='lat' dir='ltr'>LII.</span> 
     </span>
     <span class='ocr_line' id='line_1_31' title="bbox 922 2385 1115 2417; baseline -0.005 -1"><span class='ocrx_word' id='word_1_205' title='bbox 922 2387 953 2416; x_wconf 80' lang='lat' dir='ltr'>A</span> <span class='ocrx_word' id='word_1_206' title='bbox 974 2387 1003 2417; x_wconf 82' lang='lat' dir='ltr'>N</span> <span class='ocrx_word' id='word_1_207' title='bbox 1025 2386 1053 2415; x_wconf 87' lang='lat' dir='ltr'>A</span> <span class='ocrx_word' id='word_1_208' title='bbox 1076 2385 1115 2415; x_wconf 82' lang='lat' dir='ltr'><strong>s.</strong></span> 
     </span>
    </p>
   </div>
   <div class='ocr_carea' id='block_1_15' title="bbox 283 2452 1495 2575">
    <p class='ocr_par' dir='ltr' id='par_1_15' title="bbox 283 2452 1495 2575">
     <span class='ocr_line' id='line_1_32' title="bbox 283 2452 1495 2509; baseline -0.003 -11"><span class='ocrx_word' id='word_1_209' title='bbox 283 2456 418 2498; x_wconf 69' lang='lat' dir='ltr'><strong>&#39;rom</strong></span> <span class='ocrx_word' id='word_1_210' title='bbox 443 2455 619 2509; x_wconf 88' lang='lat' dir='ltr'><strong>quidem</strong></span> <span class='ocrx_word' id='word_1_211' title='bbox 641 2457 828 2508; x_wconf 84' lang='lat' dir='ltr'><strong>ponatur</strong></span> <span class='ocrx_word' id='word_1_212' title='bbox 850 2466 982 2495; x_wconf 82' lang='lat' dir='ltr'><strong>anas:</strong></span> <span class='ocrx_word' id='word_1_213' title='bbox 1015 2452 1094 2494; x_wconf 87' lang='lat' dir='ltr'><strong>sed</strong></span> <span class='ocrx_word' id='word_1_214' title='bbox 1111 2455 1291 2505; x_wconf 79' lang='lat' dir='ltr'><strong>pectore</strong></span> <span class='ocrx_word' id='word_1_215' title='bbox 1309 2455 1495 2503; x_wconf 80' lang='lat' dir='ltr'><strong>tantum,</strong></span> 
     </span>
     <span class='ocr_line' id='line_1_33' title="bbox 342 2520 1237 2575; baseline -0.006 -10"><span class='ocrx_word' id='word_1_216' title='bbox 342 2524 399 2565; x_wconf 86' lang='lat' dir='ltr'><strong>Et</strong></span> <span class='ocrx_word' id='word_1_217' title='bbox 417 2523 592 2564; x_wconf 84' lang='lat' dir='ltr'><strong>cervice</strong></span> <span class='ocrx_word' id='word_1_218' title='bbox 616 2521 757 2575; x_wconf 84' lang='lat' dir='ltr'><strong>sapit:</strong></span> <span class='ocrx_word' id='word_1_219' title='bbox 790 2524 938 2562; x_wconf 78' lang='lat' dir='ltr'><strong>cetera</strong></span> <span class='ocrx_word' id='word_1_220' title='bbox 959 2520 1088 2563; x_wconf 85' lang='lat' dir='ltr'><strong>redde</strong></span> <span class='ocrx_word' id='word_1_221' title='bbox 1109 2532 1237 2560; x_wconf 89' lang='lat' dir='ltr'><strong>coco.</strong></span> 
     </span>
    </p>
   </div>
   <div class='ocr_carea' id='block_1_16' title="bbox 329 2625 1746 2669">
    <p class='ocr_par' dir='ltr' id='par_1_16' title="bbox 329 2625 1746 2669">
     <span class='ocr_line' id='line_1_34' title="bbox 329 2625 1746 2669; baseline -0.001 -10"><span class='ocrx_word' id='word_1_222' title='bbox 329 2629 406 2660; x_wconf 79' lang='lat' dir='ltr'><strong>Tota</strong></span> <span class='ocrx_word' id='word_1_223' title='bbox 426 2627 549 2669; x_wconf 81' lang='lat' dir='ltr'><strong>quidem</strong></span> <span class='ocrx_word' id='word_1_224' title='bbox 573 2635 650 2658; x_wconf 73' lang='lat' dir='ltr'><strong>anas</strong></span> <span class='ocrx_word' id='word_1_225' title='bbox 675 2628 850 2667; x_wconf 79' lang='lat' dir='ltr'><strong>apponatur</strong></span> <span class='ocrx_word' id='word_1_226' title='bbox 862 2636 873 2657; x_wconf 82' lang='lat'><strong>.-</strong></span> <span class='ocrx_word' id='word_1_227' title='bbox 895 2626 947 2656; x_wconf 85' lang='lat' dir='ltr'><strong>sed</strong></span> <span class='ocrx_word' id='word_1_228' title='bbox 960 2627 1041 2667; x_wconf 78' lang='lat' dir='ltr'><strong>sapit</strong></span> <span class='ocrx_word' id='word_1_229' title='bbox 1065 2628 1186 2657; x_wconf 77' lang='lat' dir='ltr'><strong>tantum</strong></span> <span class='ocrx_word' id='word_1_230' title='bbox 1198 2627 1321 2665; x_wconf 80' lang='lat' dir='ltr'><strong>pectore</strong></span> <span class='ocrx_word' id='word_1_231' title='bbox 1336 2629 1366 2657; x_wconf 83' lang='lat' dir='ltr'><strong>et</strong></span> <span class='ocrx_word' id='word_1_232' title='bbox 1378 2625 1514 2658; x_wconf 77' lang='lat' dir='ltr'><strong>cervice.-</strong></span> <span class='ocrx_word' id='word_1_233' title='bbox 1535 2625 1666 2658; x_wconf 79' lang='lat' dir='ltr'><strong>restitue</strong></span> <span class='ocrx_word' id='word_1_234' title='bbox 1677 2636 1746 2658; x_wconf 77' lang='lat' dir='ltr'><strong>coco</strong></span> 
     </span>
    </p>
   </div>
   <div class='ocr_carea' id='block_1_17' title="bbox 291 2672 1458 2819">
    <p class='ocr_par' dir='ltr' id='par_1_17' title="bbox 291 2672 1458 2819">
     <span class='ocr_line' id='line_1_35' title="bbox 291 2672 424 2714; baseline 0 -11"><span class='ocrx_word' id='word_1_235' title='bbox 291 2672 424 2714; x_wconf 78' lang='lat' dir='ltr'><strong>reliqua.</strong></span> 
     </span>
     <span class='ocr_line' id='line_1_36' title="bbox 948 2711 1092 2744; baseline -0.007 0"><span class='ocrx_word' id='word_1_236' title='bbox 948 2712 980 2744; x_wconf 90' lang='lat' dir='ltr'>N</span> <span class='ocrx_word' id='word_1_237' title='bbox 985 2711 1092 2744; x_wconf 84' lang='lat' dir='ltr'><strong>OTAE</strong></span> 
     </span>
     <span class='ocr_line' id='line_1_37' title="bbox 327 2775 1458 2819; baseline -0.002 -10"><span class='ocrx_word' id='word_1_238' title='bbox 327 2780 343 2809; x_wconf 91' lang='lat' dir='ltr'>l</span> <span class='ocrx_word' id='word_1_239' title='bbox 368 2776 429 2809; x_wconf 82' lang='lat' dir='ltr'><strong>Sed</strong></span> <span class='ocrx_word' id='word_1_240' title='bbox 440 2776 581 2819; x_wconf 78' lang='lat' dir='ltr'><strong>pectore]</strong></span> <span class='ocrx_word' id='word_1_241' title='bbox 615 2777 744 2809; x_wconf 88' lang='lat' dir='ltr'><strong>Pectus</strong></span> <span class='ocrx_word' id='word_1_242' title='bbox 761 2776 850 2808; x_wconf 85' lang='lat' dir='ltr'><strong>enim</strong></span> <span class='ocrx_word' id='word_1_243' title='bbox 866 2781 901 2809; x_wconf 88' lang='lat' dir='ltr'><strong>et</strong></span> <span class='ocrx_word' id='word_1_244' title='bbox 917 2777 1036 2809; x_wconf 82' lang='lat' dir='ltr'><strong>cervix</strong></span> <span class='ocrx_word' id='word_1_245' title='bbox 1053 2775 1211 2818; x_wconf 83' lang='lat' dir='ltr'><strong>gratioris</strong></span> <span class='ocrx_word' id='word_1_246' title='bbox 1227 2780 1305 2808; x_wconf 89' lang='lat' dir='ltr'><strong>sunt</strong></span> <span class='ocrx_word' id='word_1_247' title='bbox 1318 2775 1458 2817; x_wconf 84' lang='lat' dir='ltr'><strong>saporis.</strong></span> 
     </span>
    </p>
   </div>
  </div>
 </body>
</html>
