1960 3230
636 255 1046 287 EmGRAMMATUM
1088 256 1176 284 12113.
1214 255 1299 285 Vll.

1607 244 1691 283 ,507

238 355 336 396 IIcu
357 356 365 395 !
399 355 518 396 Nero
540 352 747 401 crudelis,
763 351 968 403 nullaque
990 350 1175 391 invisior
1196 351 1374 391 umbra:

296 423 461 464 Debuit
481 422 565 462 hoc
587 421 740 462 saltem
763 431 850 459 non
871 418 1055 459 licuisse
1074 418 1165 458 tibi.

231 538 259 564 et
271 534 363 569 tibi„
388 533 472 569 Heu,
487 543 565 563 seez-e
591 533 688 569 Nem,
704 541 757 562 nec
777 531 910 562 odiosior
929 535 1056 572 propter
1073 532 1167 562 ullam
1191 531 1290 562 aliani
1316 529 1473 561 umbram:
1498 531 1605 560 sallem
1632 530 1686 558 lwc

233 588 293 608 non
304 576 404 607 debuit
415 576 472 606 tihi.
487 575 667 616 permissum
673 575 786 613 fuisse.

842 628 878 639 ‘e
882 627 1078 639 ‘emmeno

278 685 295 712 3
320 682 360 713 In
374 682 492 714 codice
507 681 691 713 Vaticano:
715 682 802 712 nulla
818 684 865 712 est
876 680 1008 712 invisior
1022 680 1142 712 umbra.

888 767 1028 799 NOTAE

234 843 339 874 opera
355 833 601 865 commentariis
623 833 808 865 illustravit
836 834 933 865 Lam-

235 885 349 915 bertus
392 884 609 922 Hortensius,
645 888 680 915 et
714 884 816 915 vitam
847 884 934 915 illius

235 935 355 966 Poetae
370 935 508 976 copiose
525 936 697 967 describit.

275 990 294 1018 2
319 987 424 1028 Polla]
446 987 575 1019 Lucani
590 996 686 1025 uxor,
710 996 810 1028 quem
833 986 934 1018 inter-

233 1039 289 1070 fici
313 1039 415 1080 jussit
443 1039 551 1077 Nero,
580 1037 669 1079 quod
695 1038 934 1078 conjuraverat

233 1094 353 1121 contra
378 1099 455 1120 eum
488 1089 657 1126 Lucanus,
679 1098 755 1119 cum
790 1087 831 1118 ab
858 1088 932 1128 ipso

233 1141 469 1181 prohiberetur
495 1149 555 1171 sua
576 1139 734 1170 Carmina
762 1138 795 1170 in
823 1139 931 1171 lucem

235 1190 348 1222 edere.

277 1244 296 1272 3
322 1242 417 1273 Nulla
434 1240 577 1281 invisior]
601 1240 677 1273 Hoc
694 1244 760 1281 est,
776 1241 806 1273 Ο
826 1241 933 1280 Nero,

990 834 1111 865 nullius
1130 833 1242 865 caedes
1265 833 1372 874 majus
1396 832 1458 864 tibi
1483 831 1595 864 odium
1614 842 1691 862 cou-

988 885 1132 916 ciliavit.

1030 939 1050 967 4
1068 936 1139 966 Non
1150 934 1286 975 licuisse]
1300 933 1500 965 Interficere
1511 938 1581 965 tam
1593 943 1691 974 egre-

988 987 1080 1028 gium
1097 986 1255 1018 Poetam.
1300 985 1448 1016 Videtur
1468 984 1511 1015 ad
1543 984 1691 1015 Neronis

987 1038 1117 1069 dictum
1142 1037 1328 1078 respicere,
1349 1036 1405 1077 qni
1423 1035 1536 1066 multis
1554 1035 1690 1073 occisis,

987 1089 1134 1120 nescisse
1147 1088 1313 1119 hactenus
1330 1088 1512 1126 Caesarem,
1527 1092 1689 1128 qnantum

987 1140 1193 1181 Imperatori
1222 1139 1357 1178 liceret,
1386 1138 1538 1170 dicebat.
1584 1137 1686 1168 Rade-

986 1201 1057 1223 rus.

874 1393 1048 1435 XXII.

828 1486 889 1515 DE
925 1485 1109 1515 EODEM.

236 1553 394 1594 VA‘ris
419 1553 641 1607 Apollinei
662 1565 817 1605 magno
837 1553 1139 1593 memorabilis
1160 1558 1255 1594 ortu

293 1622 393 1662 Lux
414 1622 548 1662 redit:
582 1619 803 1661 Aonidum
835 1620 964 1660 turba
985 1619 1127 1661 favete
1150 1621 1299 1660 sacris.

236 1689 352 1730 Haec
370 1689 540 1737 meruit,
562 1701 660 1728 cum
681 1693 724 1727 te
745 1688 882 1736 terris,
905 1687 1095 1738 Lucane,
1118 1688 1328 1737 dedisset,

292 1756 466 1797 Mixtus
488 1755 698 1796 Castaliae
716 1755 858 1795 Baetis
875 1759 924 1795 ut
941 1759 1055 1795 esset
1076 1768 1220 1809 aquae.

279 1878 356 1908 Dzes
364 1876 533 1906 revertitur
543 1874 741 1906 celebrandus
755 1885 866 1914 magno
886 1878 958 1906 ortu
975 1874 1081 1905 Poetoe
1096 1875 1256 1916 Apollinei
1267 1888 1277 1907 .·
1301 1876 1331 1907 Ο
1350 1877 1463 1914 Musoe,
1477 1879 1573 1908 estote
1586 1878 1691 1917 propi-

232 1921 285 1951 tioe
305 1919 478 1960 sacrificiis.
524 1918 555 1950 Ο
573 1919 708 1958 Lucane,
722 1928 790 1948 cum
807 1918 910 1949 Baetz’s
925 1921 956 1949 te
978 1919 1120 1950 donasset
1138 1919 1224 1958 m·bz','
1243 1919 1299 1950 hoc
1315 1923 1470 1951 assecutus
1485 1923 1574 1951 estut
1586 1920 1690 1950 misce-

235 1968 321 1994 retur
335 1963 425 1993 undoe
443 1962 602 1992 Castaliae.

841 2013 957 2024 eeeeee

961 2013 1079 2024 eeeeee

276 2073 296 2100 2
319 2069 475 2099 Aonidum
490 2068 580 2099 turba
596 2067 725 2106 favente
740 2068 946 2099 Beverlandi
960 2069 1027 2099 Ms.
1072 2068 1231 2100 Aonidum
1246 2072 1351 2100 turma
1367 2069 1475 2101 Janus
1489 2069 1692 2100 Guilielmus

234 2113 268 2143 in
293 2112 454 2143 Psendol.
472 2111 587 2143 Plant.
611 2113 742 2144 Qnaest.
765 2121 841 2150 cap.
857 2114 887 2142 6.
907 2113 962 2142 De
978 2105 1096 2142 harun']
1112 2122 1230 2143 vocum
1250 2113 1503 2152 permutatione
1518 2111 1690 2153 frequenti

234 2156 373 2187 consule
391 2153 511 2188 Heius.
528 2154 569 2184 ad
585 2154 685 2185 Ovid.
704 2153 780 2185 Art.
798 2154 875 2185 Am.
891 2164 949 2185 111.
969 2158 1000 2185 2.
1025 2155 1207 2187 Drakenb.
1222 2156 1263 2186 ad
1280 2156 1341 2187 Sil.
1367 2155 1447 2186 Ital.
1463 2164 1495 2186 v.
1519 2158 1593 2186 277.
1622 2165 1690 2186 xu.

235 2201 306 2230 185.
321 2204 355 2229 et
370 2207 443 2229 XIV.
456 2200 596 2228 209.-4
622 2197 743 2228 Baccus
754 2200 787 2228 ut
802 2201 877 2228 esset
891 2198 1100 2229 Beverlandi
1112 2198 1178 2230 Ms.
1207 2200 1211 2204 '

896 2284 1037 2317 NOTAE

275 2353 294 2381 2
321 2349 422 2381 Turba
440 2349 565 2390 fauete]
585 2350 698 2381 Turba
729 2355 781 2382 est
808 2360 931 2382 nomen

233 2402 460 2442 collectivum,
482 2407 691 2442 quapropter
716 2402 855 2434 verbum
872 2412 931 2443 po-

236 2454 329 2485 nitur
345 2452 380 2483 in
399 2452 532 2493 plurali.

277 2507 295 2535 3
321 2503 400 2534 Hoec
416 2502 542 2543 meruit]
568 2501 635 2533 Alii
666 2503 713 2533 sic
740 2503 931 2542 explicant:

235 2555 321 2585 Haec
345 2553 416 2585 dies
443 2554 493 2583 vel
522 2559 660 2594 propter
685 2560 731 2593 te,
747 2564 765 2584 ο
784 2555 934 2595 Lucane,

237 2605 363 2636 editum
386 2605 522 2643 meruit,
543 2609 581 2635 ut
597 2605 706 2635 Baetis
725 2605 852 2645 patrius
870 2607 934 2637 Lu·

235 2657 310 2688 caui
325 2655 444 2687 fluvius
461 2661 694 2686 numeraretur
711 2656 801 2686 inter
821 2655 934 2688 fontes

235 2707 423 2739 Musarum.
459 2706 598 2739 Judicet
621 2707 738 2738 lector.

1028 2354 1047 2383 4
1072 2350 1190 2391 Baetis]
1214 2349 1384 2382 Cordubae
1402 2354 1500 2381 natus
1515 2354 1567 2381 est
1583 2350 1690 2381 Luca-

986 2413 1062 2441 nus,
1086 2413 1162 2444 qnae.
1190 2407 1243 2433 est
1273 2401 1314 2433 ad
1351 2401 1476 2432 Baetim
1512 2401 1689 2441 Hispaniae

988 2453 1129 2484 Baeticae
1146 2451 1284 2483 fluvium
1308 2450 1422 2491 hodie,
1440 2451 1692 2491 Guadalquivir‚·

988 2504 1045 2545 qui
1061 2502 1184 2534 fluvius
1202 2503 1292 2533 inter
1308 2501 1421 2533 fontes
1440 2502 1614 2532 Musarum
1633 2511 1690 2532 nu-

987 2558 1152 2592 meratur,
1164 2553 1321 2594 quoniam
1333 2552 1414 2583 tulit
1424 2551 1568 2582 Poetam
1584 2552 1691 2582 Luca-

988 2614 1078 2636 num.
1121 2605 1178 2634 De
1205 2602 1301 2634 fonte
1316 2607 1431 2634 autem
1447 2602 1599 2634 Castalio
1615 2602 1689 2643 jam

988 2656 1113 2696 saepius
1130 2654 1273 2686 dietum.
