1893 3225
528 234 933 263 EPlGRAMMA'rUM
973 235 1063 263 ΜΒ.
1103 236 1148 263 x.
1357 250 1368 262 .
1486 225 1570 264 ‘741

738 433 941 474 XXIX.

603 524 670 554 AD
703 523 1082 554 SExrlmANUM.

110 589 222 639 QUA
233 602 262 630 M
288 592 392 632 mihi
414 593 621 633 mittebas
641 592 818 633 Saturni
839 598 1039 646 tempore
1061 593 1250 641 lancem,

170 658 335 700 Misisti
356 659 561 710 dominae,
583 660 844 710 Sextiliane‚
865 665 977 701 tuae:

110 725 167 765 Et
189 740 318 778 quam
337 727 533 769 donabas
554 729 685 770 dictis
707 742 733 769 a
756 728 901 769 Marte
923 728 1158 777 Kalendis,

170 795 235 834 De
256 800 404 836 nostra
425 797 607 849 prasina
627 801 694 839 est
714 798 933 852 synthesis
954 801 1071 838 emta
1092 801 1209 850 toga.

108 861 134 902 J
142 874 210 901 am
232 867 434 904 constare
456 865 536 905 tibi
557 866 693 918 gratis
715 879 894 920 coepere
916 865 1078 919 puellae
1096 879 1105 906 t
1539 863 1567 902 5

168 929 423 972 Muneribus
444 932 596 984 futuis,
620 934 880 984 Sextiliane,
899 935 1025 975 meis.

151 1045 182 1076 O
200 1045 391 1087 Sextilium,
414 1048 530 1079 misisti
552 1053 615 1079 tuae
631 1050 764 1080 ‹lomina›
779 1052 907 1087 lancem,
925 1060 1016 1090 quam
1038 1048 1184 1081 mittebas
1206 1048 1283 1079 mihi
1299 1050 1435 1087 tempore
1449 1045 1562 1077 Satur-

105 1088 243 1124 nalium,·
259 1092 289 1119 et
302 1091 339 1120 de
354 1094 439 1129 toga,
451 1091 631 1129 quatismihi
646 1093 781 1123 donabas
798 1094 930 1123 Martiis
946 1092 1114 1132 Kalendis,
1129 1092 1233 1123 emisti
1249 1091 1382 1122 viridem
1392 1089 1567 1131 synthesim

107 1132 182 1161 «Iam
196 1132 348 1163 inchoasti
362 1133 526 1165 conciliare
542 1135 600 1166 tibi
612 1136 730 1176 puellas
740 1136 886 1175 gratuito
908 1136 925 1152 ³¹⁵
949 1136 979 1167 *.

769 1222 909 1254 NOTAE

153 1284 168 1312 l
193 1281 323 1313 Saturni
343 1285 494 1325 tempore]
529 1285 603 1316 Lib.
629 1295 681 1316 ιν.
709 1286 809 1327 Epig.
867 1286 964 1323 riam,
978 1285 1036 1316 lib.
1054 1294 1094 1315 11.
1113 1284 1278 1325 Epig.46.

107 1334 160 1362 46.
178 1337 211 1363 et
228 1332 288 1364 lib.
303 1343 334 1365 v.
350 1335 447 1374 Epig.
461 1338 514 1367 84.
908 1340 926 1367 5
953 1337 1104 1367 Constare
1118 1335 1178 1366 tibi
1190 1333 1312 1374 gratis]
1343 1332 1432 1366 Quia
1451 1341 1568 1363 mune-

149 1385 167 1413 3
192 1383 298 1415 Dictis
311 1395 330 1415 a
345 1385 465 1427 Marte]
481 1386 612 1419 Quibus
623 1392 721 1419 natus
736 1392 812 1419 erat
866 1386 1055 1428 ribus,quae
1065 1387 1107 1417 ad
1120 1396 1173 1417 me
1183 1384 1352 1416 mittenda
1361 1387 1486 1422 essent,
1496 1382 1569 1413 illas

106 1434 277 1466 Martialis
292 1436 391 1477 Epig.
406 1439 459 1468 24.
474 1447 588 1478 supra.
866 1438 928 1469 tibi
940 1438 1115 1470 concilias.
1159 1437 1282 1469 Cicero
1292 1445 1358 1467 vu.
1370 1435 1404 1466 in
1413 1434 1568 1472 Verrem,

146 1486 166 1515 4
182 1486 345 1526 Synthesis
363 1487 460 1527 emta]
483 1488 563 1518 Tuae
577 1488 700 1529 puellae
713 1489 811 1519 emis·
868 1489 993 1520 ‘Navis
1016 1489 1077 1520 tibi
1101 1492 1236 1520 constat
1252 1485 1381 1527 gratiss
1408 1485 1473 1516 hoc
1499 1491 1565 1522 est,

108 1536 133 1567 ti
157 1537 348 1577 syuthesin,
374 1542 503 1570 vestem
525 1548 647 1580 nempe
663 1544 810 1571 coenato-
864 1550 984 1571 navem
1002 1539 1210 1580 comparasti
1224 1538 1340 1579 gratis.

340 1759 402 1788 DE
437 1759 775 1789 APOLLINARIS
811 1759 1029 1789 LITTORE
1063 1757 1337 1788 FORMIANO.

222 1827 260 1867 Ο
284 1838 600 1868 TEMPERATAE
623 1827 750 1869 dulce
772 1827 964 1868 Formiae
987 1827 1122 1875 littus,

220 1895 331 1945 Vos,
355 1909 455 1936 cum
477 1897 622 1937 severi
643 1895 757 1948 fugit
777 1896 989 1950 oppidum
1014 1894 1192 1943 Martis,

226 1963 284 2003 Et
305 1964 528 2017 inquietas
548 1964 697 2005 fessus
720 1964 845 2004 exuit
866 1975 1012 2011 curas,

222 2032 506 2087 Apollinaris
520 2033 725 2073 omnibus
745 2032 858 2072 loeis
878 2030 1070 2084 praefert.

224 2100 268 2141 N
273 2113 330 2140 on
351 2101 424 2142 ille
445 2105 609 2142 sauctae
627 2100 753 2141 dulce
773 2100 912 2141 Tibur
933 2098 1103 2148 uxoris,
1537 2094 1566 2134 5

223 2167 322 2209 Nec
343 2167 637 2217 Tusculanos,
659 2167 906 2221 Algidosve
927 2178 1153 2214 secessus,

152 2277 182 2308 Ο
207 2281 386 2318 temperatae
412 2278 547 2311 Formioe
562 2279 651 2308 littus
676 2287 837 2317 amoenum,
858 2276 1052 2317 Apollinaris
1067 2285 1119 2306 vos
1142 2274 1302 2314 anteponit
1326 2272 1464 2304 omnibus
1479 2272 1566 2310 locis,

109 2329 177 2350 cum
191 2320 280 2360 fugit
296 2321 400 2352 urbem
424 2321 523 2360 rigidi
549 2321 680 2360 Martis,
702 2324 732 2351 et
758 2321 952 2360 defatigatus
965 2322 1083 2351 recreat
1108 2328 1140 2349 se
1155 2328 1174 2348 a
1189 2317 1326 2348 molestis
1341 2315 1566 2347 anxietatibus.

111 2363 168 2393 Ille
183 2373 241 2394 nou
255 2364 300 2394 sic
315 2364 449 2395 miratur
469 2375 562 2395 suave
589 2364 686 2395 Tibur
701 2365 840 2403 conjugis
855 2363 986 2404 pudicae,
1007 2372 1060 2393 nec
1083 2361 1269 2392 Tusculanos
1291 2362 1346 2391 aut
1362 2359 1498 2398 Algidus
1523 2368 1568 2389 se-

764 2438 908 2471 NOTAE

154 2507 169 2534 1
199 2503 346 2543 Formioe]
372 2504 448 2535 Hoc
473 2509 541 2543 est,
561 2515 636 2546 quae
654 2505 739 2535 estis
756 2505 808 2535 lit·
864 2513 916 2544 ge,
931 2502 1103 2534 conditam
1120 2511 1139 2532 a
1157 2501 1301 2532 Romulo
1312 2499 1435 2531 Martis
1450 2499 1532 2530 filio.

111 2561 166 2586 tus
182 2564 367 2585 amoenum:
396 2555 536 2586 Formiae
547 2566 628 2587 vero
643 2556 808 2596 oppidum
908 2558 926 2585 5
952 2554 1024 2585 Non
1039 2555 1090 2585 ille
1110 2552 1242 2592 sanctae]
1267 2551 1427 2591 Intellige
1457 2551 1567 2581 villam

110 2605 398 2637 eratmaritimum
412 2606 446 2635 in
460 2605 580 2636 finibus
593 2607 681 2637 Latii
695 2615 810 2637 versus
864 2604 1075 2635 Tiburtinam
1104 2602 1218 2633 uxoris
1240 2611 1304 2632 non
1321 2610 1418 2642 aeque
1435 2604 1568 2641 gratam

113 2656 344 2695 Campaniam,
359 2656 414 2686 ubi
431 2665 561 2687 amoena
577 2656 642 2688 fuit
668 2657 747 2687 villa
765 2657 810 2687 Α-
865 2654 971 2685 fnisse
987 2653 1187 2694 Apollinari.

113 2707 298 2748 pollinaris,
313 2706 356 2737 de
372 2717 438 2747 quo
453 2707 554 2747 Epig.
569 2710 620 2738 87.
637 2707 693 2739 lib.
711 2716 760 2738 iv.
777 2712 811 2738 et
908 2708 928 2735 6
964 2705 1030 2735 Nec
1056 2700 1257 2741 Tusculanos]
1294 2701 1402 2741 Agros
1434 2700 1568 2731 scilicet

114 2759 214 2799 Epig.
232 2761 284 2788 26.
303 2757 358 2788 lib.
376 2766 443 2787 vu·
869 2758 957 2789 Latii
974 2756 1217 2788 amoenissimos
1243 2760 1413 2792 recenset,
1436 2752 1477 2782 de
1501 2751 1571 2791 qui-

156 2814 175 2841 2
202 2811 359 2851 Oppidum
376 2808 510 2848 Martis]
536 2809 672 2839 Romam
688 2808 812 2839 intelli·
866 2808 929 2839 bus
945 2816 1061 2848 supra.
1565 2811 1567 2814 ·
