1893 3225
566 226 971 260 EmanMMA'rUM
1009 227 1102 258 mn.
1136 227 1182 258 x.
1514 219 1600 261 753

774 345 935 387 XLII.

674 437 739 466 AD
772 435 1069 466 DINDYMUM.

144 502 258 543 TAM
281 502 414 543 dubia
435 505 502 543 est
519 503 679 555 lanugo
700 503 793 552 tibi,
814 507 902 544 tam
922 503 1085 553 mollis,
1105 505 1154 543 ut
1174 502 1296 544 illam

203 570 402 619 Halitus,
425 574 466 610 et
485 569 618 619 soles,
641 575 686 610 et
705 569 816 610 levis
839 582 946 610 aura
966 574 1092 611 terat.

146 634 356 676 Celantur
376 637 509 677 simili
528 644 708 678 ventura
728 636 930 691 Cydonia
949 637 1066 687 lana,

204 703 376 744 Pollice
399 705 590 755 virgineo
609 718 708 758 quae
732 705 926 758 spoliata
946 706 1096 745 nitent.

149 770 327 810 Fortius
347 771 553 824 impressi
574 772 746 825 quoties
764 772 847 813 tibi
862 772 989 813 basia
1010 771 1217 825 quinque,
1571 771 1599 810 5

207 836 429 878 Barbatus
451 838 602 889 labris,
624 839 860 892 Dindyme,
881 838 940 879 fio
963 839 1063 879 tuis.

173 942 302 976 .Habes
316 945 490 983 lanuginem
506 949 571 976 tam
585 946 722 984 dubiam,
745 949 809 977 tam
824 949 971 985 teneram,
992 950 1026 978 ut
1050 947 1163 985 halitu,
1185 950 1215 978 et
1241 946 1365 984 solibus,
1387 950 1416 978 et
1440 945 1500 978 levi
1523 954 1599 976 aura

146 988 279 1059 Zazata.
298 987 465 1045 *Ventura
494 989 633 1029 Cydonia
645 992 793 1029 teguntur
813 989 911 1020 simili
932 990 1016 1030 lana,
1036 999 1104 1030 qnoe
1119 990 1274 1030 refulgent
1298 991 1414 1021 nudata
1438 998 1531 1020 manu
1544 998 1601 1028 pu-

781 1083 897 1094 m
901 1083 996 1095 eod-ee

193 1123 346 1155 Didmum
360 1124 436 1157 cod.
448 1125 644 1158 Beverl.—5
670 1127 805 1167 Impensi
820 1127 866 1158 id.

807 1201 955 1233 NOTAE

196 1259 211 1288 1
232 1257 307 1289 Tam
320 1258 428 1299 dubia]
444 1259 499 1291 De
509 1259 572 1291 hoc
586 1259 760 1301 Dindymo
776 1260 853 1292 vide
875 1260 933 1292 lib.
951 1269 985 1291 v.
1004 1260 1106 1301 Epig.
1122 1263 1174 1291 41.
1192 1264 1228 1291 et
1244 1263 1297 1291 83.

796 1371 983 1412 XLIII.

158 1496 161 1500 ἢ
663 1459 729 1490 AD
763 1459 1105 1490 PHILERO'I'EM.

159 1526 382 1567 SEPTJMA
397 1527 508 1580 jam,
531 1527 751 1576 Phileros,
771 1527 852 1568 tibi
873 1526 1074 1568 conditur
1089 1540 1201 1568 uxor
1221 1527 1267 1568 in
1290 1541 1408 1582 agro.

213 1592 327 1633 Plus
341 1593 463 1644 nulli,
484 1594 702 1643 Phileros,
723 1607 856 1646 quam
877 1594 973 1643 tibi,
994 1593 1139 1634 reddit
1157 1607 1270 1647 ager.

200 1695 232 1727 Ο
249 1695 404 1734 Phileros,
420 1696 489 1735 jam
512 1701 626 1736 septem
641 1707 754 1728 uxores
773 1707 792 1728 a
816 1700 846 1729 te
870 1697 1004 1728 humatoe
1017 1697 1140 1730 suntin
1162 1708 1250 1739 agro.
1294 1700 1326 1732 Ο
1351 1700 1507 1742 Phileros,
1529 1711 1607 1741 ager

158 1738 274 1769 nemini
288 1739 392 1769 reddit
405 1739 475 1778 plus
491 1749 582 1779 quam
597 1739 670 1771 tibi.
812 1781 954 1814 NOTAE

202 1847 221 1876 l
256 1844 411 1886 Septima]
450 1844 478 1875 A
511 1849 546 1876 te
573 1855 697 1886 nempe
727 1855 860 1877 veneno
913 1850 1049 1877 tuarum
1064 1840 1218 1878 uxo‘rum.
1262 1848 1317 1878 De
1342 1848 1430 1888 agris
1448 1848 1488 1879 ad
1506 1849 1619 1890 sepul-

158 1895 302 1932 sublata,
324 1899 360 1925 ut
375 1895 569 1934 intelligere
585 1895 721 1926 videtur
736 1895 860 1927 Po'eta.
918 1905 1055 1927 crorum
1072 1906 1167 1927 usum
1187 1898 1396 1929 consecratis
1414 1897 1543 1930 dictum
1559 1899 1618 1930 lib.

163 1945 254 1977 Vide
267 1944 326 1976 lib.
340 1953 396 1976 1X.
411 1945 512 1985 Epig.
530 1948 582 1976 16.
921 1955 947 1978 1.
964 1947 1066 1988 Epig.
1081 1949 1156 1978 115.
1173 1951 1209 1978 et
1225 1950 1299 1979 117.

202 1997 223 2026 2
246 1994 363 2027 Reddit
378 1994 470 2035 ager]
492 1995 606 2027 Dotes
631 2005 752 2037 nempe
773 2005 861 2027 mor-

807 2127 990 2170 XLIV.

697 2216 764 2246 AD
797 2217 842 2255 Q.
866 2217 1099 2248 ovian.

167 2281 372 2333 QU1NTE
394 2282 660 2324 Caledonios
683 2282 817 2325 Ovidi
837 2283 983 2325 visure
999 2284 1252 2336 Britannos,

225 2350 282 2392 Et
302 2350 483 2392 viridem
499 2351 689 2403 Tethyn,
710 2350 1032 2405 Oceanumque
1053 2355 1252 2405 patrem:

207 2448 240 2480 Ο
259 2448 374 2484 Quinte
391 2449 488 2480 Ovidi
509 2449 635 2481 aditure
653 2449 836 2480 Caledonios
856 2449 1042 2491 Britannos,
1057 2453 1088 2481 et
1101 2450 1233 2482 viridem
1244 2450 1380 2491 Tethyn,
1407 2453 1500 2491 atque
1527 2451 1625 2482 Ocea-

822 2512 967 2544 NOTAE

213 2566 231 2594 1
257 2563 391 2603 Quinte]
414 2564 521 2605 Cujus
546 2565 675 2596 mentio
699 2564 795 2597 facta
814 2570 868 2596 est
928 2566 1018 2598 Vide
1033 2567 1092 2598 lib.
1110 2567 1228 2607 Spect.
1245 2566 1344 2607 Epig.
1359 2569 1392 2598 ⁷.

171 2613 235 2646 lib.
249 2622 313 2645 vn.
337 2614 439 2654 Epig.
467 2617 520 2646 44.
545 2615 601 2656 qui
630 2616 823 2647 Caesonium
850 2625 870 2647 a
969 2620 989 2648 2
1013 2617 1058 2647 Et
1072 2617 1204 2647 viridem
1220 2616 1355 2657 Tethyn]
1377 2616 1464 2649 Quae
1486 2615 1631 2647 sumitur

171 2665 310 2697 Nerone
328 2663 522 2695 damnatum
544 2665 577 2695 in
603 2666 744 2697 exilium
766 2666 870 2698 comi·
927 2677 990 2709 pro
1006 2667 1082 2708 ipso
1107 2667 1215 2706 mari3
1236 2667 1325 2698 illius
1352 2667 1510 2698 maritum
1538 2666 1631 2698 Oce-

170 2719 263 2746 tatus
281 2714 359 2745 vitae
375 2715 571 2754 anteposuit
591 2716 785 2748 amicitiam.
927 2726 1027 2748 anum
1053 2716 1231 2747 fluviorum
1257 2715 1469 2757 fontiumque
1496 2720 1629 2756 patrem

219 2765 401 2796 Caledonios
418 2764 605 2805 Britannos]
626 2766 739 2798 Hodie
753 2766 870 2798 scotos.
928 2766 1061 2807 fingunt
1080 2765 1205 2807 po'etae.

263 2818 374 2859 Delph.
388 2821 419 2849 et
434 2817 507 2849 Var.
521 2818 604 2849 Clas.
826 2818 975 2849 Martial.
1474 2820 1491 2846 3
1516 2816 1543 2846 Β
