1893 3225
251 273 337 315 900
723 282 770 310 M.
804 279 916 310 vAL.
952 279 1226 310 MAnriAms

255 376 420 417 Lesbia
442 387 543 415 cum
564 377 708 416 tenero
729 379 769 415 te
789 382 943 429 posset
965 387 1109 415 amare
1133 374 1328 424 Catullo,
1671 377 1700 415 5

312 443 376 484 Te
398 446 500 496 post
522 442 748 483 Nasonem
769 443 931 484 blanda
953 443 1144 483 Corinna
1167 444 1306 496 sequi.

260 511 302 552 N
307 524 356 551 ec
375 511 554 551 deerant
575 510 779 564 Zephyri,
802 510 839 550 si
861 515 904 551 te
926 510 1029 550 dare
1051 511 1151 550 vela
1167 510 1366 563 juvaret:

314 578 401 619 Sed
423 583 471 619 tu
491 578 613 619 littus
635 591 756 619 amas
771 566 796 619 ε’
811 579 892 619 hoc
914 591 1094 631 quoque
1118 578 1268 619 fratris
1289 578 1438 618 habes.

254 689 393 728 superior
407 689 536 727 pietate.
581 687 691 719 Lesbia
704 692 805 728 posset
821 688 953 727 diligere
975 691 1006 719 te
1020 698 1088 718 cum
1109 691 1211 718 tenero
1231 688 1365 727 Catullo,
1386 691 1416 718 et
1439 686 1550 718 blanda
1567 688 1705 718 Corinna

253 733 372 762 hoerere
387 731 445 762 tibi
458 734 527 771 post
545 730 711 762 Nasonem.
758 731 826 762 Nec
851 730 990 771 Zephyri
1011 730 1206 771 deficiebant,
1227 731 1256 761 si
1279 730 1338 761 tibi
1359 731 1495 771 placeret
1518 732 1592 761 dare
1615 732 1702 761 vela:

257 779 290 805 at
306 776 395 806 littus
408 775 465 805 tibi
475 777 604 813 gratum
618 776 681 804 est:
706 777 737 805 et
753 774 808 805 lwc
822 774 916 805 etiam
933 777 963 804 te
973 774 1084 813 probat
1089 773 1238 811 fratrem.

866 847 1059 859 ‘‘‘‘‘‘‘
1062 847 1100 858 Ν

299 898 316 923 5
342 892 456 923 Palat.
469 891 553 932 legit
575 901 643 922 cum
664 891 841 931 lepido.-—7
867 892 940 923 Non
969 893 1098 923 deerunt
1109 890 1271 930 ...juvabit
1289 891 1322 922 in
1339 891 1487 930 margine
1505 890 1558 922 ed.
1576 891 1708 931 Langii,

261 936 342 967 Par.
360 938 453 967 1617.

915 977 1056 1008 NOTAE

303 1048 320 1074 5
345 1043 469 1081 Lesbia,
496 1045 527 1073 et
557 1040 710 1080 corinna]
733 1041 862 1072 Amicae
895 1042 959 1073 sci·
1015 1042 1091 1074 Non
1113 1041 1235 1073 deerat
1261 1041 1325 1072 tibi
1342 1040 1466 1081 grande
1483 1041 1669 1082 ingenium,
1686 1043 1713 1073 si

261 1096 343 1126 licet
374 1093 513 1131 Catulli,
538 1097 571 1123 et
589 1091 720 1130 Ovidii,
751 1092 878 1122 teneris
905 1092 960 1123 ho·
1014 1094 1165 1124 carmina
1181 1092 1318 1124 heroica
1333 1091 1480 1123 condere
1496 1092 1669 1124 voluisses.

261 1156 335 1176 rum
352 1144 527 1185 poetarum
556 1143 674 1183 elegiis
701 1148 860 1183 assuetae,
883 1149 959 1175 tuas
1057 1148 1076 1176 8
1102 1145 1173 1175 Hoc
1191 1143 1325 1183 fratris]
1355 1143 1439 1173 Cum
1471 1141 1588 1174 fratris
1612 1154 1712 1176 causa

261 1201 375 1228 tamen
393 1203 505 1226 amare
522 1197 674 1234 possent.
1016 1195 1145 1236 grande
1160 1200 1253 1226 tuum
1271 1194 1440 1235 ingenium
1457 1195 1627 1226 coerceas.

304 1250 323 1277 7
350 1247 415 1278 Nec
444 1247 572 1277 deerant
601 1244 753 1285 Zephyri]
788 1245 865 1276 Hoc
894 1250 960 1285 est,

911 1400 1066 1443 XLV.

825 1490 891 1520 An
926 1490 1158 1520 PHOEBL'M.

381 1556 603 1598 HAEniNA
622 1556 703 1598 tibi
727 1557 845 1611 pelle
868 1558 1117 1611 contegenti

383 1624 527 1666 Nudae
550 1629 749 1678 tempora
768 1627 1068 1680 verticemque
1092 1627 1246 1676 calvae,

382 1692 560 1733 Festive
581 1692 676 1742 tibi,
699 1693 887 1743 Phoebe,
910 1694 1029 1734 dixit
1050 1694 1142 1743 ille,

381 1759 471 1810 Qui
492 1760 605 1801 dixit
626 1765 764 1813 caput
785 1774 885 1802 esse
906 1761 1169 1802 calceatum.

310 1864 341 1895 Ο
358 1864 481 1904 Phoebe,
502 1865 554 1895 ille
569 1865 668 1905 lepide
682 1866 768 1897 dixit
788 1865 846 1896 tibi
868 1866 990 1897 haedina
1011 1867 1089 1906 pelle
1111 1868 1229 1906 tegenti
1244 1870 1393 1907 tempora,
1415 1870 1445 1898 et
1470 1869 1614 1898 verticem
1630 1870 1720 1900 nudae

272 1908 378 1947 calroe,
401 1908 453 1948 qui
469 1908 553 1939 dixit
568 1912 658 1949 caput
675 1918 738 1940 esse
758 1909 933 1940 calciatum.

1057 1982 1116 1993 αφ’

316 2028 332 2055 1
360 2025 478 2056 OEdz'na
498 2024 592 2057 Jnnt.
618 2025 695 2056 Ald.
720 2025 894 2057 Colin.-—3
918 2025 1023 2057 Duxit
1057 2025 1262 2057 Beverlandi
1293 2026 1426 2057 Ms.-4
1450 2025 1519 2056 Pro
1548 2024 1611 2059 Qui
1640 2026 1723 2057 dixit

272 2067 362 2098 idem
379 2067 454 2101 cod.
468 2070 607 2099 crudum.
651 2069 780 2100 Omnes
794 2068 873 2100 edd.
890 2073 975 2100 vett.
993 2068 1168 2100 calciatum.

925 2148 1065 2181 NOTAE

319 2222 335 2249 1
361 2219 499 2250 Haedina
526 2219 616 2260 pelle]
650 2218 726 2250 Hoc
754 2223 821 2258 est,
853 2218 975 2259 galeri·
1069 2220 1089 2248 4
1116 2217 1310 2258 Calceatum]
1334 2217 1416 2256 Alii,
1432 2217 1616 2248 calciatum.-
1640 2215 1725 2246 finnt

276 2270 354 2301 culo
382 2279 425 2300 ex
451 2270 539 2301 haedi
565 2271 654 2311 pelle
678 2269 784 2308 facto,
808 2279 874 2310 quo
902 2274 974 2300 ute·
1027 2279 1108 2300 vero
1125 2270 1232 2301 calcei
1257 2279 1299 2299 ex
1320 2269 1482 2309 pellibus,
1503 2267 1623 2308 quibus
1650 2276 1724 2297 cum

276 2320 375 2350 batur
406 2321 551 2351 Phoebus
587 2321 629 2351 ad
659 2320 846 2361 tegendum
876 2320 977 2351 calvi·
1029 2319 1177 2350 Phoebus
1207 2323 1341 2359 tegeret
1365 2324 1481 2359 caput,
1511 2319 1633 2349 merito
1660 2318 1727 2348 cal·

276 2370 370 2401 tium.
416 2370 504 2401 Vide
519 2370 576 2401 lib.
595 2379 672 2401 xw.
689 2370 789 2411 Epig.
806 2372 859 2401 50.
1028 2374 1163 2401 ceatum
1176 2369 1242 2401 dici
1259 2374 1405 2409 poterat.

916 2483 1095 2525 XLVI.

803 2575 869 2605 AD
903 2574 1197 2605 CLASSICUM.

394 2641 648 2683 VENDUNT
671 2642 867 2683 carmina
888 2641 1061 2692 Gallus,
1082 2649 1126 2683 et
1147 2643 1387 2696 Lupercus,

395 2710 549 2759 Saum,
572 2710 787 2761 Classico,
809 2724 921 2751 nunc
942 2724 1050 2764 nega
1065 2711 1241 2765 poetas.

328 2819 438 2850 Gallus
452 2822 481 2850 et
498 2819 653 2859 Lupercus
670 2820 800 2850 rendunt
816 2829 929 2851 versus.
978 2820 1007 2850 0
1028 2820 1173 2859 classice,
1196 2830 1274 2851 nunc
1290 2830 1368 2859 nega
1380 2820 1487 2861 poetas
1503 2829 1618 2859 sapere.
