1893 3225
508 250 913 282 El‘lGRAMMA'rUM
951 251 1043 281 mn.
1078 252 1147 282 ix.
1484 244 1569 286 683

377 453 558 482 SABINO
593 452 766 481 ΜΙΤἾῚΤ
800 453 1042 484 CORONAM
1080 453 1295 483 ROSEAM.

108 520 205 561 SEU
231 524 278 561 tu
300 520 522 562 Paestanis
543 522 690 575 genita
711 536 775 571 es,
797 535 875 563 seu
895 522 1076 564 Tiburis
1100 524 1233 572 arvis,

163 591 251 630 Seu
275 591 421 631 rubuit
441 590 572 631 tellus
593 589 792 631 Tuscula
814 590 919 631 flore
942 595 1040 641 tuo,

106 658 195 698 Scu
218 656 497 699 Praenestino
519 662 560 699 te
583 657 733 698 villica
752 658 858 712 legit
878 658 921 698 in
940 659 1084 712 horto,

162 726 253 767 Seu
274 726 406 767 modo
429 725 649 780 Campani
671 725 813 778 gloria
832 727 947 768 ruris
969 741 1092 780 eras;

104 794 337 835 Pulchrior
357 799 406 834 ut
427 798 580 836 nostro
602 793 781 835 videare
803 807 970 835 corona
990 795 1173 845 Sabino,
1542 801 1570 840 5

165 862 236 903 De
260 861 544 903 Nomentano
567 866 610 903 te
633 866 760 916 putet
782 876 879 904 esse
899 877 1015 905 meo,

148 963 207 992 Seu
223 965 258 992 tu
270 965 345 992 nata
361 972 392 993 es
408 962 440 992 in
458 962 545 1002 agris
562 963 730 1002 Paestanis,
744 973 797 994 seu
817 963 952 1003 Tiburis,
967 974 1019 995 seu
1036 967 1123 996 terra
1140 966 1273 998 Tuscum
1285 966 1391 998 rubuit
1412 970 1464 998 tuo
1472 967 1568 1008 flore,

102 1016 154 1035 seu
170 1005 274 1035 villica
285 1008 315 1035 te
330 1006 446 1045 carpsit
462 1007 495 1036 z'n
510 1005 599 1035 horto
615 1006 821 1044 Praenestino,
837 1017 889 1038 seu
898 1008 990 1047 paulo
1004 1011 1096 1039 antea
1108 1018 1177 1040 eras
1188 1011 1278 1040 decus
1293 1012 1376 1042 ruris
1393 1011 1547 1051 Campani
1559 1023 1569 1047 ;

104 1053 136 1078 ιιι
146 1048 316 1086 formosior
331 1058 441 1080 corona
466 1059 641 1089 compareas
656 1053 760 1080 nostro
778 1050 905 1090 Sabino,
928 1051 1089 1083 existimet
1104 1055 1136 1083 te
1151 1057 1267 1084 natam
1283 1063 1347 1085 esse
1370 1054 1404 1085 in
1421 1064 1486 1085 meo
1504 1055 1570 1085 No-

105 1094 262 1122 wentano.

714 1144 791 1155 em
795 1145 953 1156 οοοοοοοο

146 1187 198 1218 De
212 1197 322 1218 cor-ona
343 1197 430 1218 rosea
455 1188 488 1218 in
516 1187 594 1218 edd.
621 1192 706 1220 vett.
736 1187 815 1219 Ald.
843 1189 940 1221 Junt.
965 1189 1075 1221 Colin.
1092 1190 1226 1232 Gryph.
1243 1192 1372 1233 Delph.
1399 1193 1491 1224 nulla
1507 1194 1571 1224 alia

102 1231 247 1261 varietas
262 1230 295 1261 in
310 1230 403 1261 libris
414 1230 598 1262 invenitur.

764 1297 912 1329 NOTAE

148 1362 162 1389 1
189 1359 251 1390 Seu
264 1360 314 1400 tu]
346 1360 519 1392 Recenset
535 1360 629 1392 varia
643 1361 721 1392 loca
732 1371 809 1402 quae
864 1362 956 1394 derit
975 1362 1101 1395 factam
1118 1363 1223 1396 fuisse
1250 1375 1293 1397 ex
1319 1367 1403 1398 rosis
1432 1366 1518 1398 natis
1536 1367 1568 1397 in

103 1410 186 1441 rosis
208 1410 433 1452 abundarent,
462 1411 505 1442 de
532 1411 654 1453 quibus
684 1412 809 1453 saepius
864 1423 945 1453 agro
970 1423 1030 1444 suo
1062 1414 1291 1456 Nomentano,
1305 1415 1347 1448 de
1365 1427 1432 1459 quo
1454 1417 1512 1448 lib.
1529 1427 1571 1448 11.

102 1461 242 1492 dictum.
301 1461 427 1493 Sabino
469 1467 584 1493 autem
620 1462 809 1502 gratiorem
864 1464 964 1506 Epig.
980 1467 1033 1495 38.

101 1510 172 1543 fore
188 1512 326 1543 missam
341 1522 500 1543 coronam
511 1517 641 1553 sperat,
657 1513 684 1544 si
701 1513 811 1544 credi-

752 1613 914 1655 LXII.

538 1692 601 1722 DE
636 1693 869 1737 PLATANQ
903 1694 1139 1735 CAESARis.

105 1761 161 1803 IN
187 1761 489 1802 Tartessiacis
512 1761 670 1803 domus
691 1766 758 1803 est
778 1763 1014 1805 notissima
1035 1764 1177 1814 terris,

162 1829 266 1880 Qua
291 1830 416 1871 dives
438 1829 663 1883 placidum
688 1829 901 1871 Corduba
922 1831 1073 1872 Baetin
1095 1839 1242 1885 amat;

104 1898 282 1939 Vellera
301 1898 457 1939 nativo
479 1898 646 1952 pallent
668 1899 744 1939 ubi
766 1898 882 1940 flava
902 1899 1101 1950 metallo,

160 1966 218 2008 Et
238 1967 338 2008 linit
360 1966 632 2020 Hesperium
654 1967 835 2009 bractea
856 1968 958 2008 viva
980 1981 1118 2022 pecus
1137 1982 1146 2009 ε

105 2035 298 2076 AEdibus
321 2036 366 2076 in
385 2034 545 2075 mediis
566 2038 685 2076 totas
707 2035 917 2089 amplexa
939 2035 1130 2077 Penates
1534 2041 1562 2080 5

161 2104 256 2144 Stat
277 2105 486 2158 platanus
507 2103 656 2144 densis
679 2103 941 2145 Caesariana
961 2105 1129 2154 comis3

146 2204 265 2234 Domus
284 2207 329 2235 est
345 2204 378 2234 in
394 2208 479 2235 terra
494 2204 632 2243 Roetz'ca,
653 2203 706 2235 ubi
729 2205 862 2244 locuples
880 2204 1024 2235 Corduba
1039 2208 1123 2235 amat
1147 2206 1348 2245 tranquillum
1364 2205 1495 2243 Baetim
1517 2208 1569 2238 ubi

95 2246 183 2286 flava
196 2247 308 2278 vellera
332 2247 450 2288 pallent
466 2247 604 2278 naturali
624 2248 762 2286 metallo,
784 2251 815 2278 et
841 2249 913 2278 viva
941 2249 1056 2278 lamina
1082 2248 1209 2278 inaurat
1235 2248 1399 2288 Hispanas
1422 2260 1511 2281 oves.-
1536 2251 1568 2281 in

102 2290 212 2320 mediis
226 2290 344 2321 cedibus
358 2294 420 2321 stat
431 2291 579 2331 platanus
594 2290 789 2331 Caesariana,
804 2291 909 2321 densis
924 2290 1020 2321 ramis
1034 2291 1193 2332 complexa
1205 2294 1302 2323 totam
1313 2293 1434 2323 domum
1446 2303 1457 2329 ;
1480 2303 1569 2334 quam

729 2355 966 2366 00000000000

148 2396 223 2428 Hoc
241 2397 452 2439 epigramma
468 2399 501 2430 in
516 2400 686 2431 nonnullis
704 2399 901 2430 inscribitur
915 2399 965 2429 De
979 2399 1105 2439 platano
1124 2398 1395 2431 Cordubensi.—2
1412 2400 1568 2432 Placitum

768 2464 909 2496 NOTAE

149 2518 165 2546 1
191 2516 231 2546 In
246 2516 463 2559 Tartessiacis]
485 2519 582 2551 Idem
607 2525 659 2552 est
672 2520 805 2551 Tartes-
861 2520 870 2536 ‘
885 2518 992 2550 Baetis
1008 2517 1163 2549 olivifera
1187 2517 1315 2549 crinem
1341 2518 1498 2549 redimite
1514 2529 1569 2550 co·

103 2576 158 2597 sus
185 2576 224 2597 ac
246 2567 352 2598 Baetis
381 2569 559 2610 Hispaniae
587 2569 721 2609 fluvius,
746 2571 803 2602 lib.
861 2579 956 2606 rona,
972 2569 1089 2600 Aurea
1102 2569 1159 2610 qui
1182 2569 1298 2600 nitidis
1324 2570 1451 2601 vellera
1465 2570 1568 2610 tingis

104 2625 184 2647 vm.
197 2616 297 2657 Epig.
313 2620 366 2648 28.
653 2650 659 2656 ,
861 2619 981 2662 aquis!
1021 2625 1057 2651 et
1089 2619 1266 2652 Juvenalis
1307 2620 1378 2652 Sat.
1417 2629 1487 2652 xn.
1514 2624 1569 2652 42.

145 2669 165 2697 2
193 2665 350 2706 Corduba]
374 2666 462 2698 Urbs
478 2668 655 2711 Hispaniae
672 2676 751 2702 nota
761 2671 803 2702 ad
860 2673 869 2688 ‘
885 2670 1003 2711 Atque
1031 2671 1126 2709 alias,
1149 2680 1289 2712 quarum
1315 2672 1469 2712 generosi
1493 2682 1569 2713 gra-

105 2718 229 2749 Baetin.
861 2721 961 2753 minis
979 2721 1089 2762 ipsum
1104 2720 1230 2752 Infecit
1241 2725 1364 2752 natura
1378 2731 1495 2762 pecus,
1509 2723 1567 2753 sed

150 2771 169 2799 3
199 2767 337 2809 Vellera]
361 2768 429 2800 Ubi
445 2779 568 2811 nempe
585 2781 723 2802 aureum
740 2772 808 2802 vel·
863 2778 900 2805 et
924 2773 1079 2813 egregius
1104 2771 1178 2803 fons
1195 2772 1334 2804 Viribus
1362 2774 1517 2814 occultis,
1534 2780 1568 2804 et

107 2820 158 2851 lus
183 2819 312 2851 habent
337 2828 437 2851 oves:
465 2820 524 2853 lib.
547 2829 615 2852 xn-
632 2822 732 2863 Epig.
753 2825 808 2854 99.
864 2823 1016 2856 Baeticus
1030 2823 1171 2865 adjuvat
1187 2822 1268 2855 aer?
