1893 3225
207 196 319 239 1064
682 210 731 239 Μ.
765 209 876 240 vAL.

910 210 1187 242 MARTIAMS

818 368 1044 411 CCXIII.

814 460 840 488 P
857 461 885 490 A
904 461 934 490 R
952 461 986 490 M
1003 462 1047 490 A.

205 523 343 574 HAEC,
365 538 466 579 quae
487 538 606 580 saepe
625 527 741 567 solet
761 526 894 577 vinci,
917 542 1018 582 quae
1040 529 1213 570 vincere
1236 543 1353 579 raro,

260 593 421 634 Parma
441 593 538 643 tibi,
561 598 735 635 scutum
756 595 1013 648 pumilionis
1035 596 1128 637 erit.

245 716 337 755 Ham,
359 726 427 756 quae
439 716 515 748 solet
530 726 611 758 soepe
626 717 778 757 superari,
802 728 869 758 quae
883 728 954 748 raro
967 727 1125 758 superare,
1145 728 1258 758 parma
1274 717 1333 750 tibi
1349 718 1422 758 erit,
1445 721 1562 749 scutum
1580 727 1659 749 vero

196 759 389 798 pumilionis.

813 814 929 825 eeeeee

241 860 261 887 2
288 857 370 887 Erat
385 857 417 888 in
435 856 513 889 edd.
531 861 616 888 vett.

934 813 1049 825 eeeeee

859 911 999 943 NOTAE

242 979 257 1006 l
286 975 381 1017 Haec]
404 975 527 1007 Parma
543 985 679 1016 nempe,
695 985 770 1017 quae
794 975 899 1006 breve

197 1032 272 1057 erat
288 1031 434 1066 scutum,
450 1037 516 1068 quo
534 1027 590 1068 qui
608 1026 728 1058 armati
745 1032 844 1058 erant
866 1027 899 1057 in

197 1088 312 1117 arena,
329 1077 420 1119 quod
446 1078 519 1118 ejus
546 1078 715 1109 brevitate
731 1087 797 1109 non
815 1078 898 1108 satis

195 1133 311 1160 essent
338 1129 434 1168 tecti,
456 1138 548 1170 saepe
572 1129 808 1160 vincebantur.
842 1129 899 1160 Sic

194 1180 372 1211 Turnebus
400 1180 458 1212 lib.
476 1190 508 1211 v.
533 1190 610 1220 cap.
636 1182 686 1211 10.
702 1180 813 1211 citans
835 1180 898 1211 hoc

197 1231 425 1272 Epigramma.
451 1230 602 1262 Thraces
616 1235 730 1261 autem
747 1240 896 1271 parmam

196 1281 371 1321 gerebant,
397 1291 539 1323 quorum
566 1280 752 1312 factionem
776 1280 897 1312 oderat

955 976 1196 1007 Domitianus:
1221 975 1312 1007 unde
1324 976 1390 1016 ipsi
1403 975 1560 1006 adulatur
1574 975 1660 1005 Poe·

955 1032 999 1067 ta,
1012 1037 1088 1058 cum
1105 1027 1199 1058 dicat
1216 1037 1366 1068 parmam
1380 1036 1471 1067 saepe
1484 1026 1586 1057 vinci.

997 1082 1017 1109 2
1041 1078 1185 1118 Scutmn]
1208 1078 1308 1111 Quod
1325 1082 1431 1109 totum
1443 1087 1567 1117 corpus
1580 1086 1660 1108 con-

955 1129 1109 1171 tegebat.
1155 1131 1279 1160 Sensus
1302 1134 1375 1160 est:
1412 1128 1524 1159 Homo
1540 1137 1660 1168 proce-

954 1190 1011 1211 rus
1028 1191 1094 1212 non
1110 1181 1196 1212 bene
1213 1190 1329 1221 parma
1345 1179 1507 1218 munitur,
1525 1177 1582 1209 sed
1601 1188 1657 1208 na-

953 1241 1014 1262 nus
1039 1231 1167 1272 optime
1196 1231 1354 1262 munitur.
1403 1230 1486 1268 Tibi,
1511 1238 1657 1270 procero

952 1295 1087 1326 nempe.

812 1431 1034 1473 CCXIV.

719 1522 869 1553 PUERI
905 1524 1123 1555 concam.

193 1591 303 1632 NON
326 1591 406 1632 erit
425 1591 469 1632 in
489 1592 616 1632 turba
637 1590 874 1645 quisquam
894 1590 1112 1644 μισούμενος
1138 1593 1222 1633 isla
1241 1607 1250 1633 :

248 1659 338 1700 Sed
357 1660 518 1714 poterit
539 1660 686 1714 quivis
709 1673 807 1701 esse
829 1659 1076 1709 διο-εξάποθος.

234 1770 307 1801 Non
322 1771 381 1802 erit
406 1771 567 1812 quisquam
582 1771 651 1802 odio
667 1771 781 1812 dignus
798 1772 829 1803 in
844 1772 901 1803 hac
922 1773 1013 1804 turba
1025 1784 1035 1804 .·
1057 1775 1109 1805 sed
1125 1773 1251 1814 quilibet
1264 1772 1382 1814 poterit
1409 1782 1472 1804 esse
1486 1772 1649 1812 jucundis·

190 1815 296 1844 simus.

984 1867 1044 1880 ΝΟ

232 1926 251 1953 2
273 1922 513 1962 ίΔιδεξοίτι-οθοςε
538 1922 582 1954 δὶς
600 1922 778 1962 ἐξαπατῶν]
802 1924 942 1956 Beverl.
971 1924 1237 1966 Intelligendum
1255 1929 1308 1955 est
1334 1924 1558 1965 posteriorem
1569 1924 1648 1955 lect.

187 1976 205 1997 e
223 1966 292 1998 Ms.
308 1965 464 2007 ejusdem
479 1966 617 1998 Beverl.
628 1967 780 1999 evenire.

844 2032 984 2064 NOTAE

233 2099 248 2127 1
276 2095 349 2126 Non
363 2096 422 2127 erit
436 2095 484 2136 in]
508 2096 586 2128 Hoc
604 2102 668 2136 est,
681 2097 791 2138 inquit
806 2098 892 2129 Tur-

188 2146 294 2178 nebus
310 2145 370 2177 lib.
387 2155 439 2177 xx.
457 2156 532 2187 cap.
546 2149 599 2178 24.
615 2152 683 2178 tam
701 2147 839 2180 formosi
855 2154 892 2180 et

189 2196 350 2228 amabiles
362 2202 439 2227 sunt
455 2197 551 2238 pueri
568 2198 623 2229 isti
638 2199 794 2238 comoedi,
812 2204 848 2230 ut
864 2200 892 2230 si

188 2247 379 2287 μισούμενος,
396 2247 428 2277 id
440 2252 503 2287 est,
519 2257 667 2288 persona
682 2249 755 2290 ejus
769 2251 826 2291 qui
844 2251 891 2281 in-

187 2300 277 2330 visus
294 2298 351 2339 sit,
374 2298 507 2339 agenda
532 2299 587 2338 sit,
605 2304 643 2330 ut
665 2309 726 2330 usu
752 2301 891 2331 evenire

947 2099 1033 2130 solet
1057 2099 1091 2129 in
1117 2099 1303 2138 comoediis,
1333 2108 1398 2130 non
1422 2098 1466 2129 sit
1494 2098 1527 2128 in
1551 2096 1652 2128 turba

948 2150 1124 2191 quisquam
1146 2150 1203 2192 qui
1217 2160 1292 2181 eam
1315 2159 1417 2191 agere
1434 2150 1566 2190 possit:
1590 2148 1650 2178 sed

948 2201 1004 2241 qui
1022 2210 1094 2231 eam
1112 2211 1291 2241 personam
1307 2198 1500 2239 δισεξάποθον
1520 2200 1649 2240 possit:

946 2252 1009 2283 hoc
1037 2257 1101 2291 est,
1129 2253 1275 2283 maxime
1299 2251 1439 2292 optandi
1467 2260 1525 2282 seu
1547 2249 1651 2281 caris-

947 2311 1034 2333 sinu.

811 2430 1006 2473 CCXV.

791 2521 816 2550 F
832 2521 846 2550 1
864 2522 890 2550 B
913 2521 940 2551 U
960 2522 987 2550 ι,
1001 2521 1046 2552 A.

190 2585 283 2625 Dic
305 2586 413 2627 mihi
435 2586 709 2641 simpliciter,
731 2589 946 2630 comoedis
968 2593 1010 2630 et
1031 2588 1288 2631 citharoedis

249 2653 408 2695 Fibula
430 2654 536 2709 quid
558 2657 772 2710 praestat'?
804 2658 950 2699 carius
971 2662 1020 2699 ut
1038 2658 1225 2700 futuant.

810 2745 1008 2757 ”ww
1011 2746 1029 2757 e

230 2789 249 2815 z
274 2784 311 2815 Si
326 2785 400 2826 quid
412 2787 620 2827 prcestiterint
639 2788 752 2820 Curius
767 2789 800 2821 in
816 2799 921 2832 marg.
939 2791 992 2823 ed.
1009 2791 1139 2832 Langii.

1861 130 1891 187 ll¹
