1893 3225
539 247 938 277 EPIGRAMMATUM
975 247 1068 277 LlB.
1103 247 1215 277 Xlll.
1520 237 1604 278 939

159 346 216 387 Et
237 346 387 400 possis
407 346 551 399 ipsum
571 349 614 386 tu
636 344 832 385 deridere
854 344 1078 393 Latinum,

215 413 318 454 Non
339 418 465 467 potes
486 413 529 453 in
550 426 690 465 nugas
711 412 857 453 dicere
874 412 1003 465 plura
1024 425 1160 461 meas,

157 481 263 535 Ipse
283 495 364 534 ego
386 494 516 535 quam
540 481 655 522 dixi:
689 480 792 533 quid
813 480 986 520 dentem
1008 480 1135 520 dente
1150 479 1328 534 juvabit
1576 480 1604 519 5

211 548 415 590 Rodere'?
448 561 577 589 carne
598 561 711 602 opus
732 553 816 598 est,
840 549 878 589 si
897 552 1017 589 satur
1038 560 1137 588 esse
1161 547 1286 589 velis.

157 616 228 657 Ne
250 616 409 670 perdas
430 628 635 670 operam:
667 616 740 669 qui
762 629 809 656 se
831 616 1055 664 mirantur,
1076 615 1120 655 in
1141 615 1244 655 illos

210 684 347 725 Virus
368 684 504 724 habe:
535 696 615 724 nos
634 683 731 724 haec
752 684 958 724 novimus
980 696 1082 724 esse
1102 683 1223 724 nihil.

156 752 253 793 Nec
273 756 416 792 tamen
439 751 524 792 hoc
542 752 723 792 nimium
742 751 850 792 nihil
871 754 949 801 est,
970 751 1007 791 si
1028 750 1246 792 candidus
1267 763 1385 798 aure,

212 820 312 861 Nec
333 820 544 861 matutina
565 820 603 860 si
624 819 729 860 mihi
747 819 888 860 fronte
911 819 1052 860 venis.
1545 817 1601 857 10

150 929 256 968 Atlas,
279 932 308 960 et
324 932 358 959 tn
370 929 468 969 possis
483 929 612 960 illudere
626 929 725 969 ipsum
741 929 902 966 Latinam,
919 928 1025 970 nequis
1038 928 1179 969 proferre
1201 929 1291 969 plura
1306 927 1340 958 in
1359 936 1441 958 meas
1455 927 1599 967 ineptias,

153 982 244 1012 quam
258 982 313 1010 ego
329 972 395 1012 ipse
408 972 545 1012 protuli.-
569 972 641 1011 quid
654 972 791 1012 proderit
815 974 923 1002 rodere
947 974 1066 1002 dentem
1078 970 1193 1003 dente?
1218 972 1305 1011 Opus
1318 974 1363 1001 est
1378 980 1483 1009 carne,
1498 971 1526 1001 si
1549 981 1601 1001 cu-

153 1015 225 1054 pias
237 1015 368 1054 eoepleri.
416 1015 466 1044 Nc
475 1014 646 1055 profundus
657 1015 786 1045 laborem
797 1025 807 1044 .·
831 1024 933 1045 evome
946 1015 1031 1045 virus
1045 1015 1079 1044 in
1093 1015 1159 1045 illos
1173 1015 1225 1053 qui
1240 1014 1299 1044 sibi
1312 1015 1453 1053 placent:
1475 1023 1529 1044 nos
1542 1014 1599 1045 sci-

152 1066 221 1088 mus
237 1058 302 1087 haec
316 1067 382 1088 esse
396 1057 484 1088 nihil.
531 1057 740 1088 Nihilominus
752 1058 807 1088 hoc
822 1067 881 1088 non
897 1060 942 1088 est
955 1057 1075 1088 omnino
1091 1057 1181 1097 nihil,
1195 1057 1224 1088 si
1239 1057 1376 1088 sincerus
1390 1056 1525 1096 auditor,
1544 1066 1599 1088 nec

157 1100 311 1131 ’arantino
319 1099 427 1138 fronte
441 1101 560 1131 accedis
571 1101 610 1131 ad
623 1110 681 1132 me.

803 1169 942 1201 NOTAE

192 1240 208 1267 l
235 1237 392 1278 Nasutus]
418 1238 516 1269 Licet
539 1237 584 1268 sis
609 1238 774 1269 maximus
789 1238 846 1269 de·
942 1241 963 1269 6
988 1239 1090 1270 Carne
1105 1249 1177 1279 opus
1197 1238 1258 1279 est]
1284 1238 1361 1269 Hoc
1388 1242 1461 1269 est:
1485 1237 1519 1269 Si
1543 1247 1600 1268 ve-

147 1287 252 1326 risor;
270 1297 370 1319 nasus
386 1289 474 1319 enim
488 1288 651 1319 irrisionis
666 1288 764 1319 sedes
779 1294 845 1319 est.
900 1288 942 1319 lis
956 1289 1094 1330 explere
1110 1289 1283 1329 invidiam,
1299 1298 1400 1328 carpe
1420 1289 1495 1320 illos
1520 1288 1601 1329 po'e-

147 1338 236 1369 Vide
250 1339 309 1370 lib.
327 1349 351 1370 1.
366 1339 466 1379 Epig.
483 1341 515 1370 4.
900 1344 966 1379 tas,
983 1340 1039 1381 qui
1056 1340 1195 1381 grandia
1209 1340 1427 1381 promittunt,
1452 1343 1488 1370 et
1504 1348 1540 1370 se
1569 1339 1601 1369 in

188 1391 209 1419 2
232 1389 342 1429 Atlas]
378 1389 446 1422 Qui
485 1393 598 1420 tamen
637 1389 758 1420 coelum
786 1389 846 1420 hu·
900 1394 1014 1421 monte
1031 1391 1199 1422 Parnasso
1216 1380 1400 1421 s‘omniasse
1411 1388 1541 1420 dicunt.

145 1439 247 1470 meris
263 1444 386 1480 gestat·
942 1444 962 1472 9
986 1443 1052 1472 Nec
1066 1440 1185 1480 tamen]
1206 1441 1283 1472 Hoc
1310 1444 1381 1471 est:
1406 1439 1537 1470 Tamen
1567 1439 1599 1469 hi

189 1492 207 1520 3
230 1489 394 1529 Latinum]
418 1489 559 1520 Minium
578 1499 723 1530 nempe3
744 1490 803 1522 lib.
818 1500 843 1522 1.
900 1501 1016 1522 versus
1033 1501 1101 1523 non
1118 1497 1196 1523 sunt
1214 1492 1312 1531 plane
1326 1489 1521 1530 abjiciendi,
1537 1489 1598 1520 sed

147 1539 246 1581 Epig.
260 1543 292 1571 5.
317 1541 326 1557 ‘
344 1540 594 1580 derisoremque
609 1540 792 1572 Latinu1n.’
899 1542 1083 1583 placebunt
1107 1542 1292 1574 lectoribus
1308 1540 1476 1580 candidis,
1495 1545 1599 1581 atque

188 1595 206 1621 5
233 1591 304 1631 Ipse
318 1601 374 1630 ego
386 1590 490 1630 quam]
513 1591 644 1622 Passim
667 1601 730 1632 pro
743 1592 845 1623 nihilo
898 1593 938 1623 iis
968 1593 1024 1634 qui
1057 1593 1154 1633 genio
1190 1593 1380 1633 indulgent.
1436 1590 1600 1622 Matutina

145 1641 318 1673 habendos
334 1650 409 1672 esse
427 1650 504 1671 suos
521 1650 636 1672 versus
660 1641 846 1673 dicitMar-
890 1642 1015 1683 fronte]
1055 1643 1131 1674 Hoc
1166 1648 1230 1682 est,
1265 1642 1357 1673 tristi
1395 1641 1595 1681 supercilio:

145 1692 247 1723 tialis.
898 1703 996 1724 mane
1021 1694 1109 1725 enim
1133 1703 1199 1725 non
1221 1693 1335 1734 pransi
1355 1691 1506 1724 homines
1519 1695 1598 1722 sunt

189 1742 275 1778 Quid
288 1740 424 1781 dentem]
440 1741 562 1772 Sensus
575 1746 647 1773 est:
668 1742 756 1775 Quid
773 1753 845 1774 car-
899 1743 1019 1775 severi.

98 1811 108 1820 ι
146 1793 198 1833 pis
211 1803 276 1835 me,
288 1794 345 1835 qui
360 1791 438 1824 laedi
456 1793 642 1834 nequeam?

676 2048 743 2078 AD
778 2048 1057 2078 LECTOREM.

149 2128 313 2169 OMN1S
335 2129 380 2169 in
399 2128 487 2168 hoc
510 2126 664 2179 gracili
685 2126 937 2168 Xeniorum
956 2128 1081 2168 turba
1101 2127 1251 2169 libello

198 2196 432 2238 Constabit
448 2196 637 2236 nummis
660 2199 851 2249 quatuor
872 2199 991 2236 emta
1012 2195 1106 2236 tibi.

143 2263 348 2315 Quatuor
368 2268 439 2304 est
459 2264 665 2305 nimium:
698 2264 861 2317 poterit
882 2267 1082 2303 constare
1104 2262 1294 2313 duobus,

195 2331 251 2373 Et
270 2333 404 2374 faciet
421 2333 589 2372 lucrum
611 2331 861 2385 bibliopola
880 2331 1109 2385 'Pryphom

183 2462 230 2493 Tu
255 2471 334 2493 emes
350 2472 466 2493 omnem
479 2462 604 2493 turbam
623 2460 786 2493 xeniorum
807 2460 840 2490 in
861 2459 918 2490 hoc
941 2459 1027 2491 tenui
1038 2460 1117 2490 libro
1139 2464 1269 2500 quatuor
1284 2461 1428 2493 nummis.
1448 2462 1589 2498 Quatuor

139 2505 271 2537 nimium
281 2508 347 2536 est.-
366 2506 485 2545 poteris
500 2514 596 2536 emere
610 2504 736 2544 duobus,
751 2507 782 2534 et
803 2502 967 2543 bibliopola
988 2503 1135 2544 Tryphon
1150 2507 1349 2545 consequetur
1365 2505 1473 2536 adhuc
1490 2516 1587 2546 φαρε-

749 2587 982 2601 θοοοοοονοοοο

183 2648 235 2679 Ad
249 2646 375 2678 eundem
390 2644 445 2676 ed.
463 2645 627 2676 Baro—7
654 2645 747 2676 Cadit
764 2654 824 2686 pro
841 2644 1002 2676 Add.Ms.
1020 2643 1155 2675 Beverl.
1178 2642 1277 2676 Quod
1294 2642 1438 2684 probare
1455 2642 1588 2674 videtur

788 2731 930 2762 NOTAE

182 2804 201 2832 4
228 2799 383 2841 Tryphon]
401 2798 448 2830 De
463 2796 610 2838 qnojam
627 2795 754 2828 (lictum
771 2795 828 2827 lib.
853 2804 905 2826 1v.
920 2794 1020 2835 Epig0
1031 2796 1083 2825 72.
