1893 3225
443 630 537 687 M.
582 628 788 685 VAL.
828 625 1323 709 MARTIALIS

163 834 1612 916 EPIGRAMMATUM

685 1065 902 1113 LIBER
950 1063 1108 1111 XIII.

407 1255 515 1297 CUI
549 1244 799 1296 XENIA*
832 1253 1119 1295 INDITUM
1151 1251 1400 1294 NOMEN.

705 1713 769 1741 AD
807 1712 1089 1742 LECTOREM.

161 1779 257 1834 NE
281 1792 381 1840 toga
401 1786 608 1840 cordyliS‚
631 1799 684 1826 ne
707 1786 884 1839 paenula
905 1786 1022 1826 desit
1043 1786 1188 1835 olivis,

217 1855 306 1896 Aut
329 1856 505 1908 inopem
527 1858 695 1895 metuat
721 1854 900 1894 sordida
922 1854 1063 1895 blatta
1085 1854 1259 1902 famem,

202 1983 233 2013 Ο
257 1984 368 2025 Musoe,
393 1985 558 2015 consumite
579 1983 721 2014 Niliacas
737 1992 870 2023 papyros
895 1992 975 2013 meas
982 1982 1139 2021 jacturas,
1160 1992 1198 2012 ne
1224 1982 1357 2022 cordyla>
1377 1983 1503 2011 careant
1530 1982 1615 2017 toga,

775 2067 947 2078 “eene“
951 2067 1007 2078 eoo

205 2131 345 2161 Lemma
367 2130 465 2162 deest
480 2121 512 2161 in
531 2130 608 2162 edd.
635 2136 720 2162 vett.
749 2136 785 2162 et
811 2132 955 2162 Farnab.
973 2141 1034 2162 nee
1062 2130 1172 2161 editor
1197 2129 1326 2170 Delph.
1349 2128 1382 2159 id
1410 2127 1625 2168 antiquitatis

161 2173 269 2212 ejusd.
288 2180 390 2214 atque
408 2174 539 2214 reliqua
563 2184 637 2205 esse
654 2174 859 2206 censuit—1
888 2175 933 2205 Et
949 2184 1010 2215 pro
1023 2185 1060 2204 mr
1076 2173 1152 2204 edd.
1170 2178 1255 2203 vett.
1279 2172 1355 2203 Pice
1379 2171 1466 2202 nulla
1493 2171 1624 2201 Thuan.

834 2273 975 2305 NOTAE

209 2349 226 2365 ἕ
253 2349 374 2389 Xeniu]
397 2349 482 2381 Quae
509 2349 557 2379 sic
587 2348 738 2388 explicat
755 2348 870 2379 Vitru-

167 2399 238 2429 vius
266 2399 325 2429 lib.
355 2407 404 2428 vi.
430 2408 506 2439 cap.
540 2401 591 2429 10.
635 2400 643 2415 ‘
663 2398 764 2438 Nam,
793 2408 870 2429 curn

165 2448 300 2479 fuerunt
337 2448 451 2479 Graeci
492 2448 724 2488 delicatiores,
761 2454 797 2480 et
827 2449 870 2480 ab

165 2498 299 2529 fortuna
326 2498 572 2538 opulentiores,
598 2498 788 2539 hospitibus
814 2500 871 2530 ad·

168 2549 380 2580 venientibus
395 2549 622 2581 exstruebant
638 2551 799 2588 triclinia,
815 2560 872 2582 cu-

169 2601 281 2631 bicula
312 2609 389 2631 cum
416 2607 520 2639 penu,
546 2600 668 2639 cellas3
692 2601 871 2643 primoque

167 2654 221 2682 die
246 2652 287 2683 ad
313 2660 443 2681 coeuam
468 2650 674 2690 invitabant,
696 2656 870 2691 postremo

166 2703 347 2734 mittebant
376 2700 500 2741 pullos,
525 2709 601 2739 ova,
624 2701 730 2740 olera,
759 2712 870 2742 poma,

168 2756 383 2794 reliquasque
411 2761 465 2781 res
488 2756 652 2791 agrestes.
698 2752 782 2784 Ideo
801 2754 872 2793 pic-

168 2813 255 2837 tores
267 2814 319 2844 ea,
337 2813 411 2844 quae
431 2803 654 2834 mittebantur
667 2803 869 2846 hospitibuS,

927 2350 1067 2390 picturis
1099 2348 1271 2379 imitantes
1302 2346 1403 2378 xenia
1438 2347 1632 2387 appellave-

927 2404 1027 2432 runt!
1070 2399 1182 2430 Xenia
1209 2398 1305 2429 dicta
1331 2401 1423 2436 sunt,
1455 2396 1543 2438 quod
1566 2397 1631 2427 τοῖς

925 2449 1030 2489 ξένοις,
1060 2449 1123 2479 hoc
1154 2452 1220 2488 est,
1246 2446 1435 2488 hospitibus
1468 2446 1629 2485 maxime,

926 2509 1057 2532 necnon
1085 2504 1121 2530 et
1145 2499 1258 2530 amicis
1274 2497 1504 2529 mitterentur.
1544 2497 1630 2528 Cum

925 2556 1040 2582 autem
1064 2558 1196 2590 pauper
1212 2553 1302 2579 esset
1330 2547 1443 2588 poeta,
1458 2547 1633 2578 xeniorum

925 2601 1000 2632 loco
1016 2599 1178 2631 mittebat
1194 2598 1354 2629 disticha.

969 2654 984 2681 l
1013 2652 1062 2681 Ne
1078 2653 1151 2689 toga
1167 2649 1314 2689 cordylis]
1336 2647 1444 2678 Deest
1461 2646 1585 2676 lemma
1596 2644 1631 2675 in

926 2701 1075 2733 editione
1088 2700 1196 2732 Junii.
1231 2698 1318 2728 Vide
1335 2697 1392 2728 lib.
1408 2705 1465 2727 111.
1483 2696 1582 2736 Epig.
1599 2698 1632 2727 2.

926 2753 1003 2783 huic
1020 2751 1141 2782 simile.
1186 2750 1316 2786 Biana,
1333 2757 1408 2789 quae
1427 2746 1517 2778 rodit
1534 2747 1631 2778 char-

929 2809 993 2843 tas,
1008 2811 1112 2843 genus
1131 2806 1185 2832 est
1198 2800 1331 2830 vermis.
