1893 3225
595 237 771 266 EPlGRA
784 236 954 264 MMA‘rt,
970 236 1000 263 M
1045 234 1134 264 mu.
1172 234 1220 263 X.

1530 223 1615 263 749

157 328 230 370 An
252 330 519 373 Laurentino
543 337 695 384 turpes
718 331 762 371 in
783 331 931 371 littore
958 343 1102 378 ranas,
1587 331 1613 368 5

218 397 275 439 Et
295 400 432 440 satius
453 403 606 439 tenues
629 399 785 439 ducere
808 398 952 439 credis
975 399 1111 439 aeos?

160 464 233 506 Ad
258 479 338 507 sua
361 468 588 520 captivum
611 479 742 519 quam
764 479 879 506 saxa
896 467 1113 506 remittere
1135 465 1332 514 mullum,

219 532 359 573 Visus
377 535 455 575 erit
474 534 599 575 libris
623 533 698 587 qui
718 533 860 575 minor
879 546 976 573 esse
1000 534 1170 574 tribus?

164 600 222 641 Et
242 600 406 641 fatuam
429 615 599 642 summa
621 615 798 643 coenare
818 601 1016 655 pelorida
1038 614 1205 650 mensa,

220 666 439 722 Quosque
461 670 573 722 tegit
592 670 680 711 levi
702 671 867 711 cortice
890 670 1059 710 concha
1080 670 1262 710 brevis?

1565 669 1618 709 10

164 734 326 776 Ostrea
347 736 529 778 Baianis
550 751 684 792 quam
705 752 788 779 non
808 739 993 780 liventia
1014 737 1152 788 testis,

221 802 337 853 Quae
358 806 481 857 pueri
501 805 679 847 domino
701 819 786 846 non
806 806 1062 859 prohibente
1086 805 1265 846 vorent?

164 872 255 912 Hic
275 871 435 912 olidam
459 872 687 914 clamosus
709 887 814 926 ages
836 874 882 913 in
899 873 1006 914 retia
1028 873 1221 927 vulpem,

225 938 540 993 Mordebitque
562 943 663 981 tuos
687 940 869 981 sordida
890 940 1043 994 praeda
1064 954 1212 981 canes,

163 1006 264 1048 Illic
280 1008 465 1060 piscoso
488 1009 621 1050 modo
642 1010 721 1050 vix
744 1009 907 1050 educta
930 1008 1148 1062 profundo

223 1074 476 1128 Impedient
495 1076 673 1130 lepores
692 1077 874 1118 humida
894 1078 983 1118 lina
1000 1091 1139 1117 meos.

165 1142 284 1183 Dum
305 1143 480 1198 loquor,
500 1157 607 1185 ecce
628 1145 743 1186 redit
765 1150 921 1198 sporta
943 1145 1151 1198 piscator
1172 1146 1314 1186 inani:

222 1209 422 1252 Venator
442 1216 577 1265 capta
596 1212 706 1252 mele
728 1213 946 1266 superbus
974 1212 1111 1253 adest.

168 1319 280 1350 laicum
293 1330 304 1356 ;
329 1330 369 1351 an
382 1324 477 1360 putas
496 1325 650 1361 proestare
662 1322 780 1362 piscari
800 1331 896 1352 ranas
926 1325 1030 1361 turpes
1051 1323 1084 1353 in
1108 1323 1217 1353 littore
1244 1322 1450 1361 Laurentino,
1473 1327 1503 1353 et
1525 1326 1630 1353 lennes

165 1365 254 1392 aeos?
274 1373 365 1403 quam
385 1364 545 1395 remittere
561 1366 601 1395 ud
625 1375 680 1395 sua
706 1374 785 1395 sama
805 1365 932 1395 mullum
958 1370 1094 1405 captum,
1116 1366 1169 1406 qni
1194 1366 1277 1395 visus
1291 1364 1396 1403 fuerit
1416 1366 1516 1396 minor
1530 1366 1629 1396 tribus

165 1404 282 1436 libris?
304 1409 335 1436 et
349 1416 467 1437 summa
492 1417 596 1437 mensa
611 1408 766 1438 comedere
787 1408 935 1437 insulsam
961 1408 1119 1447 Pelorida,
1142 1413 1173 1439 et
1198 1418 1272 1448 quos
1286 1408 1367 1446 tegit
1390 1409 1503 1439 concha
1528 1409 1628 1438 brevis

165 1448 227 1478 levi
242 1447 379 1480 cortice?
402 1460 492 1490 quam
508 1453 608 1480 ostrea
630 1460 689 1480 non
706 1450 879 1480 invidentia
895 1451 1034 1481 Baianis
1050 1452 1150 1489 testis,
1173 1462 1241 1491 quse
1256 1451 1439 1482 exsorbeanc
1458 1451 1539 1482 servi
1555 1452 1628 1481 hero

167 1501 228 1521 non
243 1490 393 1522 vetante?
428 1493 493 1523 Hic
515 1494 664 1523 clamosus
688 1503 761 1532 ages
785 1493 818 1523 z'n
833 1493 915 1523 retia
939 1493 1058 1532 vulpem
1079 1495 1158 1524 male
1183 1497 1325 1530 olentem,
1349 1494 1508 1532 etfoelidu
1522 1496 1630 1534 proeda

169 1534 319 1564 mordebit
335 1538 404 1564 tuos
418 1545 518 1566 canes.
563 1536 634 1566 Illic
646 1537 774 1566 humida
789 1536 853 1566 lina
866 1537 954 1566 modo
969 1537 1026 1566 vix
1041 1540 1184 1567 extracta
1198 1546 1238 1567 ex
1252 1536 1405 1577 profundo
1419 1537 1536 1577 piscoso
1551 1538 1630 1567 irre-

169 1577 250 1607 tiant
266 1578 381 1617 lepores
394 1587 484 1609 meos.
529 1578 615 1609 Dum
628 1579 745 1619 loquor,
760 1588 796 1609 en
808 1579 946 1618 piscator
961 1580 1129 1610 revertitur
1144 1590 1243 1610 vacua
1254 1584 1360 1620 sporta
1373 1591 1382 1610 .·
1404 1584 1534 1611 venator
1548 1590 1634 1610 acce-

785 1657 962 1668 ΝΝΝΝΝΝ
965 1658 1025 1668 Μ

214 1702 233 1730 4
260 1700 381 1740 Ecquid
394 1701 602 1732 Ms.Beverl.
621 1706 706 1732 utet
722 1701 756 1732 iu
776 1711 824 1733 VS.
841 1705 960 1733 20.-6
975 1705 1059 1732 Acus
1076 1702 1140 1733 Ms.
1154 1702 1399 1734 Pulmann.—9
1418 1703 1552 1734 Faenum
1567 1703 1632 1732 ΜΒ.

171 1742 285 1774 Palat.
311 1748 347 1773 et
374 1744 428 1774 ed.
446 1745 708 1776 Barbouii.-—-l3
737 1745 945 1775 Colclu'dicam
961 1745 1028 1776 Ms.
1045 1746 1269 1776 sseve1·1.—-18
1295 1747 1334 1778 C.
1357 1749 1456 1776 matre
1481 1744 1534 1776 ed.
1557 1746 1632 1776 Par,

174 1788 267 1816 1617.
290 1791 325 1816 et
344 1786 419 1817 cod.
438 1787 574 1818 Beverl.
622 1787 659 1818 C.
675 1787 784 1818 Marte
807 1788 887 1819 Ald.
903 1787 1003 1819 Juut.
1019 1787 1129 1820 Coun.
1176 1790 1213 1821 C.
1227 1793 1327 1820 marte
1341 1788 1396 1820 ed.
1415 1789 1531 1820 Mam.
1549 1789 1634 1819 Vide

830 1864 969 1896 NOTAE

173 1927 303 1967 deficit,
327 1937 390 1959 nec
417 1929 513 1960 addit
537 1929 646 1960 Poeta
675 1928 764 1968 quod
793 1929 878 1960 redi-

175 1985 270 2010 turus
287 1984 377 2010 esset
403 1979 435 2009 in
464 1989 556 2010 suam
586 1985 623 2010 et
652 1978 801 2010 Materni
824 1989 880 2020 pa-

175 2029 288 2060 triam.

219 2084 237 2110 5
262 2081 314 2110 An
333 2079 540 2121 Laurentino]
573 2081 672 2113 Quod
703 2080 807 2111 distat
838 2080 880 2111 ab

935 1931 1039 1970 tulus,
1056 1935 1092 1962 et
1109 1932 1194 1962 viles
1220 1932 1354 1972 pellent
1370 1930 1542 1962 obstantia
1559 1940 1636 1961 con-

932 1981 1031 2013 chae.'

980 2034 1017 2062 11
1047 2032 1160 2063 Ostrea
1188 2031 1337 2072 Baianis]
1370 2032 1449 2063 Hoc
1476 2035 1541 2070 est,
1560 2042 1636 2073 quae

934 2092 999 2113 non
1017 2082 1147 2113 cedunt
1173 2083 1294 2113 ostreis
1311 2083 1399 2113 natis
1419 2083 1449 2112 in
1477 2083 1552 2113 lacn
1574 2084 1636 2113 Lu-

176 2130 259 2160 urbe
276 2130 385 2160 Roma
400 2130 517 2161 decem
531 2136 565 2162 et
582 2136 714 2171 septem
731 2131 880 2162 millibus

177 2190 349 2220 passuum.
364 2180 496 2212 Plinius
509 2182 634 2214 ,Iunior
646 2181 703 2212 lib.
719 2191 756 2212 11.
770 2182 880 2223 Epist.

180 2234 232 2261 17.

220 2283 241 2311 6
263 2281 359 2322 Aoos]
384 2281 573 2313 vilissimos
587 2283 697 2323 pisces
712 2283 882 2323 intellige.

221 2335 242 2362 9
265 2332 395 2363 Summa
411 2333 531 2374 mensa]
558 2333 634 2364 Hoc
655 2339 720 2373 est,
736 2334 881 2365 lautissi-

180 2392 248 2421 ma,
260 2382 369 2424 inquit
382 2385 566 2425 Domitius,
578 2385 631 2416 rui
649 2385 789 2417 assentit
801 2386 882 2416 Far·

181 2430 313 2463 nabius.
337 2432 390 2464 An
410 2434 560 2465 ultimam
578 2435 742 2475 iutelligit
757 2434 882 2475 Poeta,

183 2492 224 2512 an
242 2483 353 2515 locum
377 2483 467 2515 forte
493 2487 667 2517 excelsum
695 2487 728 2517 in
754 2495 884 2525 mensa,

184 2532 238 2562 ubi
259 2539 469 2573 ponerentur
483 2536 616 2575 pisces?

227 2583 392 2625 Pelorida]
426 2585 632 2617 vilissimum
657 2597 791 2628 quoque
822 2586 887 2628 pis-

186 2643 281 2665 cem:
308 2634 365 2666 lib.
381 2643 433 2666 v1.
451 2636 550 2675 Epig.
568 2639 618 2668 ll.

232 2688 270 2714 10
296 2685 436 2726 Quosque
451 2686 547 2726 tegit]
572 2687 726 2718 Inclusos
749 2690 885 2721 conchis

186 2736 322 2766 mitulos
353 2737 536 2776 pisciculos
561 2738 756 2779 intelligunt
787 2741 892 2771 inter-

188 2792 316 2827 pretes.
348 2786 512 2818 Horatius
534 2788 589 2818 lib.
609 2797 647 2819 11.
664 2790 733 2819 Sat.
750 2792 781 2819 4.
804 2792 812 2804 ⁴
826 2790 890 2820 Mi-

935 2133 1031 2164 crino
1049 2142 1156 2173 prope
1184 2133 1298 2174 Baias,
1317 2143 1391 2175 quae
1416 2138 1494 2164 sunt
1517 2134 1637 2174 optimi

936 2184 1078 2225 saporis.

981 2238 1022 2266 12
1049 2236 1126 2270 Qum
1142 2235 1278 2276 domino]
1300 2236 1339 2267 In
1359 2235 1534 2276 Hispaniae
1551 2236 1642 2266 litto-

938 2286 1030 2317 ribus
1061 2291 1248 2317 ostreorum
1279 2287 1483 2328 optimorum
1517 2296 1641 2327 magna

936 2342 988 2368 est
1004 2338 1116 2377 copia.

981 2390 1021 2419 13
1038 2387 1105 2419 Hic
1118 2388 1247 2429 olidam]
1264 2388 1354 2420 Dum
1369 2389 1456 2419 enirn
1470 2399 1489 2420 a
1501 2389 1641 2420 canibus

938 2444 1080 2477 urgetur
1116 2439 1247 2479 vulpes,
1269 2439 1389 2470 lotium
1416 2439 1546 2470 emittit
1568 2448 1642 2479 pes-

941 2488 1025 2518 sime
1050 2488 1156 2527 olens,
1184 2488 1244 2520 lib.
1267 2498 1316 2521 iv.
1345 2489 1445 2530 Epig.
1462 2492 1494 2521 4.
1514 2490 1524 2506 ‘
1540 2489 1640 2522 Quod

942 2539 1051 2578 vulpis
1069 2537 1170 2580 fuga,'
1184 2543 1249 2571 διο.

985 2592 1025 2620 16
1048 2589 1183 2628 Lepores
1198 2589 1293 2630 meos]
1316 2590 1405 2623 Quia
1416 2595 1496 2621 sunt
1511 2590 1545 2620 in
1561 2591 1644 2621 meis

941 2649 1041 2678 agris.

983 2695 1022 2722 17
1047 2692 1179 2732 Sporta]
1204 2693 1264 2724 Est
1292 2693 1479 2724 canistrum
1508 2693 1645 2722 vimina-

949 2752 1014 2772 um.

977 2795 1014 2823 18
1029 2794 1129 2832 captu
1143 2795 1217 2824 mele
1228 2794 1359 2834 [tnui-te]
1372 2794 1518 2830 Gallice,
1530 2796 1644 2831 marte,
