1893 3225
229 216 313 259 728
702 229 746 257 M.
787 229 897 258 va.
936 229 1213 258 murrinis·

233 325 269 373 1,
290 337 457 378 precor,
481 327 524 363 et
544 328 660 364 totos
682 323 813 363 avida
835 328 935 364 cute
956 324 1157 363 combibe
1180 323 1313 363 soles.

290 391 435 442 Quam
458 390 676 431 formosus
699 392 797 440 eris,
818 391 916 431 dum
940 391 1194 443 peregrinus
1217 392 1303 431 eris
1323 391 1331 430 ἒ

233 458 291 499 Et
309 460 457 500 venies
479 457 593 499 albis
614 472 700 499 non
722 457 1057 512 cognoscendus
1081 457 1256 507 amicis,

291 526 565 580 Livebitque
585 527 669 567 tuis
691 526 859 579 pallida
877 525 1000 565 turba
1022 525 1165 576 genis!
1634 527 1690 567 10

234 595 336 643 Sed,
360 595 433 635 via
455 607 583 648 quem
604 594 787 643 dederit,
810 593 953 646 rapiet
975 592 1066 633 cito
1090 592 1233 633 Roma
1255 592 1467 643 colorem,

293 662 478 704 Niliaco
501 663 652 704 redeas
673 668 719 704 tu
739 664 841 703 licet
861 675 933 702 ore
948 661 1080 713 niger.

233 784 310 814 colla
323 788 449 824 perusta
475 787 622 817 servitute
646 785 774 816 urbana.
820 784 1033 826 Prqticiscerffl
1052 795 1170 825 precor,
1193 788 1221 815 et
1245 783 1378 815 combibe
1403 789 1482 816 totos
1504 786 1581 816 soles
1603 787 1693 816 avida

234 830 312 858 cute.
360 827 459 862 Quam
482 829 609 868 pulcher
638 830 712 866 eris,
735 830 807 858 dum
822 828 1081 868 peregrinztberis,
1105 832 1135 858 et
1150 827 1266 858 redibis
1293 837 1352 858 non
1379 830 1591 867 agnoscendus
1616 830 1694 859 albis

234 870 353 909 amicis,
368 874 399 901 et
412 872 527 911 pallida
543 872 633 902 turba
649 872 836 902 osculabitur
852 875 920 901 tuas
933 881 1040 909 genas.
1084 872 1129 902 At
1147 871 1247 901 Roma
1261 871 1401 901 celeriter
1421 871 1538 909 auser-et
1555 873 1696 911 colorem,

235 922 323 951 quem
338 914 457 945 dederit
476 915 548 954 iter,
563 915 684 946 etiamsi
700 914 868 945 rerertaris
883 915 973 953 niger
990 924 1041 944 ore
1059 915 1221 955 AEgyptio.

843 988 1080 1000 eeeeeeeeeee

235 1031 320 1063 Tac.
339 1032 381 1064 A.
400 1042 453 1064 xr.
486 1031 547 1064 10.’
574 1032 627 1063 De
648 1033 814 1073 Rooy.—8
842 1035 920 1064 Cum
943 1043 1005 1074 pro
1034 1035 1107 1064 dum
1135 1032 1212 1063 cod.
1236 1032 1417 1063 Pnlmann.
1435 1034 1470 1062 et
1496 1031 1529 1062 id
1557 1031 1696 1062 videtur

234 1075 359 1115 legisse
397 1074 679 1106 Calderinus.-9
704 1078 840 1114 Agnosc.
868 1077 913 1106 id.
944 1076 1019 1108 cod.
1046 1083 1079 1107 et
1111 1076 1188 1107 Ald.
1218 1076 1316 1108 Junt.
1344 1076 1543 1106 Colin.-—10
1566 1075 1622 1105 Sic
1650 1075 1696 1104 id.

235 1119 312 1149 cod.
341 1118 526 1158 Libabitque
543 1122 613 1149 tuus
629 1138 637 1147 .
656 1140 664 1148 .
681 1141 688 1148 .
703 1128 799 1156 genas
825 1119 903 1150 edd.
921 1124 1004 1150 vett.
1024 1124 1059 1150 et
1083 1119 1210 1158 Delpb.
1230 1125 1263 1150 et
1283 1118 1431 1150 Farnab.
1449 1118 1535 1159 quod
1554 1118 1698 1157 exponit

236 1161 423 1192 Heraidns.
448 1164 456 1178 ‘
477 1162 645 1191 Gruterus
677 1171 719 1192 ex
745 1162 812 1193 Ms.
841 1162 978 1200 Anglic.
1006 1163 1089 1202 legit
1119 1162 1303 1202 Livebitque
1329 1161 1391 1191 tuis
1409 1185 1416 1192 .
1436 1161 1569 1200 .genz's.·
1607 1161 1638 1191 h.
1666 1171 1696 1190 e.

235 1203 415 1235 invidebit.
440 1203 576 1234 Recte!
609 1204 849 1235 SchreveL—-ll
879 1206 919 1236 'I'e
944 1206 1018 1236 duce
1043 1217 1072 1245 q.
1100 1205 1222 1236 dederis
1245 1205 1320 1235 cod.
1352 1205 1533 1235 Pnlmanu.
1557 1204 1699 1234 Dederet

236 1246 314 1277 edd.
329 1247 503 1278 Schrevel.
520 1247 635 1279 Maitt.
660 1247 807 1278 Farnab.

898 1311 1036 1343 NOTAE

237 1376 353 1415 eundi,
371 1382 408 1407 nt
433 1376 580 1407 libenter
595 1377 699 1407 sinam
725 1381 757 1407 te
774 1376 880 1416 abire,
900 1381 938 1408 nt
993 1377 1082 1408 vide
1099 1377 1157 1407 lib.
1180 1386 1204 1408 1.
1227 1377 1327 1417 Epig.
1344 1380 1397 1407 56.
1437 1376 1501 1406 vel
1519 1376 1643 1416 potius,
1661 1378 1701 1406 nt

237 1437 361 1468 nempe
379 1428 524 1468 negotiis
542 1433 644 1468 atque
662 1426 780 1458 officiis
803 1427 938 1457 urbanis
996 1427 1103 1458 refert
1119 1427 1302 1466 Heraidns,
1331 1428 1378 1458 διὰ
1407 1427 1619 1467 σκιατροφίαν,
1634 1428 1698 1458 hoc

238 1478 464 1518 defatigatum
483 1485 515 1508 te
534 1487 677 1509 recrees.
723 1480 732 1494 ‘
751 1479 847 1509 Colla
864 1487 939 1517 per-
995 1484 1060 1518 est,
1075 1483 1217 1518 propter
1230 1479 1334 1509 vitam
1349 1487 1445 1519 quam
1458 1477 1491 1508 in
1508 1477 1627 1508 umbra
1640 1477 1700 1507 dn-

236 1529 335 1568 usta,’
361 1529 394 1559 id
412 1534 476 1566 est,
494 1530 614 1559 attrita
642 1529 778 1560 urbanis
796 1528 925 1560 officiis.
995 1529 1121 1559 cebant
1136 1529 1293 1560 Veteres.

279 1584 297 1611 7
326 1580 469 1610 Covrzbibe
484 1579 573 1620 soles]
610 1580 686 1610 Hoc
702 1585 772 1611 est:
798 1580 940 1620 Aprica·
1039 1583 1078 1611 10
1102 1580 1228 1610 Pallida
1256 1579 1362 1619 turba]
1407 1579 1463 1610 Ob
1493 1578 1638 1619 vigilias,
1664 1584 1699 1609 et

237 1631 321 1663 tioni
349 1641 443 1670 vaca,
464 1641 563 1671 quam
587 1632 656 1661 cuti
674 1631 865 1662 colorandae
883 1641 937 1672 op·
995 1628 1106 1660 officia
1131 1630 1271 1670 urbana,
1293 1635 1395 1671 atque
1423 1629 1525 1659 vitan]
1543 1629 1702 1660 umbrati·

238 1684 353 1714 tiniam
371 1692 447 1713 esse
461 1682 648 1713 credebant
663 1682 822 1713 Veteres.
995 1681 1072 1712 lem.

280 1738 301 1765 9
326 1733 416 1764 Albis
443 1732 563 1772 amicis]
600 1732 676 1763 Hoc
695 1737 759 1771 est,
786 1732 856 1763 sole
874 1743 939 1763 non
1040 1735 1078 1762 12
1104 1731 1228 1762 Niliaco
1253 1731 1375 1771 redeas]
1429 1731 1580 1773 AEgyptii
1608 1731 1699 1762 enirn

237 1786 407 1824 coloratis,
424 1790 544 1825 utpote
561 1784 616 1825 qni
646 1784 678 1814 in
707 1784 789 1814 urbe
815 1793 944 1814 manse·
994 1787 1073 1813 sunt
1090 1781 1188 1814 fusci.

239 1837 328 1874 ι·ἰι]ῐ;
365 1836 418 1866 vel
451 1835 542 1867 refer
571 1835 613 1866 ad
642 1840 738 1875 togas
767 1834 941 1866 candidas.

898 1995 1040 2036 XIII.

812 2088 877 2116 AD
911 2087 1069 2116 TUCGA
1080 2087 1126 2115 M.

245 2155 314 2196 GU
325 2166 357 2195 M
382 2154 719 2195 cathedralicios
741 2160 882 2208 portet
904 2156 986 2196 tibi
1007 2156 1142 2196 rheda
1163 2156 1403 2204 ministros,

303 2222 360 2263 Et
382 2223 522 2276 Libys
546 2224 591 2264 in
610 2224 740 2277 longo
764 2224 945 2277 pulvere
969 2224 1100 2264 sudet
1121 2236 1282 2275 eques;

289 2334 367 2362 Cum
385 2333 478 2363 rheda
492 2333 581 2369 ferat
598 2333 654 2363 tibi
670 2334 773 2364 molles
785 2343 909 2373 putum,
932 2337 962 2363 et
991 2332 1066 2370 Afri
1088 2333 1205 2371 equites
1231 2332 1339 2362 sudent
1365 2332 1397 2360 iu
1415 2330 1503 2368 longo
1516 2329 1651 2370 pulvere,
1675 2332 1703 2357 et

852 2408 929 2418 owe-e
934 2407 1085 2418 0000000

286 2459 337 2489 Aa
355 2459 480 2488 Cottam
495 2457 630 2489 Tbuan.
658 2462 692 2489 et
712 2460 806 2489 Cotta
835 2469 883 2489 vs.
903 2461 1016 2489 ltu—1
1045 2456 1303 2488 Cotatlzredratos
1326 2454 1401 2485 cod.
1426 2454 1562 2485 Beverl.
1590 2453 1705 2484 Cathe-

902 2539 1041 2571 NOTAE

285 2608 302 2636 1
329 2604 588 2645 Cathedralicios]
627 2605 702 2637 Hoc
725 2609 791 2643 est,
818 2614 942 2645 pueros
998 2608 1225 2636 contemserat
1241 2602 1333 2637 olim,
1350 2601 1452 2641 Cujus
1479 2599 1568 2639 apud
1583 2599 1705 2630 molles

239 2656 358 2687 molles
375 2661 478 2697 atque
495 2654 742 2694 effoeminatos;
774 2656 865 2697 quasi
885 2654 942 2685 foe-
998 2656 1134 2686 minima
1151 2660 1203 2683 est
1215 2653 1353 2693 jar-tura
1370 2650 1573 2682 cathedras:

241 2706 360 2745 minas,
380 2716 445 2737 non
462 2706 571 2744 vi=·0s;
596 2706 760 2737 cathedra
780 2706 867 2736 enim
885 2704 943 2736 foe-
1039 2710 1058 2737 ⁶2
1088 2707 1126 2736 Et
1144 2705 1240 2745 Libys
1256 2704 1288 2734 in
1305 2702 1408 2742 longo]
1425 2702 1522 2742 Epig.
1542 2704 1573 2732 6.
1587 2709 1704 2741 supra.

240 2758 403 2789 minarum
421 2764 496 2790 erat
521 2760 673 2800 propria,
688 2759 746 2789 lib.
762 2768 811 2789 iv.
841 2758 940 2798 Epig.
996 2757 1173 2789 'I'urnebns
1188 2755 1245 2786 lib.
1265 2763 1321 2785 111.
1337 2763 1413 2794 cap.
1432 2754 1461 2783 3.

241 2810 293 2840 79.
319 2809 493 2841 Juvenalis
517 2810 590 2841 Sat.
615 2813 734 2841 v1.92.
778 2811 786 2825 ‘
803 2810 940 2840 Famam
