1893 3225
571 229 974 260 EPIGRAMMATUM
1012 229 1103 260 [AB.
1138 229 1244 259 xlv.

1535 220 1644 260 1055!

691 509 835 538 CAle
867 507 1147 538 VERTAGUS.

185 578 294 619 Nos-
319 579 418 628 sibi,
441 578 519 620 sed
542 578 719 620 domino
741 583 924 618 venatur
943 579 1148 629 vertagus
1178 587 1291 624 acer,

240 648 435 688 Illaesum
455 647 649 702 leporem
665 646 742 700 qui
765 646 845 686 tibi
860 645 989 686 dente
1010 643 1131 686 feret.

230 748 384 787 Vereagus
399 758 469 779 acer
485 758 544 778 non
559 751 688 779 venatur
703 747 764 778 sibi
782 747 836 778 sed
861 748 945 786 hero,
967 746 1021 786 qui
1042 745 1133 777 dente
1159 743 1297 785 portabit
1321 744 1360 774 ad
1386 746 1417 774 te
1439 743 1569 783 leporem
1593 744 1643 772 in·

184 794 313 822 sactum.

790 841 905 853 eeeeee

224 888 260 916 C.
279 887 464 918 Ver-taracus
478 886 553 918 cod.
571 887 709 917 Beverl.

907 841 1025 852 maeoe·

836 925 983 958 NOTAE

222 998 237 1025 l
268 995 438 1035 Vertagus]
475 994 550 1025 Vox
572 993 755 1034 peregrina
784 991 877 1022 vide-

176 1051 244 1083 tur,
258 1045 300 1076 de
323 1055 388 1086 qua
402 1044 581 1076 Turnebus
598 1043 655 1074 lib.
674 1052 784 1074 xvui.
800 1051 876 1082 cap.

933 991 1083 1022 trahens.
1107 990 1325 1021 Passeratius
1337 989 1379 1021 de
1392 989 1512 1020 literis.
1538 990 1642 1019 ‘Ver-

933 1040 1048 1081 tagus’
1075 1050 1135 1081 pro
1158 1040 1167 1056 ‘
1184 1040 1401 1078 Vertrahus,'
1430 1050 1449 1070 a
1477 1040 1551 1071 fera
1574 1045 1642 1070 tra-

178 1100 205 1127 1.
228 1096 323 1137 quasi
353 1096 549 1135 Fertrahus,
578 1096 641 1126 hoc
674 1100 739 1134 est,
769 1092 876 1124 feram
933 1091 1057 1122 henda.

843 1228 959 1270 CCI.

746 1319 1086 1350 PALAESTRITA.

176 1385 287 1426 Nox
311 1399 425 1436 amo,
447 1388 523 1441 qui
545 1388 697 1437 vincit,
720 1387 799 1428 sed
818 1388 894 1440 qui
915 1387 1207 1429 succumbere
1229 1387 1366 1434 novit,

232 1453 289 1494 Et
310 1454 417 1496 dicit
437 1456 595 1496 melius
617 1458 680 1505 τὴν
701 1454 1016 1503 ἀνακλινοπάλην.

217 1564 285 1593 Non
304 1564 381 1594 mihi
400 1565 513 1603 placet,
533 1565 586 1603 qui
601 1569 737 1604 superat,
761 1566 813 1595 sed
831 1566 880 1605 qni
896 1566 954 1595 scit
967 1564 1171 1603 succumbere,
1185 1567 1215 1594 et
1238 1563 1467 1595 convenientius
1487 1563 1564 1594 dicit
1583 1574 1628 1593 νι-

162 1606 334 1645 flexionem
347 1606 516 1646 paloestrae.

781 1661 797 1671 e
802 1660 1021 1671 ‘Neaetaeam

215 1715 229 1742 l
254 1712 262 1727 ‘
274 1712 437 1743 Arntzen.
452 1713 494 1743 ad
511 1713 605 1744 vict.
623 1714 710 1744 Caes.
725 1723 775 1745 xl.
791 1725 834 1745 ex
849 1715 988 1755 seriptis
1012 1723 1180 1755 reponere
1199 1714 1357 1745 tentabat
1372 1713 1449 1753 quod
1464 1713 1569 1743 vincat
1581 1713 1633 1742 sed

168 1756 259 1794 quod.
288 1756 432 1787 Salmas.
459 1757 600 1797 legebat
625 1757 718 1787 Hunc
733 1758 826 1788 arno!
855 1758 911 1788 De
931 1758 1037 1797 Rooy,
1064 1757 1119 1796 qui
1144 1756 1282 1787 dubitat
1309 1767 1349 1787 an
1377 1757 1467 1795 vulg.
1493 1754 1632 1786 defendi

168 1804 330 1838 nequeat,
356 1804 393 1829 et
421 1808 495 1829 eam
525 1800 638 1830 multis
666 1805 791 1831 tuetur.
829 1800 883 1831 Ad
910 1810 986 1831 eum
1013 1800 1142 1840 scripta
1167 1799 1324 1839 Epistola
1346 1799 1408 1829 Vir
1435 1798 1555 1829 doctus
1581 1799 1630 1828 ita

169 1847 283 1871 notat:
318 1844 327 1858 ⁴
341 1842 409 1872 Ms.
425 1843 503 1882 qnod
528 1843 645 1881 vincat,
660 1844 712 1873 sed
728 1844 817 1882 quod.
862 1843 930 1874 Sed
949 1842 1049 1874 video
1066 1843 1175 1882 ipsum
1196 1842 1266 1882 jam
1286 1841 1518 1880 Amtzenium,
1545 1841 1630 1880 pris-

167 1884 273 1914 tinum
301 1884 521 1915 collationum
550 1895 788 1924 possessorem,
818 1885 881 1917 hoc
913 1885 1095 1917 discrimen
1128 1890 1311 1916 annotasse
1343 1884 1385 1914 ad
1417 1884 1502 1914 Aur.
1532 1884 1626 1913 Vict.

169 1929 287 1962 p.341.
316 1927 358 1957 A.
388 1928 476 1967 quod
503 1928 583 1958 mihi
608 1934 720 1958 tamen
753 1938 822 1968 prre
853 1930 990 1968 vulgata
1020 1937 1085 1958 non
1113 1928 1251 1968 placet.’
1303 1927 1393 1962 Quoa·
1417 1927 1520 1957 vincat
1548 1927 1625 1956 cod.

166 1969 304 2001 Beverl.
331 1971 421 2005 Quod
434 1980 495 2001 suc.
506 1971 605 2001 idem.
632 1972 703 2001 Nun
720 1973 785 2002 vult
801 1971 934 2002 alii.—2
959 1971 1106 2011 Conjicit
1122 1970 1266 2001 Farnab.
1282 1971 1403 2001 didicit.
1430 1970 1626 2009 Legendum

168 2017 266 2051 putat
284 2013 419 2044 Beverl.
444 2013 690 2048 ἐπιστιβόπαλιν.
726 2014 812 2044 Vide
829 2013 926 2045 infra.

823 2100 853 2130 N
860 2099 963 2131 OTAE

210 2166 223 2193 l
251 2164 326 2194 Non
341 2164 424 2204 amo]
450 2165 527 2196 Non
545 2165 866 2205 proboluctatorem
923 2164 1016 2194 novit
1032 2163 1271 2194 succumbere:
1308 2162 1370 2191 hoc
1397 2166 1462 2199 est,
1478 2162 1534 2201 qui
1552 2171 1625 2192 suc-

164 2214 222 2254 qui
237 2214 362 2245 viribus
390 2216 511 2254 vincit,
533 2217 592 2247 sed
620 2217 676 2258 qui
703 2226 739 2248 se
765 2217 864 2247 recli-

164 2270 235 2303 nat,
251 2272 352 2306 atque
367 2277 408 2297 ex
422 2266 608 2298 reflexione
624 2268 794 2308 palaestrae
807 2268 863 2298 ad-

164 2318 352 2347 versarium
376 2318 503 2358 dejicit.
551 2317 738 2349 Furnabius.
763 2318 864 2358 Legit

166 2374 244 2396 vero
265 2372 302 2397 et
328 2367 509 2409 distinguit
524 2369 735 2400 Salmasius:
771 2367 864 2399 Hunc

164 2426 232 2446 amo
248 2417 299 2455 qui
323 2417 432 2456 vincit,
453 2420 505 2449 sed
530 2420 582 2458 qui
605 2418 796 2449 succumbere
809 2428 862 2449 no-

163 2467 220 2505 cit,
234 2466 277 2497 Et
294 2468 400 2498 melius
408 2468 518 2499 didicit
534 2468 590 2506 τὴν
601 2467 861 2506 ἄνακλινοποίλην.

165 2518 604 2558 Contrari0,inquit‚sensu,
613 2525 647 2550 et
660 2530 761 2560 quem
773 2519 861 2550 Poe-

165 2573 209 2598 1ae
230 2577 322 2598 mens
347 2577 415 2598 non
439 2569 576 2608 recipit,
598 2570 697 2600 hodie
713 2570 836 2610 legitur
854 2583 860 2600 :

166 2618 237 2647 Non
253 2628 321 2648 amo
336 2619 389 2658 qui
406 2618 510 2649 vincit.
556 2620 625 2650 Cur
641 2621 731 2651 enim
743 2621 861 2660 palaes-

165 2668 279 2698 tritam
305 2678 416 2699 amare
439 2679 475 2699 se
497 2668 629 2700 diceret
645 2680 711 2701 non
728 2672 863 2702 vincen-

165 2720 252 2749 tem?
290 2719 384 2750 Dicit
409 2729 521 2750 amare
552 2730 588 2751 se
612 2721 748 2761 quidem
775 2721 863 2754 hunc

163 2770 388 2810 palaestritam
406 2770 464 2812 qui
477 2771 595 2811 vincit,
612 2771 670 2803 sed
689 2773 745 2813 qui
761 2773 863 2804 etiam

922 2213 1112 2245 cumbendo
1132 2213 1248 2250 vincit,
1277 2212 1334 2252 qui
1360 2211 1542 2251 περιγίνεται
1557 2213 1627 2243 ἀνα-

919 2263 1111 2303 πιτνάμενος,
1127 2269 1165 2294 ut
1181 2262 1293 2303 inquit
1305 2262 1489 2300 Pindarus,
1500 2263 1550 2292 καὶ
1562 2262 1625 2293 οἷον

919 2315 1048 2345 πίπτων.
1106 2314 1218 2354 Magis
1258 2314 1485 2344 commendari
1513 2313 1622 2342 innuit

919 2365 1141 2406 palaestritam
1169 2364 1226 2405 qui
1259 2369 1333 2394 arte
1375 2364 1491 2401 vincit,
1521 2373 1621 2403 quam

917 2416 974 2458 qui
986 2415 1113 2446 viribus
1128 2428 1135 2445 ;
1160 2414 1216 2456 qui
1229 2413 1300 2445 τοὺς
1314 2414 1499 2451 ὑπτιασμοὺς
1516 2413 1623 2452 novit,

915 2466 967 2497 καὶ
982 2465 1054 2498 τοὺς
1065 2465 1162 2505 χάμαι
1172 2465 1313 2505 τρόπους,
1332 2476 1407 2506 quae
1420 2466 1621 2496 Theocritus

917 2518 1118 2556 παλαίσματα
1147 2516 1289 2557 σύμφορα
1318 2515 1429 2557 τέχνᾳ,
1466 2515 1620 2546 nimirum

916 2573 977 2601 τῶν
992 2570 1032 2601 εἷς
1055 2571 1149 2609 γαῖαν
1163 2568 1389 2609 προπεσόντων.
1437 2569 1523 2598 Tum
1548 2567 1619 2596 ἂνα-

916 2620 1089 2658 κλινοπάλη
1106 2620 1287 2657 Martialis,
1299 2618 1510 2659 pancratium
1527 2617 1619 2647 dice-

917 2672 1031 2709 batur,
1044 2670 1133 2711 quod
1146 2670 1178 2700 ἐν
1187 2670 1230 2707 τῷ
1241 2667 1454 2699 ἆνακλίνεσθαι
1467 2665 1516 2697 καὶ
1536 2667 1620 2696 ὑπτι-

918 2721 1043 2761 aig-wem
1069 2721 1267 2761 plerumque
1295 2723 1537 2754 exerceretur;
1575 2716 1617 2746 ad

918 2771 1170 2804 distinctionem
1191 2771 1247 2806 τῆς
1267 2768 1365 2809 ὀρθίας
1378 2767 1493 2807 πάλης,
1509 2777 1583 2809 quae
1599 2778 1617 2797 a
