1893 3225
205 189 289 229 746

680 198 730 227 M.
763 198 874 228 VAL.
907 198 1178 228 MARTlAms

208 295 296 346 Qui
319 307 402 335 sua
423 294 616 335 restituis
638 294 827 347 spoliato
843 294 945 348 jura
964 297 1176 347 patron0;

265 363 459 403 Libertis
483 362 590 403 exul
611 376 696 403 non
717 363 799 403 erit
817 363 890 403 ille
912 364 1020 403 suis.

209 430 382 482 Dignus
402 442 463 479 cs,
482 435 531 470 ut
551 430 700 483 possis
721 434 862 471 totum
886 442 1062 470 servare
1086 429 1288 469 clientem
1309 442 1318 468 :
1635 428 1663 468 5

266 496 327 538 Ut
348 497 481 538 liceat
500 501 692 547 tantum3
723 510 827 538 vera
848 498 1036 551 probare
1058 504 1207 550 potes.

208 615 293 644 osse,
309 615 376 645 quoe
391 615 582 635 concessere:
607 605 659 644 qui
681 604 785 634 reddis
807 604 937 644 spoliato
951 608 1080 644 patrono
1094 613 1148 634 sua
1163 604 1262 641 jussu
1285 602 1332 632 illi
1348 612 1404 632 uon
1431 601 1602 641 eripientur
1616 601 1665 632 sui

208 650 320 679 liberti.

211 693 281 722 bare
298 691 471 722 veritatem.

818 753 951 764 ‘‘‘‘‘‘‘

368 648 496 685 Dignus
510 658 540 679 es
552 651 586 678 ut
599 648 698 687 possis
713 657 835 678 servare
850 651 950 678 tolum
965 648 1125 678 clientem:
1149 650 1178 677 et
1192 649 1291 686 poles,
1303 646 1462 676 dummodo
1478 645 1583 684 liceat,
1593 654 1664 685 pro-

957 753 1053 764 eeeee

211 799 390 830 Μαίη-*1
412 800 519 829 Ca'sm·
538 799 591 829 Tr.
608 796 662 828 cd.
685 796 869 834 Barbouii3
888 802 923 827 et
940 797 987 827 sic
1005 796 1073 834 alii,
1089 799 1125 825 ut
1147 795 1294 830 videtur,
1318 795 1511 834 legunt—5
1540 793 1667 824 Tortum

209 843 280 873 JOS.
298 842 451 881 Scaliger
466 842 499 871 in
517 841 688 871 Moretuni
707 840 748 870 ad
767 851 813 870 vs.
831 842 951 870 32.—6
969 839 1140 869 Punctum
1163 839 1321 869 nesciunt
1337 837 1416 868 Ald.
1433 837 1530 869 Junt.
1556 836 1666 867 Colin.

211 890 291 925 post
317 887 325 901 ⁴
343 883 496 916 tantum.'

546 884 589 914 Ut
616 883 720 922 liceat,
748 886 871 914 tantum
896 892 968 912 tera
991 882 1100 913 Paris.
1128 884 1224 912 1617.
1269 882 1313 911 Ee
1329 880 1435 922 (liceat
1451 883 1573 910 tantum
1594 888 1669 909 vera

210 928 357 967 probare)
378 931 464 968 potes
480 926 532 958 ed.
550 926 726 964 Barbouii,
753 931 789 957 et
813 926 862 957 sic
885 925 1087 956 Scriverius.
1123 923 1178 955 Al.
1196 924 1265 964 legi
1284 924 1325 954 Ut
1340 924 1449 964 (liceat
1460 925 1582 953 tantum
1596 931 1669 952 vera

206 970 355 1011 probare)
368 973 467 1011 potes,
478 974 625 1001 testatur
640 968 787 1000 Farnab.

870 1022 898 1052 N
907 1021 1008 1052 01¹AE

255 1082 273 1109 3
301 1079 363 1113 Qui
383 1077 453 1117 sua]
478 1078 563 1110 Quae
589 1075 763 1117 praecipue
789 1075 914 1105 consis-

211 1133 290 1159 tunt
307 1129 340 1159 in
357 1128 470 1168 operis
492 1132 528 1158 et
545 1126 757 1157 successione
772 1125 911 1157 liberto-

212 1190 286 1211 rum
306 1190 313 1210 ε
338 1179 551 1210 Domitianus
577 1188 657 1209 vero
675 1182 835 1219 patronos
851 1177 914 1209 hoc

207 1231 287 1271 jure
302 1229 520 1270 spoliaverat.

254 1283 274 1311 4
297 1280 436 1311 Liber-tis
449 1279 539 1319 exul]
563 1278 662 1314 Exul,
690 1283 729 1309 ut
752 1278 848 1309 aiunt
867 1278 915 1308 in·

213 1331 460 1372 terpretes,hic
475 1330 620 1361 sumitur
636 1339 696 1370 pro
710 1329 915 1369 proscripto,

213 1388 358 1423 patrono
380 1391 516 1422 nempe,
539 1381 593 1412 cui
621 1390 696 1411 cum
720 1381 774 1421 jns
802 1389 916 1410 succe-

213 1433 315 1463 dendi
342 1433 373 1463 in
399 1432 488 1463 bona
510 1431 625 1462 liberti
643 1436 735 1462 esset
752 1435 920 1471 ereptum,

214 1483 398 1514 videbatur
416 1482 641 1524 proscriptus.

260 1538 278 1565 ὅ
308 1534 415 1565 Tolum
433 1531 591 1573 clientem]
614 1532 692 1564 Hoc
719 1538 782 1573 est,
809 1533 917 1564 civem

971 1075 1156 1104 Romanum
1180 1074 1323 1114 integrae
1344 1083 1413 1104 suae
1436 1070 1598 1113 dignitati
1616 1079 1668 1100 re·

969 1124 1128 1164 sumere,
1146 1133 1247 1164 quem
1263 1127 1361 1155 vocat
1387 1123 1548 1154 clientem
1563 1121 1667 1161 ipsius

970 1174 1202 1214 Imperatoris.

1011 1230 1031 1258 6
1059 1228 1102 1258 Ut
1117 1227 1224 1267 liceat]
1243 1226 1319 1258 Hoc
1335 1231 1399 1265 est,
1411 1226 1517 1256 Potes
1534 1223 1670 1264 quidem

971 1288 1120 1317 servare,
1135 1277 1318 1309 dnmmodo
1342 1276 1449 1317 possit
1472 1275 1619 1316 probare
1637 1283 1672 1304 se

972 1339 1045 1360 esse
1063 1334 1254 1369 patronum.
1279 1328 1413 1368 Legunt
1428 1327 1498 1366 alii,
1517 1326 1560 1356 L‘t
1582 1325 1673 1355 liceat

972 1384 1116 1411 tantum:
1140 1390 1213 1410 vera
1222 1378 1351 1419 probare
1364 1382 1462 1418 potes.
1507 1377 1585 1407 Hoc
1596 1380 1647 1406 est
1662 1386 1670 1405 :

973 1431 1080 1461 Modo
1110 1430 1210 1461 detur
1234 1429 1382 1469 occasio,
1404 1432 1502 1469 potes
1526 1426 1671 1468 probare

974 1491 1056 1513 vera
1073 1490 1143 1513 esse
1162 1490 1236 1523 quae
1253 1479 1335 1511 dixi.

832 1649 1056 1691 XXXV.

771 1740 833 1768 ne
868 1738 1117 1769 seminem.

331 1807 444 1847 ΟΜΝ
460 1817 509 1847 Es
533 1807 775 1861 Sulpiciam
798 1808 941 1859 legant
967 1807 1147 1860 puellae,

334 1875 421 1915 Uni
445 1889 543 1928 quae
565 1876 753 1927 cupiunt
775 1875 868 1915 viro
891 1874 1082 1927 placere.

334 1942 504 1983 Omnes
526 1943 774 1996 Sulpiciam
796 1943 945 1996 legant
966 1942 1126 1990 mariti,

338 2010 422 2051 Uni
447 2011 523 2063 qui
547 2011 735 2064 cupiunt
755 2010 930 2064 placere
950 2014 1114 2064 nuptae.

334 2078 440 2119 Non
459 2079 556 2119 haec
573 2078 812 2120 Colchidos
834 2079 994 2119 asserit
1010 2078 1214 2125 furorem,
1650 2086 1677 2112 ί)

336 2146 435 2187 Diri
455 2146 638 2199 prandia
659 2159 740 2187 nec
762 2146 897 2187 refert
912 2147 1154 2201 Thyestae3

332 2214 540 2268 Scyllam,
564 2215 761 2268 Byblida
783 2228 863 2256 nec
882 2215 1022 2256 fuisse
1044 2214 1206 2256 credit:

266 2314 381 2343 Omnes
395 2313 534 2351 virgines
549 2314 652 2352 legant
669 2313 852 2354 Sulpiciam,
876 2323 944 2353 quae
956 2314 1061 2344 volunt
1081 2314 1201 2353 placere
1223 2310 1277 2341 uni
1294 2310 1428 2340 marito.-
1453 2319 1554 2340 omncs
1571 2308 1680 2340 mariti

222 2358 325 2395 legant
354 2356 537 2395 Sulpiciam,
562 2357 614 2395 que&
629 2357 734 2387 rolant
755 2358 876 2396 placere
892 2357 945 2386 uni
967 2355 1071 2386 uxori.
1117 2355 1197 2385 Haec
1219 2363 1278 2385 non
1294 2354 1362 2391 agit
1378 2352 1533 2389 defurore
1548 2353 1681 2393 Medeae,

222 2409 278 2430 uec
290 2402 401 2429 narrat
412 2399 546 2438 prandia
562 2400 696 2430 crudelis
722 2399 874 2440 Thyestoe‚
891 2409 944 2429 uec
958 2402 1049 2439 putat
1069 2398 1212 2429 extitisse
1228 2396 1375 2437 Scyllam,
1397 2406 1451 2426 nec
1467 2395 1622 2436 Byblida:
1644 2399 1676 2426 nt

885 2463 1023 2494 NOTAE

266 2520 284 2547 5
311 2516 384 2547 Non
406 2517 472 2547 hcec
490 2517 665 2557 Colchidos]
688 2516 822 2548 Medeae
839 2526 928 2547 amo-

224 2577 279 2598 res
305 2572 341 2598 et
368 2567 499 2598 scelera
536 2568 710 2607 intelligit,
740 2578 814 2609 quae
846 2577 927 2598 vera

225 2627 297 2649 esse
315 2626 395 2648 sane
412 2616 560 2657 negabat
578 2617 739 2657 Sulpicia.
763 2617 851 2648 Vide
868 2617 926 2649 lib.

226 2680 261 2701 v.
277 2670 377 2710 Epig.
391 2672 444 2700 53.
462 2669 518 2699 ubi
537 2674 571 2699 et
586 2669 629 2700 de
643 2669 786 2709 prandio
801 2670 926 2710 Thjfes-

228 2726 271 2751 1ae
288 2720 437 2760 egimus:
464 2719 541 2750 vide
567 2719 670 2749 etiam
700 2720 797 2759 Epig.
823 2723 854 2750 4.
876 2730 929 2750 sn-

229 2781 302 2811 pra,
317 2770 373 2801 ubi
390 2776 423 2801 et
442 2770 482 2800 de
501 2770 616 2810 Scylla
632 2770 766 2802 dictum.

1023 2520 1041 2547 7
1069 2516 1218 2557 Byblida]
1242 2516 1326 2548 Quae
1351 2515 1467 2546 fratris
1494 2514 1545 2545 sui
1571 2514 1681 2546 Cauni

982 2577 1094 2598 amore
1126 2567 1221 2605 arsit,
1252 2572 1286 2598 et
1317 2566 1456 2597 tandem
1489 2567 1522 2597 iu
1553 2564 1679 2596 fontem

981 2628 1145 2649 conversa
1182 2617 1259 2649 fuit.
1317 2618 1469 2658 Sulpicia
1507 2626 1587 2647 vero
1616 2626 1679 2647 non

981 2668 1092 2700 credit
1124 2669 1280 2700 extitisse
1309 2669 1391 2699 talia
1417 2674 1577 2706 monstra,
1603 2667 1681 2708 qnia

979 2720 1053 2761 ipsa
1070 2720 1191 2761 pudica
1202 2725 1264 2751 cst.
