<?xml version="1.0" encoding="UTF-8"?>
<!DOCTYPE html PUBLIC "-//W3C//DTD XHTML 1.0 Transitional//EN"
    "http://www.w3.org/TR/xhtml1/DTD/xhtml1-transitional.dtd">
<html xmlns="http://www.w3.org/1999/xhtml" xml:lang="en" lang="en">
 <head>
  <title>
</title>
<meta http-equiv="Content-Type" content="text/html;charset=utf-8" />
  <meta name='ocr-system' content='tesseract 3.04.00' />
  <meta name='ocr-capabilities' content='ocr_page ocr_carea ocr_par ocr_line ocrx_word'/>
</head>
<body>
  <div class='ocr_page' id='page_1' title='image "./epigrammataexedi02martuoft_0494.png"; bbox 0 0 1893 3225; ppageno 0'>
   <div class='ocr_carea' id='block_1_1' title="bbox 258 227 1234 271">
    <p class='ocr_par' dir='ltr' id='par_1_1' title="bbox 258 227 1234 271">
     <span class='ocr_line' id='line_1_1' title="bbox 258 227 1234 271; baseline -0.002 -4"><span class='ocrx_word' id='word_1_1' title='bbox 258 227 344 271; x_wconf 71' lang='lat'>982</span> <span class='ocrx_word' id='word_1_2' title='bbox 742 237 789 266; x_wconf 86' lang='lat' dir='ltr'>M.</span> <span class='ocrx_word' id='word_1_3' title='bbox 814 235 925 265; x_wconf 67' lang='lat' dir='ltr'>vAL.</span> <span class='ocrx_word' id='word_1_4' title='bbox 959 235 1234 267; x_wconf 79' lang='lat' dir='ltr'><strong>MARTIALIS</strong></span> 
     </span>
    </p>
   </div>
   <div class='ocr_carea' id='block_1_2' title="bbox 301 329 1200 374">
    <p class='ocr_par' dir='ltr' id='par_1_2' title="bbox 301 329 1200 374">
     <span class='ocr_line' id='line_1_2' title="bbox 301 329 1200 374; baseline -0.006 -9"><span class='ocrx_word' id='word_1_5' title='bbox 301 337 320 365; x_wconf 83' lang='lat'>2</span> <span class='ocrx_word' id='word_1_6' title='bbox 345 332 495 374; x_wconf 84' lang='lat' dir='ltr'>Legend.</span> <span class='ocrx_word' id='word_1_7' title='bbox 511 341 553 362; x_wconf 82' lang='lat' dir='ltr'>ex</span> <span class='ocrx_word' id='word_1_8' title='bbox 572 334 640 362; x_wconf 79' lang='lat' dir='ltr'>vet.</span> <span class='ocrx_word' id='word_1_9' title='bbox 657 329 776 362; x_wconf 85' lang='lat' dir='ltr'>codice</span> <span class='ocrx_word' id='word_1_10' title='bbox 792 330 884 361; x_wconf 74' lang='lat' dir='ltr'>mista</span> <span class='ocrx_word' id='word_1_11' title='bbox 900 333 999 361; x_wconf 89' lang='lat' dir='ltr'>notat</span> <span class='ocrx_word' id='word_1_12' title='bbox 1015 329 1200 361; x_wconf 82' lang='lat' dir='ltr'>Floscnlus.</span> 
     </span>
    </p>
   </div>
   <div class='ocr_carea' id='block_1_3' title="bbox 918 416 1058 448">
    <p class='ocr_par' dir='ltr' id='par_1_3' title="bbox 918 416 1058 448">
     <span class='ocr_line' id='line_1_3' title="bbox 918 416 1058 448; baseline -0.007 0"><span class='ocrx_word' id='word_1_13' title='bbox 918 416 1058 448; x_wconf 84' lang='lat' dir='ltr'>NOTAE</span> 
     </span>
    </p>
   </div>
   <div class='ocr_carea' id='block_1_4' title="bbox 257 479 1722 775">
    <p class='ocr_par' dir='ltr' id='par_1_4' title="bbox 257 479 1722 775">
     <span class='ocr_line' id='line_1_4' title="bbox 302 479 1722 524; baseline -0.001 -10"><span class='ocrx_word' id='word_1_14' title='bbox 302 482 509 524; x_wconf 76' lang='lat' dir='ltr'><strong><em>Spoletinum]</em></strong></span> <span class='ocrx_word' id='word_1_15' title='bbox 532 482 572 513; x_wconf 88' lang='lat' dir='ltr'>In</span> <span class='ocrx_word' id='word_1_16' title='bbox 594 481 738 513; x_wconf 83' lang='lat' dir='ltr'>Umbria</span> <span class='ocrx_word' id='word_1_17' title='bbox 753 481 868 522; x_wconf 82' lang='lat' dir='ltr'>populi</span> <span class='ocrx_word' id='word_1_18' title='bbox 883 485 962 512; x_wconf 86' lang='lat' dir='ltr'>sunt</span> <span class='ocrx_word' id='word_1_19' title='bbox 1018 480 1027 497; x_wconf 89' lang='lat'>‘</span> <span class='ocrx_word' id='word_1_20' title='bbox 1044 479 1260 520; x_wconf 73' lang='lat' dir='ltr'>Decoquitur</span> <span class='ocrx_word' id='word_1_21' title='bbox 1286 479 1465 520; x_wconf 75' lang='lat' dir='ltr'>[mustum]</span> <span class='ocrx_word' id='word_1_22' title='bbox 1489 484 1526 511; x_wconf 83' lang='lat' dir='ltr'>ut</span> <span class='ocrx_word' id='word_1_23' title='bbox 1547 480 1722 514; x_wconf 83' lang='lat' dir='ltr'>dulcescat</span> 
     </span>
     <span class='ocr_line' id='line_1_5' title="bbox 257 531 1721 576; baseline -0.001 -11"><span class='ocrx_word' id='word_1_24' title='bbox 257 534 439 576; x_wconf 85' lang='lat' dir='ltr'>Spoletini,</span> <span class='ocrx_word' id='word_1_25' title='bbox 463 533 565 564; x_wconf 80' lang='lat' dir='ltr'>hodIe</span> <span class='ocrx_word' id='word_1_26' title='bbox 589 532 723 573; x_wconf 74' lang='lat' dir='ltr'>spoleto,</span> <span class='ocrx_word' id='word_1_27' title='bbox 738 533 825 563; x_wconf 82' lang='lat' dir='ltr'>unde</span> <span class='ocrx_word' id='word_1_28' title='bbox 849 532 963 562; x_wconf 86' lang='lat' dir='ltr'>vinnm</span> <span class='ocrx_word' id='word_1_29' title='bbox 1018 531 1175 573; x_wconf 84' lang='lat' dir='ltr'>portione</span> <span class='ocrx_word' id='word_1_30' title='bbox 1189 531 1323 570; x_wconf 83' lang='lat' dir='ltr'>virium,</span> <span class='ocrx_word' id='word_1_31' title='bbox 1339 541 1402 562; x_wconf 88' lang='lat' dir='ltr'>nec</span> <span class='ocrx_word' id='word_1_32' title='bbox 1418 531 1542 562; x_wconf 85' lang='lat' dir='ltr'>durare</span> <span class='ocrx_word' id='word_1_33' title='bbox 1559 532 1647 562; x_wconf 85' lang='lat' dir='ltr'><strong>ultra</strong></span> <span class='ocrx_word' id='word_1_34' title='bbox 1664 542 1721 563; x_wconf 89' lang='lat' dir='ltr'>an-</span> 
     </span>
     <span class='ocr_line' id='line_1_6' title="bbox 258 581 1719 624; baseline -0.002 -9"><span class='ocrx_word' id='word_1_35' title='bbox 258 585 398 615; x_wconf 84' lang='lat' dir='ltr'>allatum</span> <span class='ocrx_word' id='word_1_36' title='bbox 415 594 435 615; x_wconf 86' lang='lat' dir='ltr'>a</span> <span class='ocrx_word' id='word_1_37' title='bbox 451 587 622 615; x_wconf 83' lang='lat' dir='ltr'>vetustate</span> <span class='ocrx_word' id='word_1_38' title='bbox 646 583 857 614; x_wconf 79' lang='lat' dir='ltr'>commendat</span> <span class='ocrx_word' id='word_1_39' title='bbox 874 582 963 613; x_wconf 62' lang='lat' dir='ltr'>Po?-</span> <span class='ocrx_word' id='word_1_40' title='bbox 1018 593 1120 615; x_wconf 86' lang='lat' dir='ltr'>nuum</span> <span class='ocrx_word' id='word_1_41' title='bbox 1136 582 1281 624; x_wconf 75' lang='lat' dir='ltr'>spatium</span> <span class='ocrx_word' id='word_1_42' title='bbox 1295 583 1365 614; x_wconf 81' lang='lat' dir='ltr'>tale</span> <span class='ocrx_word' id='word_1_43' title='bbox 1382 581 1548 622; x_wconf 81' lang='lat' dir='ltr'><strong>proditur.</strong></span> <span class='ocrx_word' id='word_1_44' title='bbox 1589 581 1719 623; x_wconf 78' lang='lat' dir='ltr'>Aliqui-</span> 
     </span>
     <span class='ocr_line' id='line_1_7' title="bbox 259 632 1718 674; baseline -0.003 -8"><span class='ocrx_word' id='word_1_45' title='bbox 259 639 315 666; x_wconf 87' lang='lat' dir='ltr'>ta:</span> <span class='ocrx_word' id='word_1_46' title='bbox 342 644 405 666; x_wconf 89' lang='lat' dir='ltr'>nec</span> <span class='ocrx_word' id='word_1_47' title='bbox 432 635 541 665; x_wconf 85' lang='lat' dir='ltr'>minus</span> <span class='ocrx_word' id='word_1_48' title='bbox 563 644 637 664; x_wconf 86' lang='lat' dir='ltr'>esse</span> <span class='ocrx_word' id='word_1_49' title='bbox 660 633 761 664; x_wconf 86' lang='lat' dir='ltr'>dulce</span> <span class='ocrx_word' id='word_1_50' title='bbox 785 633 833 664; x_wconf 87' lang='lat' dir='ltr'>ait</span> <span class='ocrx_word' id='word_1_51' title='bbox 860 642 962 674; x_wconf 84' lang='lat' dir='ltr'>qnam</span> <span class='ocrx_word' id='word_1_52' title='bbox 1017 634 1079 664; x_wconf 82' lang='lat' dir='ltr'>bus</span> <span class='ocrx_word' id='word_1_53' title='bbox 1096 635 1128 665; x_wconf 89' lang='lat' dir='ltr'>in</span> <span class='ocrx_word' id='word_1_54' title='bbox 1143 634 1226 665; x_wconf 82' lang='lat' dir='ltr'>locis</span> <span class='ocrx_word' id='word_1_55' title='bbox 1244 633 1441 674; x_wconf 66' lang='lat' dir='ltr'>decoquunt</span> <span class='ocrx_word' id='word_1_56' title='bbox 1458 632 1500 663; x_wconf 83' lang='lat' dir='ltr'>ad</span> <span class='ocrx_word' id='word_1_57' title='bbox 1516 642 1613 673; x_wconf 80' lang='lat' dir='ltr'>sapas</span> <span class='ocrx_word' id='word_1_58' title='bbox 1630 642 1718 663; x_wconf 86' lang='lat' dir='ltr'><strong>mus-</strong></span> 
     </span>
     <span class='ocr_line' id='line_1_8' title="bbox 258 681 1700 726; baseline -0.001 -10"><span class='ocrx_word' id='word_1_59' title='bbox 258 686 439 717; x_wconf 82' lang='lat' dir='ltr'>Falernum</span> <span class='ocrx_word' id='word_1_60' title='bbox 464 694 584 717; x_wconf 85' lang='lat' dir='ltr'>recens</span> <span class='ocrx_word' id='word_1_61' title='bbox 610 694 807 726; x_wconf 80' lang='lat' dir='ltr'>expressum</span> <span class='ocrx_word' id='word_1_62' title='bbox 835 685 888 715; x_wconf 88' lang='lat' dir='ltr'>vel</span> <span class='ocrx_word' id='word_1_63' title='bbox 904 684 961 715; x_wconf 86' lang='lat' dir='ltr'>de·</span> <span class='ocrx_word' id='word_1_64' title='bbox 1018 689 1064 725; x_wconf 83' lang='lat' dir='ltr'>ta,</span> <span class='ocrx_word' id='word_1_65' title='bbox 1079 684 1264 726; x_wconf 85' lang='lat' dir='ltr'>infusisque</span> <span class='ocrx_word' id='word_1_66' title='bbox 1278 684 1326 715; x_wconf 83' lang='lat' dir='ltr'>his</span> <span class='ocrx_word' id='word_1_67' title='bbox 1338 683 1502 715; x_wconf 76' lang='lat' dir='ltr'>ferociam</span> <span class='ocrx_word' id='word_1_68' title='bbox 1517 681 1700 724; x_wconf 62' lang='lat' dir='ltr'>frangunt!</span> 
     </span>
     <span class='ocr_line' id='line_1_9' title="bbox 259 735 961 775; baseline -0.004 -7"><span class='ocrx_word' id='word_1_69' title='bbox 259 742 404 768; x_wconf 84' lang='lat' dir='ltr'><strong>coctum.</strong></span> <span class='ocrx_word' id='word_1_70' title='bbox 449 737 579 768; x_wconf 85' lang='lat' dir='ltr'>Plinius</span> <span class='ocrx_word' id='word_1_71' title='bbox 607 735 665 767; x_wconf 88' lang='lat' dir='ltr'>lib.</span> <span class='ocrx_word' id='word_1_72' title='bbox 696 744 775 766; x_wconf 69' lang='lat' dir='ltr'>xiv.</span> <span class='ocrx_word' id='word_1_73' title='bbox 808 745 883 775; x_wconf 88' lang='lat' dir='ltr'>cap.</span> <span class='ocrx_word' id='word_1_74' title='bbox 911 736 961 765; x_wconf 83' lang='grc'>19.</span> 
     </span>
    </p>
   </div>
   <div class='ocr_carea' id='block_1_5' title="bbox 821 890 1177 1012">
    <p class='ocr_par' dir='ltr' id='par_1_5' title="bbox 821 890 1177 1012">
     <span class='ocr_line' id='line_1_10' title="bbox 896 890 1086 933; baseline 0 0"><span class='ocrx_word' id='word_1_75' title='bbox 896 890 1086 933; x_wconf 82' lang='lat' dir='ltr'>CXXI.</span> 
     </span>
     <span class='ocr_line' id='line_1_11' title="bbox 821 982 1177 1012; baseline -0.003 -1"><span class='ocrx_word' id='word_1_76' title='bbox 821 982 1177 1012; x_wconf 75' lang='lat' dir='ltr'><strong>PELIGNUM.</strong></span> 
     </span>
    </p>
   </div>
   <div class='ocr_carea' id='block_1_6' title="bbox 262 1049 1285 1175">
    <p class='ocr_par' dir='ltr' id='par_1_6' title="bbox 262 1049 1285 1175">
     <span class='ocr_line' id='line_1_12' title="bbox 262 1049 1285 1103; baseline 0.001 -14"><span class='ocrx_word' id='word_1_77' title='bbox 262 1049 496 1090; x_wconf 75' lang='lat' dir='ltr'><strong>MARSICA</strong></span> <span class='ocrx_word' id='word_1_78' title='bbox 519 1049 693 1103; x_wconf 85' lang='lat' dir='ltr'>Peligni</span> <span class='ocrx_word' id='word_1_79' title='bbox 714 1049 896 1090; x_wconf 83' lang='lat' dir='ltr'>mittunt</span> <span class='ocrx_word' id='word_1_80' title='bbox 917 1051 1094 1090; x_wconf 82' lang='lat' dir='ltr'>turbata</span> <span class='ocrx_word' id='word_1_81' title='bbox 1115 1050 1285 1091; x_wconf 86' lang='lat' dir='ltr'>coloni:</span> 
     </span>
     <span class='ocr_line' id='line_1_13' title="bbox 322 1117 1194 1175; baseline -0.001 -16"><span class='ocrx_word' id='word_1_82' title='bbox 322 1117 424 1159; x_wconf 88' lang='lat' dir='ltr'>Non</span> <span class='ocrx_word' id='word_1_83' title='bbox 442 1121 503 1175; x_wconf 54' lang='lat' dir='ltr'>iu,</span> <span class='ocrx_word' id='word_1_84' title='bbox 523 1117 709 1158; x_wconf 86' lang='lat' dir='ltr'>libertus</span> <span class='ocrx_word' id='word_1_85' title='bbox 734 1117 813 1158; x_wconf 83' lang='lat' dir='ltr'>sed</span> <span class='ocrx_word' id='word_1_86' title='bbox 834 1118 958 1159; x_wconf 80' lang='lat' dir='ltr'>bibat</span> <span class='ocrx_word' id='word_1_87' title='bbox 978 1118 1058 1158; x_wconf 74' lang='lat' dir='ltr'>illa</span> <span class='ocrx_word' id='word_1_88' title='bbox 1079 1121 1194 1158; x_wconf 83' lang='lat' dir='ltr'><strong>tuus.</strong></span> 
     </span>
    </p>
   </div>
   <div class='ocr_carea' id='block_1_7' title="bbox 305 1222 1654 1264">
    <p class='ocr_par' dir='ltr' id='par_1_7' title="bbox 305 1222 1654 1264">
     <span class='ocr_line' id='line_1_14' title="bbox 305 1222 1654 1264; baseline 0.001 -11"><span class='ocrx_word' id='word_1_89' title='bbox 305 1223 430 1262; x_wconf 77' lang='lat' dir='ltr'><em>Peligni</em></span> <span class='ocrx_word' id='word_1_90' title='bbox 446 1222 544 1254; x_wconf 84' lang='lat' dir='ltr'>coloni</span> <span class='ocrx_word' id='word_1_91' title='bbox 561 1222 689 1254; x_wconf 80' lang='lat' dir='ltr'>mittunt</span> <span class='ocrx_word' id='word_1_92' title='bbox 707 1222 847 1254; x_wconf 74' lang='lat' dir='ltr'>Marsica</span> <span class='ocrx_word' id='word_1_93' title='bbox 864 1222 1000 1254; x_wconf 75' lang='lat' dir='ltr'><em>turbata.</em></span> <span class='ocrx_word' id='word_1_94' title='bbox 1047 1223 1120 1253; x_wconf 82' lang='lat' dir='ltr'>Non</span> <span class='ocrx_word' id='word_1_95' title='bbox 1137 1226 1184 1263; x_wconf 79' lang='lat' dir='ltr'>tu,</span> <span class='ocrx_word' id='word_1_96' title='bbox 1197 1223 1250 1254; x_wconf 87' lang='lat' dir='ltr'>sed</span> <span class='ocrx_word' id='word_1_97' title='bbox 1264 1222 1390 1254; x_wconf 78' lang='lat' dir='ltr'>libertus</span> <span class='ocrx_word' id='word_1_98' title='bbox 1405 1226 1478 1255; x_wconf 80' lang='lat' dir='ltr'><strong><em>tuus</em></strong></span> <span class='ocrx_word' id='word_1_99' title='bbox 1486 1226 1571 1264; x_wconf 77' lang='lat' dir='ltr'>polet</span> <span class='ocrx_word' id='word_1_100' title='bbox 1588 1224 1654 1255; x_wconf 73' lang='lat' dir='ltr'>illa.</span> 
     </span>
    </p>
   </div>
   <div class='ocr_carea' id='block_1_8' title="bbox 869 1307 1113 1319">
    <p class='ocr_par' dir='ltr' id='par_1_8' title="bbox 869 1307 1113 1319">
     <span class='ocr_line' id='line_1_15' title="bbox 869 1307 1113 1319; baseline 0 -1"><span class='ocrx_word' id='word_1_101' title='bbox 869 1308 929 1318; x_wconf 56' lang='lat' dir='ltr'>‘N</span> <span class='ocrx_word' id='word_1_102' title='bbox 933 1307 1090 1318; x_wconf 51' lang='lat' dir='ltr'>nov-‘ovo</span> <span class='ocrx_word' id='word_1_103' title='bbox 1094 1308 1113 1319; x_wconf 68' lang='lat' dir='ltr'>e</span> 
     </span>
    </p>
   </div>
   <div class='ocr_carea' id='block_1_9' title="bbox 257 1362 1721 1531">
    <p class='ocr_par' dir='ltr' id='par_1_9' title="bbox 257 1362 1721 1531">
     <span class='ocr_line' id='line_1_16' title="bbox 305 1362 1721 1403; baseline 0.001 -9"><span class='ocrx_word' id='word_1_104' title='bbox 305 1367 317 1394; x_wconf 97' lang='lat' dir='ltr'>l</span> <span class='ocrx_word' id='word_1_105' title='bbox 343 1363 399 1394; x_wconf 86' lang='lat' dir='ltr'>Sic</span> <span class='ocrx_word' id='word_1_106' title='bbox 426 1362 493 1403; x_wconf 82' lang='lat' dir='ltr'>legi</span> <span class='ocrx_word' id='word_1_107' title='bbox 511 1362 616 1402; x_wconf 86' lang='lat' dir='ltr'>jubet</span> <span class='ocrx_word' id='word_1_108' title='bbox 634 1362 823 1400; x_wconf 76' lang='lat' dir='ltr'>Floscnlns,</span> <span class='ocrx_word' id='word_1_109' title='bbox 848 1366 883 1393; x_wconf 88' lang='lat' dir='ltr'>et</span> <span class='ocrx_word' id='word_1_110' title='bbox 907 1362 954 1393; x_wconf 84' lang='lat' dir='ltr'>sic</span> <span class='ocrx_word' id='word_1_111' title='bbox 982 1362 1042 1394; x_wconf 83' lang='lat' dir='ltr'>dat</span> <span class='ocrx_word' id='word_1_112' title='bbox 1068 1362 1145 1393; x_wconf 84' lang='lat' dir='ltr'><strong>cod.</strong></span> <span class='ocrx_word' id='word_1_113' title='bbox 1172 1362 1205 1393; x_wconf 88' lang='lat' dir='ltr'>in</span> <span class='ocrx_word' id='word_1_114' title='bbox 1232 1372 1340 1402; x_wconf 77' lang='lat' dir='ltr'><strong>marg.</strong></span> <span class='ocrx_word' id='word_1_115' title='bbox 1354 1363 1409 1393; x_wconf 88' lang='lat' dir='ltr'>ed.</span> <span class='ocrx_word' id='word_1_116' title='bbox 1437 1363 1519 1394; x_wconf 82' lang='lat' dir='ltr'>Par.</span> <span class='ocrx_word' id='word_1_117' title='bbox 1545 1366 1639 1394; x_wconf 85' lang='grc'><strong>1617.</strong></span> <span class='ocrx_word' id='word_1_118' title='bbox 1673 1364 1721 1395; x_wconf 79' lang='lat' dir='ltr'>At</span> 
     </span>
     <span class='ocr_line' id='line_1_17' title="bbox 260 1405 1720 1445; baseline 0.001 -8"><span class='ocrx_word' id='word_1_119' title='bbox 260 1407 396 1438; x_wconf 72' lang='lat' dir='ltr'>Massica</span> <span class='ocrx_word' id='word_1_120' title='bbox 413 1405 492 1437; x_wconf 84' lang='lat' dir='ltr'>edd.</span> <span class='ocrx_word' id='word_1_121' title='bbox 509 1410 594 1436; x_wconf 88' lang='lat' dir='ltr'>vett.</span> <span class='ocrx_word' id='word_1_122' title='bbox 620 1406 733 1436; x_wconf 74' lang='lat' dir='ltr'>Mittnt</span> <span class='ocrx_word' id='word_1_123' title='bbox 747 1406 855 1435; x_wconf 71' lang='lat' dir='ltr'><em>orbata</em></span> <span class='ocrx_word' id='word_1_124' title='bbox 865 1405 930 1436; x_wconf 85' lang='lat' dir='ltr'>Ms.</span> <span class='ocrx_word' id='word_1_125' title='bbox 945 1406 1083 1436; x_wconf 82' lang='lat' dir='ltr'>Beveri.</span> <span class='ocrx_word' id='word_1_126' title='bbox 1098 1405 1217 1443; x_wconf 77' lang='lat' dir='ltr'>vides,</span> <span class='ocrx_word' id='word_1_127' title='bbox 1231 1407 1368 1444; x_wconf 85' lang='lat' dir='ltr'><strong>Lector,</strong></span> <span class='ocrx_word' id='word_1_128' title='bbox 1380 1406 1517 1445; x_wconf 84' lang='lat' dir='ltr'>quantis</span> <span class='ocrx_word' id='word_1_129' title='bbox 1530 1406 1720 1438; x_wconf 78' lang='lat' dir='ltr'>rationibus</span> 
     </span>
     <span class='ocr_line' id='line_1_18' title="bbox 258 1447 1721 1489; baseline 0.001 -9"><span class='ocrx_word' id='word_1_130' title='bbox 258 1450 436 1480; x_wconf 80' lang='lat' dir='ltr'>evincatur</span> <span class='ocrx_word' id='word_1_131' title='bbox 452 1449 548 1479; x_wconf 80' lang='lat' dir='ltr'>lectt.</span> <span class='ocrx_word' id='word_1_132' title='bbox 574 1458 656 1488; x_wconf 84' lang='lat' dir='ltr'>quas</span> <span class='ocrx_word' id='word_1_133' title='bbox 684 1447 921 1487; x_wconf 67' lang='lat' dir='ltr'>Maumcripto</span> <span class='ocrx_word' id='word_1_134' title='bbox 946 1448 1084 1479; x_wconf 83' lang='lat' dir='ltr'>Beverl.</span> <span class='ocrx_word' id='word_1_135' title='bbox 1111 1447 1305 1488; x_wconf 79' lang='lat' dir='ltr'>tribuinms,</span> <span class='ocrx_word' id='word_1_136' title='bbox 1330 1449 1373 1479; x_wconf 90' lang='lat' dir='ltr'>ab</span> <span class='ocrx_word' id='word_1_137' title='bbox 1399 1448 1457 1479; x_wconf 84' lang='lat' dir='ltr'>ino</span> <span class='ocrx_word' id='word_1_138' title='bbox 1481 1447 1589 1489; x_wconf 87' lang='lat' dir='ltr'>fonte,</span> <span class='ocrx_word' id='word_1_139' title='bbox 1614 1459 1678 1481; x_wconf 90' lang='lat' dir='ltr'>nec</span> <span class='ocrx_word' id='word_1_140' title='bbox 1702 1461 1721 1480; x_wconf 82' lang='lat' dir='ltr'>a</span> 
     </span>
     <span class='ocr_line' id='line_1_19' title="bbox 257 1489 1090 1531; baseline -0.001 -8"><span class='ocrx_word' id='word_1_141' title='bbox 257 1491 462 1523; x_wconf 73' lang='lat' dir='ltr'>Beverlantii</span> <span class='ocrx_word' id='word_1_142' title='bbox 481 1491 584 1531; x_wconf 80' lang='lat' dir='ltr'>ipsius</span> <span class='ocrx_word' id='word_1_143' title='bbox 600 1490 746 1531; x_wconf 80' lang='lat' dir='ltr'>ingenio,</span> <span class='ocrx_word' id='word_1_144' title='bbox 762 1500 798 1521; x_wconf 77' lang='lat' dir='ltr'>re</span> <span class='ocrx_word' id='word_1_145' title='bbox 810 1500 891 1521; x_wconf 83' lang='lat' dir='ltr'>vera</span> <span class='ocrx_word' id='word_1_146' title='bbox 907 1489 1090 1531; x_wconf 78' lang='lat' dir='ltr'>profluere.</span> 
     </span>
    </p>
   </div>
   <div class='ocr_carea' id='block_1_10' title="bbox 259 1570 1723 1728">
    <p class='ocr_par' dir='ltr' id='par_1_10' title="bbox 259 1570 1723 1728">
     <span class='ocr_line' id='line_1_20' title="bbox 922 1570 1062 1601; baseline 0.007 -1"><span class='ocrx_word' id='word_1_147' title='bbox 922 1570 1062 1601; x_wconf 81' lang='lat' dir='ltr'><strong>NOTAE</strong></span> 
     </span>
     <span class='ocr_line' id='line_1_21' title="bbox 303 1633 1723 1676; baseline 0 -10"><span class='ocrx_word' id='word_1_148' title='bbox 303 1639 319 1667; x_wconf 90' lang='lat' dir='ltr'>l</span> <span class='ocrx_word' id='word_1_149' title='bbox 345 1635 503 1676; x_wconf 80' lang='lat' dir='ltr'>Marsica]</span> <span class='ocrx_word' id='word_1_150' title='bbox 526 1634 634 1666; x_wconf 85' lang='lat' dir='ltr'>Marsi</span> <span class='ocrx_word' id='word_1_151' title='bbox 651 1633 804 1674; x_wconf 83' lang='lat' dir='ltr'>Pelignis</span> <span class='ocrx_word' id='word_1_152' title='bbox 820 1638 899 1665; x_wconf 87' lang='lat' dir='ltr'>sunt</span> <span class='ocrx_word' id='word_1_153' title='bbox 916 1634 960 1664; x_wconf 90' lang='lat' dir='ltr'>vi-</span> <span class='ocrx_word' id='word_1_154' title='bbox 1016 1635 1170 1675; x_wconf 80' lang='lat' dir='ltr'>Pelignis</span> <span class='ocrx_word' id='word_1_155' title='bbox 1182 1635 1309 1666; x_wconf 80' lang='lat' dir='ltr'>distant</span> <span class='ocrx_word' id='word_1_156' title='bbox 1320 1635 1458 1666; x_wconf 77' lang='lat' dir='ltr'>Massici</span> <span class='ocrx_word' id='word_1_157' title='bbox 1470 1639 1612 1667; x_wconf 87' lang='lat' dir='ltr'>montes.</span> <span class='ocrx_word' id='word_1_158' title='bbox 1635 1636 1723 1667; x_wconf 82' lang='lat' dir='ltr'>Vide</span> 
     </span>
     <span class='ocr_line' id='line_1_22' title="bbox 259 1686 1335 1728; baseline -0.001 -10"><span class='ocrx_word' id='word_1_159' title='bbox 259 1688 348 1718; x_wconf 82' lang='lat' dir='ltr'>cini:</span> <span class='ocrx_word' id='word_1_160' title='bbox 375 1694 505 1728; x_wconf 83' lang='lat' dir='ltr'>partem</span> <span class='ocrx_word' id='word_1_161' title='bbox 539 1686 668 1718; x_wconf 83' lang='lat' dir='ltr'>faciunt</span> <span class='ocrx_word' id='word_1_162' title='bbox 689 1687 837 1727; x_wconf 82' lang='lat' dir='ltr'>regionis</span> <span class='ocrx_word' id='word_1_163' title='bbox 869 1687 961 1718; x_wconf 83' lang='lat' dir='ltr'>illius</span> <span class='ocrx_word' id='word_1_164' title='bbox 1018 1687 1116 1727; x_wconf 80' lang='lat' dir='ltr'>Epig.</span> <span class='ocrx_word' id='word_1_165' title='bbox 1133 1689 1204 1717; x_wconf 90' lang='lat' dir='ltr'>lll.</span> <span class='ocrx_word' id='word_1_166' title='bbox 1221 1697 1335 1727; x_wconf 83' lang='lat' dir='ltr'>supra.</span> 
     </span>
    </p>
   </div>
   <div class='ocr_carea' id='block_1_11' title="bbox 254 1737 1722 1830">
    <p class='ocr_par' dir='ltr' id='par_1_11' title="bbox 254 1737 1722 1830">
     <span class='ocr_line' id='line_1_23' title="bbox 258 1737 1722 1778; baseline 0.001 -9"><span class='ocrx_word' id='word_1_167' title='bbox 258 1747 334 1778; x_wconf 78' lang='lat' dir='ltr'>quae</span> <span class='ocrx_word' id='word_1_168' title='bbox 365 1737 489 1769; x_wconf 85' lang='lat' dir='ltr'>dicitnr</span> <span class='ocrx_word' id='word_1_169' title='bbox 514 1737 653 1768; x_wconf 77' lang='lat' dir='ltr'>Abruzze</span> <span class='ocrx_word' id='word_1_170' title='bbox 677 1737 853 1769; x_wconf 69' lang='lat' dir='ltr'>ulter-ieme.</span> <span class='ocrx_word' id='word_1_171' title='bbox 900 1738 962 1769; x_wconf 87' lang='lat' dir='ltr'>Le·</span> <span class='ocrx_word' id='word_1_172' title='bbox 1059 1740 1078 1767; x_wconf 80' lang='lat'>2</span> <span class='ocrx_word' id='word_1_173' title='bbox 1105 1737 1176 1767; x_wconf 82' lang='lat' dir='ltr'>Non</span> <span class='ocrx_word' id='word_1_174' title='bbox 1191 1737 1241 1777; x_wconf 79' lang='lat' dir='ltr'>tu]</span> <span class='ocrx_word' id='word_1_175' title='bbox 1266 1737 1374 1769; x_wconf 83' lang='lat' dir='ltr'>Nimis</span> <span class='ocrx_word' id='word_1_176' title='bbox 1389 1737 1477 1769; x_wconf 86' lang='lat' dir='ltr'>enim</span> <span class='ocrx_word' id='word_1_177' title='bbox 1494 1742 1629 1770; x_wconf 81' lang='lat' dir='ltr'>austera</span> <span class='ocrx_word' id='word_1_178' title='bbox 1643 1743 1722 1770; x_wconf 85' lang='lat' dir='ltr'>sunt</span> 
     </span>
     <span class='ocr_line' id='line_1_24' title="bbox 254 1787 1268 1830; baseline 0 -11"><span class='ocrx_word' id='word_1_179' title='bbox 254 1792 339 1829; x_wconf 80' lang='lat' dir='ltr'>gunt</span> <span class='ocrx_word' id='word_1_180' title='bbox 355 1788 412 1820; x_wconf 83' lang='lat' dir='ltr'>alii</span> <span class='ocrx_word' id='word_1_181' title='bbox 427 1788 579 1828; x_wconf 78' lang='lat' dir='ltr'>Massica,</span> <span class='ocrx_word' id='word_1_182' title='bbox 593 1789 699 1827; x_wconf 76' lang='lat' dir='ltr'>male3</span> <span class='ocrx_word' id='word_1_183' title='bbox 725 1789 825 1830; x_wconf 83' lang='lat' dir='ltr'>longe</span> <span class='ocrx_word' id='word_1_184' title='bbox 838 1788 927 1821; x_wconf 89' lang='lat' dir='ltr'>enim</span> <span class='ocrx_word' id='word_1_185' title='bbox 944 1798 963 1820; x_wconf 88' lang='lat' dir='ltr'>a</span> <span class='ocrx_word' id='word_1_186' title='bbox 1019 1787 1096 1818; x_wconf 87' lang='lat' dir='ltr'>vina</span> <span class='ocrx_word' id='word_1_187' title='bbox 1108 1787 1268 1820; x_wconf 76' lang='lat' dir='ltr'>Marsica.</span> 
     </span>
    </p>
   </div>
   <div class='ocr_carea' id='block_1_12' title="bbox 835 1925 1147 2047">
    <p class='ocr_par' dir='ltr' id='par_1_12' title="bbox 835 1925 1147 2047">
     <span class='ocr_line' id='line_1_25' title="bbox 880 1925 1097 1967; baseline 0 0"><span class='ocrx_word' id='word_1_188' title='bbox 880 1925 1097 1967; x_wconf 89' lang='lat' dir='ltr'>CXXII.</span> 
     </span>
     <span class='ocr_line' id='line_1_26' title="bbox 835 2017 1147 2047; baseline 0 -2"><span class='ocrx_word' id='word_1_189' title='bbox 835 2018 864 2046; x_wconf 78' lang='lat' dir='ltr'>A</span> <span class='ocrx_word' id='word_1_190' title='bbox 888 2018 913 2047; x_wconf 88' lang='lat' dir='ltr'>c</span> <span class='ocrx_word' id='word_1_191' title='bbox 940 2017 966 2046; x_wconf 87' lang='lat' dir='ltr'><strong>E</strong></span> <span class='ocrx_word' id='word_1_192' title='bbox 988 2017 1017 2046; x_wconf 82' lang='lat' dir='ltr'>T</span> <span class='ocrx_word' id='word_1_193' title='bbox 1042 2017 1071 2047; x_wconf 86' lang='lat' dir='ltr'>U</span> <span class='ocrx_word' id='word_1_194' title='bbox 1099 2017 1147 2046; x_wconf 80' lang='lat' dir='ltr'>M.</span> 
     </span>
    </p>
   </div>
   <div class='ocr_carea' id='block_1_13' title="bbox 259 2083 1270 2204">
    <p class='ocr_par' dir='ltr' id='par_1_13' title="bbox 259 2083 1270 2204">
     <span class='ocr_line' id='line_1_27' title="bbox 259 2083 1270 2126; baseline 0.002 -2"><span class='ocrx_word' id='word_1_195' title='bbox 259 2084 511 2125; x_wconf 73' lang='lat' dir='ltr'>AMPHORA</span> <span class='ocrx_word' id='word_1_196' title='bbox 537 2083 701 2126; x_wconf 82' lang='lat' dir='ltr'>Niliaci</span> <span class='ocrx_word' id='word_1_197' title='bbox 720 2097 805 2126; x_wconf 86' lang='lat' dir='ltr'>non</span> <span class='ocrx_word' id='word_1_198' title='bbox 826 2085 884 2126; x_wconf 88' lang='lat' dir='ltr'>sit</span> <span class='ocrx_word' id='word_1_199' title='bbox 903 2085 985 2126; x_wconf 86' lang='lat' dir='ltr'>tibi</span> <span class='ocrx_word' id='word_1_200' title='bbox 1007 2085 1109 2126; x_wconf 84' lang='lat' dir='ltr'>vilis</span> <span class='ocrx_word' id='word_1_201' title='bbox 1131 2086 1270 2126; x_wconf 81' lang='lat' dir='ltr'>aceti:</span> 
     </span>
     <span class='ocr_line' id='line_1_28' title="bbox 321 2149 1139 2204; baseline 0 -11"><span class='ocrx_word' id='word_1_202' title='bbox 321 2149 461 2193; x_wconf 68' lang='lat' dir='ltr'>Esset&#39;</span> <span class='ocrx_word' id='word_1_203' title='bbox 478 2165 580 2194; x_wconf 88' lang='lat' dir='ltr'>cum</span> <span class='ocrx_word' id='word_1_204' title='bbox 601 2152 769 2204; x_wconf 86' lang='lat' dir='ltr'>vinum,</span> <span class='ocrx_word' id='word_1_205' title='bbox 791 2153 923 2194; x_wconf 86' lang='lat' dir='ltr'>vilior</span> <span class='ocrx_word' id='word_1_206' title='bbox 943 2153 1020 2194; x_wconf 83' lang='lat' dir='ltr'>illa</span> <span class='ocrx_word' id='word_1_207' title='bbox 1040 2153 1139 2193; x_wconf 87' lang='lat' dir='ltr'>fuit.</span> 
     </span>
    </p>
   </div>
   <div class='ocr_carea' id='block_1_14' title="bbox 262 2263 1722 2337">
    <p class='ocr_par' dir='ltr' id='par_1_14' title="bbox 262 2263 1722 2337">
     <span class='ocr_line' id='line_1_29' title="bbox 286 2263 1722 2312; baseline 0.002 -19"><span class='ocrx_word' id='word_1_208' title='bbox 286 2306 292 2312; x_wconf 91' lang='lat'>.</span> <span class='ocrx_word' id='word_1_209' title='bbox 307 2263 357 2294; x_wconf 83' lang='lat' dir='ltr'>Ne</span> <span class='ocrx_word' id='word_1_210' title='bbox 373 2266 548 2295; x_wconf 70' lang='lat' dir='ltr'>conternans</span> <span class='ocrx_word' id='word_1_211' title='bbox 562 2265 738 2304; x_wconf 81' lang='lat' dir='ltr'><em>amphoram</em></span> <span class='ocrx_word' id='word_1_212' title='bbox 755 2264 834 2296; x_wconf 81' lang='lat' dir='ltr'>aceti</span> <span class='ocrx_word' id='word_1_213' title='bbox 851 2264 993 2296; x_wconf 74' lang='lat' dir='ltr'>Niliaci.-</span> <span class='ocrx_word' id='word_1_214' title='bbox 1016 2264 1071 2295; x_wconf 80' lang='lat' dir='ltr'>illa</span> <span class='ocrx_word' id='word_1_215' title='bbox 1091 2264 1161 2302; x_wconf 79' lang='lat' dir='ltr'>fuit</span> <span class='ocrx_word' id='word_1_216' title='bbox 1176 2264 1278 2303; x_wconf 75' lang='lat' dir='ltr'>magis</span> <span class='ocrx_word' id='word_1_217' title='bbox 1298 2266 1532 2304; x_wconf 75' lang='lat' dir='ltr'>contemnenda,</span> <span class='ocrx_word' id='word_1_218' title='bbox 1557 2275 1624 2296; x_wconf 83' lang='lat' dir='ltr'>cum</span> <span class='ocrx_word' id='word_1_219' title='bbox 1645 2269 1722 2297; x_wconf 72' lang='lat' dir='ltr'>esset</span> 
     </span>
     <span class='ocr_line' id='line_1_30' title="bbox 262 2316 376 2337; baseline 0.009 -1"><span class='ocrx_word' id='word_1_220' title='bbox 262 2316 376 2337; x_wconf 79' lang='lat' dir='ltr'><strong><em>vzuum.</em></strong></span> 
     </span>
    </p>
   </div>
   <div class='ocr_carea' id='block_1_15' title="bbox 874 2354 1109 2369">
    <p class='ocr_par' dir='ltr' id='par_1_15' title="bbox 874 2354 1109 2369">
     <span class='ocr_line' id='line_1_31' title="bbox 874 2354 1109 2369; baseline -0.004 0"><span class='ocrx_word' id='word_1_221' title='bbox 874 2354 1109 2369; x_wconf 57' lang='lat' dir='ltr'>“armoe-eoo</span> 
     </span>
    </p>
   </div>
   <div class='ocr_carea' id='block_1_16' title="bbox 303 2413 1635 2454">
    <p class='ocr_par' dir='ltr' id='par_1_16' title="bbox 303 2413 1635 2454">
     <span class='ocr_line' id='line_1_32' title="bbox 303 2413 1635 2454; baseline 0.002 -10"><span class='ocrx_word' id='word_1_222' title='bbox 303 2417 322 2445; x_wconf 81' lang='lat'><strong>2</strong></span> <span class='ocrx_word' id='word_1_223' title='bbox 352 2413 426 2445; x_wconf 77' lang='lat' dir='ltr'>Vini</span> <span class='ocrx_word' id='word_1_224' title='bbox 442 2413 517 2445; x_wconf 87' lang='lat' dir='ltr'>cod.</span> <span class='ocrx_word' id='word_1_225' title='bbox 534 2413 567 2444; x_wconf 88' lang='lat' dir='ltr'>in</span> <span class='ocrx_word' id='word_1_226' title='bbox 582 2423 687 2454; x_wconf 86' lang='lat' dir='ltr'>marg.</span> <span class='ocrx_word' id='word_1_227' title='bbox 703 2413 758 2446; x_wconf 90' lang='lat' dir='ltr'>ed.</span> <span class='ocrx_word' id='word_1_228' title='bbox 775 2414 857 2445; x_wconf 85' lang='lat' dir='ltr'><strong>Par.</strong></span> <span class='ocrx_word' id='word_1_229' title='bbox 875 2416 968 2445; x_wconf 82' lang='lat'><strong>161⁷.</strong></span> <span class='ocrx_word' id='word_1_230' title='bbox 985 2418 1020 2445; x_wconf 86' lang='lat' dir='ltr'>et</span> <span class='ocrx_word' id='word_1_231' title='bbox 1037 2414 1086 2445; x_wconf 83' lang='lat' dir='ltr'>sic</span> <span class='ocrx_word' id='word_1_232' title='bbox 1102 2413 1185 2444; x_wconf 81' lang='lat' dir='ltr'>alios</span> <span class='ocrx_word' id='word_1_233' title='bbox 1202 2413 1318 2454; x_wconf 83' lang='lat' dir='ltr'>legere</span> <span class='ocrx_word' id='word_1_234' title='bbox 1332 2421 1447 2446; x_wconf 89' lang='lat' dir='ltr'>monet</span> <span class='ocrx_word' id='word_1_235' title='bbox 1462 2415 1635 2447; x_wconf 86' lang='lat' dir='ltr'>Schrevel.</span> 
     </span>
    </p>
   </div>
   <div class='ocr_carea' id='block_1_17' title="bbox 919 2506 1062 2538">
    <p class='ocr_par' dir='ltr' id='par_1_17' title="bbox 919 2506 1062 2538">
     <span class='ocr_line' id='line_1_33' title="bbox 919 2506 1062 2538; baseline -0.007 0"><span class='ocrx_word' id='word_1_236' title='bbox 919 2507 952 2538; x_wconf 93' lang='lat' dir='ltr'>N</span> <span class='ocrx_word' id='word_1_237' title='bbox 956 2506 1062 2538; x_wconf 83' lang='lat' dir='ltr'>OTAE</span> 
     </span>
    </p>
   </div>
   <div class='ocr_carea' id='block_1_18' title="bbox 261 2570 1722 2665">
    <p class='ocr_par' dir='ltr' id='par_1_18' title="bbox 261 2570 1722 2665">
     <span class='ocr_line' id='line_1_34' title="bbox 306 2570 1722 2613; baseline 0.002 -10"><span class='ocrx_word' id='word_1_238' title='bbox 306 2575 318 2602; x_wconf 88' lang='grc'><strong>1</strong></span> <span class='ocrx_word' id='word_1_239' title='bbox 351 2572 506 2612; x_wconf 80' lang='lat' dir='ltr'><em>Amphora</em></span> <span class='ocrx_word' id='word_1_240' title='bbox 522 2572 655 2613; x_wconf 77' lang='lat' dir='ltr'>Niliaci]</span> <span class='ocrx_word' id='word_1_241' title='bbox 671 2570 815 2603; x_wconf 83' lang='lat' dir='ltr'>Acetum</span> <span class='ocrx_word' id='word_1_242' title='bbox 829 2582 871 2604; x_wconf 83' lang='lat' dir='ltr'>ex</span> <span class='ocrx_word' id='word_1_243' title='bbox 885 2572 964 2603; x_wconf 87' lang='lat' dir='ltr'>vino</span> <span class='ocrx_word' id='word_1_244' title='bbox 1020 2572 1132 2603; x_wconf 85' lang='lat' dir='ltr'>vinnm</span> <span class='ocrx_word' id='word_1_245' title='bbox 1147 2581 1188 2603; x_wconf 80' lang='lat' dir='ltr'>ex</span> <span class='ocrx_word' id='word_1_246' title='bbox 1201 2582 1266 2613; x_wconf 87' lang='lat' dir='ltr'>quo</span> <span class='ocrx_word' id='word_1_247' title='bbox 1278 2571 1329 2604; x_wconf 89' lang='lat' dir='ltr'>fit.</span> <span class='ocrx_word' id='word_1_248' title='bbox 1361 2572 1538 2604; x_wconf 86' lang='lat' dir='ltr'>Juvenalis</span> <span class='ocrx_word' id='word_1_249' title='bbox 1554 2573 1625 2605; x_wconf 82' lang='lat' dir='ltr'>Sat.</span> <span class='ocrx_word' id='word_1_250' title='bbox 1637 2583 1722 2605; x_wconf 78' lang='lat' dir='ltr'>xn1.</span> 
     </span>
     <span class='ocr_line' id='line_1_35' title="bbox 261 2621 1558 2665; baseline 0.001 -12"><span class='ocrx_word' id='word_1_251' title='bbox 261 2621 423 2663; x_wconf 80' lang='lat' dir='ltr'>AEgyptio</span> <span class='ocrx_word' id='word_1_252' title='bbox 440 2622 637 2655; x_wconf 82' lang='lat' dir='ltr'>confectum</span> <span class='ocrx_word' id='word_1_253' title='bbox 664 2623 771 2654; x_wconf 82' lang='lat' dir='ltr'>carius</span> <span class='ocrx_word' id='word_1_254' title='bbox 795 2627 847 2655; x_wconf 82' lang='lat' dir='ltr'>est</span> <span class='ocrx_word' id='word_1_255' title='bbox 863 2633 962 2664; x_wconf 82' lang='lat' dir='ltr'>qnam</span> <span class='ocrx_word' id='word_1_256' title='bbox 1018 2624 1025 2638; x_wconf 92' lang='lat'>‘</span> <span class='ocrx_word' id='word_1_257' title='bbox 1042 2623 1233 2664; x_wconf 75' lang='lat' dir='ltr'>Pharioque</span> <span class='ocrx_word' id='word_1_258' title='bbox 1252 2623 1417 2655; x_wconf 79' lang='lat' dir='ltr'>madentis</span> <span class='ocrx_word' id='word_1_259' title='bbox 1435 2623 1558 2665; x_wconf 82' lang='lat' dir='ltr'>acet0.&#39;</span> 
     </span>
    </p>
   </div>
   <div class='ocr_carea' id='block_1_19' title="bbox 1892 23 1893 620">
    <p class='ocr_par' dir='ltr' id='par_1_19' title="bbox 1892 23 1893 620">
     <span class='ocr_line' id='line_1_36' title="bbox 1892 23 1893 620; baseline 0 0"><span class='ocrx_word' id='word_1_260' title='bbox 1892 23 1893 620; x_wconf 95' lang='lat' dir='ltr'> </span> 
     </span>
    </p>
   </div>
  </div>
 </body>
</html>
