1893 3225
223 265 308 307 582
692 277 740 306 M.
774 276 888 306 vm„
923 277 1201 306 MARTmms

222 374 299 414 Sic
321 371 450 413 Maro
469 384 548 412 nec
570 371 751 413 Calabri
772 373 958 413 tentavit
978 373 1170 413 carmina
1194 371 1360 421 Flacci,
1651 374 1680 414 5

280 439 544 481 Pindaricos
564 443 714 481 nosset
734 452 835 481 cum
856 451 1060 493 superare
1080 438 1238 479 modos
1255 453 1264 479 :

228 508 285 550 Et
306 507 449 549 Vario
471 508 605 548 cessit
627 507 822 548 Romani
842 506 975 547 laude
997 506 1210 556 cothurni,

282 575 395 617 Cum
415 580 570 630 posset
588 574 778 628 Tragico
798 574 957 615 fortius
978 587 1053 614 ore
1074 574 1208 628 loqui.

226 643 413 694 Aurum,
433 647 475 684 et
494 655 616 697 opes,
638 648 682 684 et
700 655 799 683 rura
821 641 1027 695 frequens
1048 642 1229 684 donabit
1250 643 1416 684 amicus
1434 656 1443 684 :

284 710 377 762 Qui
397 712 501 753 velit
520 711 696 764 ingenio
719 710 890 760 cedere,
911 723 1031 752 rarus
1052 712 1144 752 erit.
1627 709 1681 752 10

227 826 321 853 tuam.
345 822 400 852 Sic
410 831 464 852 nec
482 821 634 860 Virgilius
645 830 810 861 aggressus
823 825 870 852 est
882 832 984 853 versus
997 822 1130 853 Horatii
1148 822 1362 862 Calabri,cum
1372 825 1472 862 posset
1485 820 1605 851 vincere
1620 829 1683 850 mo-

227 868 282 895 dos
294 865 499 896 Pindaricos:
521 868 551 895 et
574 864 664 895 cessit
688 865 782 895 Vario
808 865 929 896 laudem
950 867 1096 897 cothurni
1122 867 1266 903 Romani,
1281 875 1346 895 cum
1369 867 1467 905 posset
1483 874 1534 895 ore
1549 863 1682 902 Tragico

226 907 309 948 loqui
320 907 536 938 vehementius.
568 907 668 938 Multi
681 908 775 939 amici
788 907 908 939 dabunt
923 919 1044 949 aurum,
1057 913 1087 940 et
1103 909 1244 949 divitias,
1254 912 1283 939 et
1296 917 1389 948 agros
1399 918 1409 938 .·
1429 907 1520 949 pauci
1530 910 1619 938 erunt
1629 906 1683 946 qui

228 952 322 982 velint
336 950 499 988 inferiores
513 960 575 982 esse
587 951 723 990 ingenio.

836 1003 914 1014 Μ
917 1003 1077 1015 00000000

233 1047 311 1078 edd.
339 1050 425 1079 vett.
466 1046 523 1078 Vel
542 1057 659 1078 mecum
675 1047 708 1077 in
736 1046 834 1078 codd.
862 1047 1016 1085 Gruteri,
1044 1046 1217 1086 Farnabii,
1235 1051 1270 1078 et
1284 1047 1478 1077 Thuan.-6
1502 1044 1687 1076 Pindaricos

229 1093 332 1131 posset
359 1089 440 1121 Ald.
465 1090 562 1122 Junt.
590 1090 698 1121 Colin.
715 1090 845 1132 Gryph.
872 1090 988 1122 Plant.
1004 1090 1145 1122 Junian.
1169 1090 1273 1131 Lang.
1298 1095 1333 1121 et
1350 1089 1477 1130 Delph.
1502 1088 1688 1120 Pindaricos

231 1136 333 1164 nosset
345 1133 454 1164 codex
471 1133 666 1164 Pulmanni.

889 1175 1035 1208 NOTAE

229 1250 347 1272 versus
387 1240 528 1282 Lyricos
565 1240 735 1272 scribere:
775 1244 928 1271 attamen
1026 1243 1046 1272 6
1062 1239 1262 1281 Pindaricos]
1282 1240 1450 1272 Pindarus
1467 1239 1578 1270 Poeta
1589 1238 1686 1270 Grae-

229 1291 386 1322 Raderus
401 1297 437 1322 et
450 1290 624 1322 Domitius
634 1295 776 1322 censent
788 1300 848 1331 per
863 1291 930 1321 iro·
985 1300 1043 1322 cus
1061 1292 1262 1332 Lyricorum
1290 1291 1450 1332 princeps
1472 1289 1553 1321 satis
1575 1293 1686 1319 notus,

227 1342 317 1373 niam
334 1342 427 1373 illum
445 1342 550 1383 loqui,
573 1351 649 1373 cum
676 1341 859 1373 concludat
876 1341 931 1372 vix
1029 1345 1047 1373 7
1065 1344 1111 1374 Et
1143 1343 1252 1384 Vario]
1284 1344 1395 1376 Quem
1425 1341 1569 1382 Epicum
1585 1338 1687 1370 fuisse

225 1393 370 1425 inveniri
389 1403 488 1434 posse
501 1403 578 1424 eum
594 1394 651 1435 qui
667 1394 802 1434 ingenio
822 1393 933 1424 cedat.
987 1394 1150 1434 colligere
1182 1398 1236 1425 est
1259 1403 1301 1424 ex
1327 1393 1472 1424 Horatio
1502 1402 1527 1424 1.
1559 1391 1628 1423 od.
1650 1394 1682 1422 6.

272 1448 290 1474 5
310 1444 437 1476 Calabri
454 1445 578 1485 Flacci]
599 1445 750 1475 Venusia
759 1444 848 1476 enim
863 1444 933 1475 Ho-
988 1454 1064 1475 cum
1092 1450 1203 1475 tamen
1229 1444 1263 1474 in
1288 1442 1470 1484 Tragoedia
1486 1441 1686 1474 excelluisse

230 1496 307 1526 ratii
324 1496 438 1537 patria
461 1495 540 1528 urbs
563 1500 616 1527 est
639 1496 672 1526 in
695 1495 820 1527 finibus
838 1495 934 1527 Cala·
988 1494 1081 1525 illum
1097 1493 1458 1535 intelligatMax-tialis.
1484 1539 1487 1542 Ι

252 1554 324 1577 rxae.

888 1653 1033 1695 XIX.

835 1745 899 1773 DE
931 1743 1100 1774 crNNA.

348 1812 557 1854 PAUPER
581 1811 721 1853 videri
736 1811 828 1853 vult
850 1811 1019 1862 Cinna3
1052 1815 1098 1852 et
1118 1814 1184 1852 est
1203 1824 1383 1865 pauper.

278 1913 380 1943 Cinna
394 1912 481 1953 cupit
496 1911 598 1943 videri
608 1920 732 1952 egenus,
741 1914 771 1942 et
783 1914 829 1942 est
840 1920 965 1950 egenus.

843 1984 1040 1997 ‘vm‘
1044 1985 1081 1996 oo

276 2030 317 2061 In
327 2030 389 2061 hoc
406 2029 663 2071 Epigrammate
679 2029 760 2060 nihil
780 2029 910 2061 variant
927 2031 1149 2071 exemplaria.

891 2116 922 2147 N
930 2116 1032 2148 OTAE

278 2186 294 2214 1
319 2181 459 2223 Pauper]
483 2181 552 2213 Hic
563 2182 668 2213 Cinna
681 2191 774 2213 suam
785 2182 932 2223 inopiam
989 2183 1034 2213 hil
1046 2192 1130 2223 opus
1146 2192 1217 2213 esse
1229 2182 1453 2222 simulatione,
1467 2191 1541 2212 cum
1556 2190 1592 2212 re
1610 2190 1692 2212 vera

231 2238 409 2264 ostentans
425 2232 564 2263 volebat
578 2231 687 2263 videri
712 2231 847 2264 divitias
867 2232 933 2263 dis·
990 2243 1122 2274 pauper
1134 2234 1190 2265 sit.

232 2285 390 2316 simulare
405 2295 413 2315 t
439 2288 474 2315 at
490 2293 570 2314 vero
586 2283 738 2314 ostendit
753 2283 866 2315 Poeta
882 2284 931 2314 ni—

901 2396 1021 2438 XX‘

815 2490 840 2517 A
854 2489 880 2518 n
914 2489 1103 2519 VARUM.

236 2555 346 2598 CUM
370 2555 513 2597 facias
534 2568 687 2596 versus
709 2555 831 2596 nulla
851 2568 936 2596 non
957 2556 1055 2597 luco
1072 2557 1279 2606 ducenos,

291 2624 426 2674 Vare,
448 2623 555 2665 nihil
574 2623 759 2665 recitas:
790 2636 875 2664 non
897 2624 1039 2677 sapis,
1063 2629 1194 2678 atque
1216 2625 1355 2678 sapis.

277 2727 309 2758 Ο
328 2726 421 2767 Vare,
436 2736 504 2758 cum
519 2725 653 2767 quotidie
668 2725 779 2756 condas
800 2725 932 2756 ducenta
954 2726 1107 2767 carmina,
1121 2727 1200 2758 nihil
1215 2727 1328 2758 recitas
1344 2737 1354 2762 ;
1374 2726 1523 2766 insipiens
1537 2735 1579 2765 es,
1595 2729 1626 2756 et
1648 2734 1696 2754 su·

230 2779 330 2810 paens.

843 2820 1079 2833 eeeeeeeeeeee

278 2880 293 2907 1
321 2876 407 2908 Edd.
425 2880 510 2907 vett.
527 2877 591 2907 luce
617 2877 777 2907 ducentos:
795 2875 904 2908 codex
933 2876 1137 2907 Pulmanni:
1164 2878 1226 2908 luce
1255 2879 1462 2909 ducerws.-—2
1487 2875 1695 2908 Beverlandi

239 2921 305 2951 Ms.
332 2930 393 2951 non
408 2920 502 2960 sapis,
518 2919 611 2950 immo
632 2920 725 2959 sapis.
