1893 3225
559 226 958 255 rzmonAMM.›.'1·u.u
1001 226 1090 255 mu.
1127 227 1175 255 x.
1507 217 1591 256 7-15

139 322 211 360 Sic
233 320 311 361 tibi
333 322 562 362 consoceri
586 323 732 363 claros
751 323 933 362 retinere
958 320 1150 362 Penates

197 388 415 442 Perpetua
437 395 547 430 uatae
566 390 636 430 det
654 389 752 430 face
771 396 898 429 casta
920 388 1099 429 Venus:

138 455 199 496 Ut
220 460 279 506 tu,
301 457 339 496 si
361 458 489 498 viridi
511 458 670 498 tinctos
693 457 885 509 aerugine
908 469 1058 498 versus
1562 471 1590 496 o

195 523 326 564 Forte
347 524 492 565 malus
514 525 629 565 livor
650 524 814 565 dixerit
833 538 933 565 esse
954 538 1091 574 meos,

137 590 196 630 Ut
217 591 343 642 facis,
367 605 393 633 a
413 593 545 633 nobis
567 593 720 646 abigas
738 606 748 634 ε
777 605 858 633 nec
880 593 1070 633 scribere
1094 605 1349 646 quenquam

190 658 324 700 Talia
345 660 586 700 contendas
606 660 815 709 carmina,
840 659 915 713 qui
939 659 1112 712 legitur.

136 726 272 767 Hunc
289 740 465 768 servare
485 728 663 768 modum
682 728 822 768 nostri
843 740 1002 768 novere
1028 727 1182 777 libelli,

196 793 378 834 Parcere
401 796 617 848 personis,
639 795 785 836 dicere
807 795 860 836 de
883 794 1024 836 vitiis.

1533 795 1586 835 10

134 920 232 941 ensem
245 920 255 945 ;
277 911 322 941 sic
335 911 448 950 pudica
469 911 570 942 Venus
585 911 644 942 tibi
658 911 800 943 concedat
817 920 972 943 remanere
987 912 1020 942 in
1035 911 1152 943 oedibus
1163 911 1336 953 magnificis
1350 910 1399 941 tui
1415 911 1513 941 soceri
1522 920 1589 940 cum

129 957 275 992 perpetuo
291 954 486 985 matrimonio
499 955 571 994 ejus
577 955 662 995 filice
672 966 682 985 .·
716 958 750 985 ut
762 957 798 984 tu
812 964 831 984 ιι
848 964 894 985 me
909 955 1045 995 expellas
1058 965 1114 995 pro
1132 958 1184 986 tuo
1198 965 1292 993 more,
1309 955 1337 984 εἰ
1345 953 1433 992 forte
1450 954 1588 994 improba

131 996 249 1026 invidia
269 997 453 1036 proedicurit
477 999 555 1037 quod
581 998 720 1028 carmina
746 997 862 1028 imbuta
887 997 982 1029 viridi
1007 998 1149 1037 aerugine
1174 1001 1244 1028 sunt
1270 1008 1357 1029 mea:
1379 1000 1410 1028 et
1425 998 1590 1028 contendas

129 1040 277 1077 ejusmodi
291 1049 397 1070 versus
420 1050 478 1070 non
493 1041 664 1080 campania
689 1050 838 1080 quoquam
854 1041 905 1080 qui
931 1041 1058 1081 legitur.
1104 1041 1215 1072 Nostri
1242 1041 1315 1072 libri
1339 1040 1442 1071 sciunt
1467 1050 1590 1071 serrare

132 1082 210 1112 Ιιιιησ
225 1083 356 1123 modum,
378 1083 534 1122 ignoscere
546 1083 700 1124 personis,
723 1093 848 1123 carpere
862 1083 953 1115 vitia.

753 1169 869 1180 oooooo

873 1169 969 1181 eeeee

178 1222 307 1254 Numat.
324 1223 388 1255 Ed.
412 1225 494 1255 Par.
522 1227 617 1256 1617.
664 1225 797 1256 Numae.
814 1224 892 1255 Ald.
909 1225 1006 1257 Junt.
1035 1224 1144 1256 Colin.
1181 1224 1274 1256 Quas
1293 1223 1439 1253 rationes
1455 1226 1591 1252 servant

132 1264 173 1295 ad
192 1265 322 1297 initium
337 1267 677 1307 Epigramniatis.—3
704 1270 784 1299 Cum
801 1278 861 1298 soc.
875 1268 954 1298 edd.
971 1272 1056 1298 vett.
1073 1272 1108 1297 et
1127 1267 1297 1298 Farnabii.
1332 1266 1473 1297 Nostras
1490 1265 1591 1296 susti-

132 1313 190 1338 net
218 1315 331 1348 partes
358 1311 435 1342 cod.
453 1311 631 1342 Pulmann.
658 1311 782 1342 Videat
808 1311 936 1342 Lector
962 1311 1045 1342 Not.
1071 1311 1220 1341 Van—6
1242 1310 1354 1340 Lector
1374 1308 1495 1339 disceris
1516 1307 1592 1338 cod.

134 1352 330 1383 Boverl.—-7
357 1352 521 1393 Str-ingere
536 1354 636 1386 codd.
657 1355 834 1386 Pulmann.
857 1359 892 1385 et
908 1354 1046 1385 Beveri.
1086 1352 1293 1385 Consulend.
1312 1352 1435 1383 Heius.
1461 1351 1502 1382 ad
1527 1350 1593 1382 Ov.

133 1394 288 1426 Pont.11.
305 1398 336 1426 7.
355 1399 406 1428 33.

773 1438 934 1478 ,ΝΟΤῘΕ

175 1507 187 1533 1
220 1504 342 1534 Priscis
357 1504 498 1545 Sabinis]
523 1506 589 1539 Qui
610 1515 739 1536 morum
756 1505 834 1537 sim-

131 1554 301 1593 plicitate,
320 1559 355 1585 et
371 1556 472 1586 animi
494 1556 644 1587 candore
662 1555 834 1586 excellue-

133 1610 223 1635 runt.

175 1660 194 1687 2
220 1657 399 1697 Cecropium
414 1656 531 1696 senem]
557 1656 623 1688 Alii
645 1657 834 1696 Socratem,

132 1708 187 1737 alii
207 1708 389 1747 Epicurum
408 1708 616 1749 intelligunt.

174 1761 192 1789 3
219 1759 347 1789 Consoc.
372 1759 469 1799 [Cum
484 1759 598 1799 soceri]
623 1760 758 1800 Legunt
775 1759 831 1790 alii

130 1818 247 1840 consec.
294 1809 350 1839 Ita
377 1810 531 1850 explicat
559 1809 737 1840 Raderus:
775 1810 832 1841 Sic

131 1858 194 1890 tibi
210 1859 270 1890 det
297 1864 394 1891 casta
414 1860 533 1891 Venus
562 1866 728 1901 perpetua
755 1859 831 1892 face

131 1915 236 1950 natae,
251 1911 430 1942 consoceri
457 1912 564 1942 claros
588 1912 738 1943 Penates
756 1912 835 1944 reti-

131 1971 232 1992 nere:
259 1961 321 1993 hoc
336 1966 400 2001 est,
416 1962 531 1993 Venus
547 1962 608 1993 tibi
626 1963 834 1994 connubium

131 2018 221 2043 natae
236 2018 315 2053 tuae,
331 2023 404 2044 cum
419 2014 594 2044 consoceri
614 2013 684 2045 filio
701 2014 835 2054 initum,

132 2064 165 2094 in
183 2063 312 2094 aedibus
337 2064 454 2105 generi
479 2069 515 2095 et
541 2064 650 2095 soceri
667 2069 833 2095 aeternum

129 2113 256 2151 firmet,
273 2114 322 2145 uti
338 2114 524 2146 concordes
538 2124 653 2155 gener,
665 2119 700 2145 et
716 2124 834 2153 nurus,

888 1506 922 1536 in
940 1504 1192 1537 matrimonium
1213 1504 1321 1535 dedit.
1364 1502 1506 1535 JudIcet
1523 1503 1592 1534 lec-

888 1563 952 1590 tor.

931 1612 951 1639 4
976 1609 1130 1647 Perpetua
1148 1605 1246 1644 natoe]
1272 1605 1406 1644 Nempe
1423 1608 1491 1635 tuae
1508 1613 1591 1634 uxo—

889 1659 954 1691 ris:
981 1659 1042 1689 hoc
1059 1663 1123 1696 est,
1139 1658 1250 1688 Tuum
1262 1656 1512 1686 matrimonium
1526 1664 1591 1685 non

890 1710 1053 1747 solvatur,
1081 1713 1117 1739 at
1148 1716 1284 1746 semper
1311 1706 1403 1736 vivas
1426 1715 1501 1736 cum
1531 1710 1591 1736 tua

887 1769 992 1791 uxore
1005 1760 1040 1789 in
1059 1757 1188 1789 aecssbus
1205 1757 1255 1787 tui
1272 1756 1392 1787 soceri.

931 1815 948 1841 5
974 1810 1101 1840 Tinctos
1113 1807 1268 1848 oerugirze]
1286 1808 1371 1839 Qnae
1386 1806 1507 1846 rubigo
1522 1812 1591 1837 est:

889 1860 947 1892 sed
981 1861 1034 1891 hic
1072 1859 1216 1890 sumitur
1246 1867 1308 1897 pro
1338 1856 1591 1895 maledicentia,

889 1920 988 1951 quam
1008 1915 1118 1941 atrum
1146 1917 1311 1939 venenum
1337 1907 1425 1938 dixit
1453 1906 1509 1937 lib.
1527 1916 1592 1939 vn.

891 1961 991 2001 Epig.
1009 1964 1064 1992 72.
1088 1960 1178 1991 Vide
1204 1959 1308 1990 etiam
1324 1957 1384 1989 lib.
1407 1967 1473 1988 vu.
1490 1958 1591 1998 Epig.

892 2015 945 2043 12.

932 2064 972 2092 10
996 2061 1134 2092 Parcere
1150 2059 1303 2100 personis]
1320 2059 1347 2090 A
1362 2060 1449 2090 veris
1461 2060 1591 2091 scilicet

890 2122 1108 2153 personarum
1141 2110 1331 2141 nominibus
1359 2110 1529 2142 abstinere
1556 2120 1592 2140 se

131 2166 373 2206 consocerique
387 2166 487 2196 simul
504 2166 637 2196 vivatis.
662 2166 834 2197 Consocer
884 2165 956 2206 jam
969 2163 1056 2194 dixit
1073 2162 1227 2203 Epistola
1241 2161 1320 2192 libri
1338 2170 1361 2192 1.

130 2221 183 2246 est
200 2226 340 2257 quorum
368 2217 456 2247 alter
471 2215 576 2249 filiuni
594 2217 732 2248 alterius
753 2216 831 2248 filiae

738 2349 992 2392 XXXIV.

516 2442 581 2471 Ao
616 2441 862 2471 cAESAREM
898 2439 1094 2469 TRAJAN
1108 2440 1131 2468 υ
1145 2439 1193 2466 M.

137 2508 190 2547 Di
221 2509 300 2548 tibi
325 2509 426 2550 dent
447 2509 676 2563 quicquid,
701 2509 905 2562 princeps
927 2507 1133 2561 Trajane,
1156 2506 1350 2555 mereris,

194 2576 249 2616 Et
266 2582 361 2617 rata
381 2582 609 2630 perpetuo,
632 2591 733 2631 quae
755 2577 964 2626 tribuere,
985 2576 1143 2617 velint:

178 2688 208 2718 (⁷)
227 2690 367 2728 princeps
385 2688 526 2727 Trojano,
550 2689 609 2720 Dii
625 2689 683 2720 tibi
698 2690 866 2720 concedant
882 2687 1026 2728 quicquid
1042 2686 1180 2724 mereris,
1205 2688 1234 2715 et
1248 2685 1343 2715 velint
1366 2692 1484 2724 semper
1490 2683 1590 2725 firma

742 2763 856 2774 eeeeee

860 2761 976 2773 eeeeee

179 2808 333 2837 Coesurem
351 2806 509 2837 omittunt
534 2806 610 2837 edd.
638 2812 722 2838 vett.
746 2812 780 2837 et
809 2807 936 2847 Dclph.
984 2807 1061 2836 Coes.
1087 2804 1164 2835 cdd.
1187 2802 1361 2834 Schrevel.
1382 2801 1528 2832 Farnab.
1556 2805 1591 2831 et
