1960 3230
657 240 1060 269 EPIcRAMMA'rUM
1103 240 1194 268 ΜΒ.
1230 240 1315 269 v11.
1631 230 1714 271 503

483 337 599 377 lntcr
619 337 812 377 carmina
833 337 1054 377 sanctiora
1075 337 1112 376 si
1134 336 1233 389 quis

482 404 684 445 Lascivae
706 404 833 444 fuerit
853 404 977 444 locus
993 403 1178 452 Thalia»,

485 471 588 512 Hos
607 470 710 511 nido
727 471 835 512 licet
854 472 1020 512 inseras
1042 471 1112 511 vel
1134 472 1238 520 imo,
1686 473 1715 512 5

485 539 666 593 Septem
689 552 801 592 quos
821 539 900 579 tibi
922 539 1134 580 mittimus
1154 538 1344 588 libellos,

480 607 688 648 Auctoris
711 607 883 648 calamo
906 606 974 647 sui
995 611 1199 648 notatos:

482 675 528 715 H
534 688 599 716 aec
620 675 707 715 illis
728 676 915 728 pretium
936 674 1045 714 facit
1062 674 1207 715 litura.

480 742 544 783 At
565 749 613 783 tu
630 756 807 783 munere
824 742 1036 788 dedicata,
1048 755 1201 795 parvo,

482 811 599 862 Quae
621 811 873 852 cantaberis
894 811 997 850 orbe
1017 815 1125 850 nota
1146 814 1261 851 toto:
1664 811 1712 851 10

485 879 654 932 Pignus
673 879 866 934 pectoris
887 879 969 919 hoc
989 879 1075 918 mei
1092 884 1230 928 tuere,

479 947 509 988 J
513 947 575 988 uli
595 946 870 988 bibliotheca
891 946 1124 988 Martialis.

252 1054 296 1084 rit
320 1054 400 1084 locus
420 1053 536 1092 jocosoe
554 1052 677 1084 Thczlioe
697 1052 781 1084 inter
796 1061 901 1083 versus
914 1051 1095 1091 sanctiores,
1109 1051 1236 1082 colloces
1251 1051 1323 1083 licet
1343 1052 1390 1082 vel
1404 1051 1521 1093 infimis
1526 1052 1644 1089 forulis
1659 1053 1712 1084 hos

250 1100 366 1137 septem
380 1096 487 1133 libros,
500 1106 573 1136 quos
583 1097 623 1126 ad
644 1099 674 1126 te
689 1096 829 1126 misimus
844 1096 1020 1125 emendatos
1034 1095 1151 1124 calamo
1166 1095 1216 1125 sai
1231 1094 1385 1126 auctoris:
1410 1095 1475 1125 haec
1487 1095 1585 1126 litura
1600 1097 1711 1127 consti-

250 1140 314 1170 tuit
327 1140 389 1170 illis
397 1140 544 1179 pretium.
589 1139 651 1170 Sed
667 1143 715 1176 tu,
727 1149 746 1169 o
762 1138 946 1168 bibliotheca
960 1137 1042 1168 Julii
1062 1137 1238 1176 Martialis,
1253 1139 1367 1169 donata
1378 1148 1474 1178 parvo
1496 1148 1632 1179 munere,
1644 1150 1712 1180 quoe

250 1183 377 1222 cognita
392 1182 590 1214 celebraberis
603 1185 666 1213 toto
678 1181 761 1222 orbe,
773 1191 862 1212 serva
876 1181 932 1211 hoc
944 1180 1063 1221 pignus
1078 1180 1138 1211 mei
1149 1180 1274 1212 amoris.

860 1254 1099 1266 eeeeeeeeeeee

294 1302 310 1329 1
338 1299 437 1330 Rudis
458 1299 639 1331 bibliotheca
654 1300 688 1332 in
705 1300 824 1331 codice
839 1300 1086 1331 Vaticano.—5
1111 1299 1182 1329 Hos
1198 1300 1285 1329 modo
1306 1299 1378 1330 licet
1391 1298 1425 1330 in
1438 1298 1572 1331 eodem.
1594 1300 1714 1332 inseras

249 1343 369 1373 relano
385 1342 494 1374 codex
512 1343 649 1385 quidam
675 1353 730 1384 ap.
749 1342 1081 1374 Beverlandum.—-8
1104 1341 1176 1373 Hoc
1200 1342 1264 1373 illis
1284 1343 1419 1382 pretium
1447 1342 1548 1374 codd.
1575 1343 1653 1375 Vat.
1680 1351 1713 1375 et

246 1386 398 1419 Florent.

907 1428 1047 1460 NOTAE

294 1496 309 1523 1
338 1493 435 1524 Ruris
453 1493 651 1535 bibliotheca]
675 1494 751 1526 Hoc
767 1504 822 1526 rus
849 1495 950 1535 longo
1007 1494 1051 1524 sis
1082 1494 1166 1525 meis
1201 1493 1416 1525 carminibus.
1452 1494 1541 1525 Vide
1570 1494 1629 1526 lib.
1660 1504 1709 1526 iv.

249 1544 397 1577 Janiculi
413 1545 501 1575 collo
519 1545 753 1585 recumbebat,
765 1554 803 1576 ut
820 1545 949 1576 dictum
1006 1545 1108 1585 Epig.
1127 1547 1157 1575 S.

249 1601 302 1627 est
318 1596 377 1628 lib.
393 1605 442 1627 1v.
461 1597 561 1636 Epig.
577 1598 630 1627 64.
1046 1599 1064 1625 5
1092 1594 1176 1625 Nido
1200 1594 1248 1625 vel
1265 1595 1342 1635 imo]
1369 1595 1446 1627 Hoc
1463 1600 1526 1636 est,
1538 1597 1592 1628 vel
1609 1597 1643 1628 in
1662 1598 1709 1628 ul-

292 1649 310 1677 4
333 1646 474 1677 Lascivae
499 1646 630 1686 Thaliae]
656 1646 732 1677 Hoc
763 1651 828 1686 est,
854 1647 949 1687 joco-
1005 1647 1088 1678 timo
1099 1647 1218 1679 ordine
1232 1648 1381 1679 colloces
1395 1648 1507 1680 velim.

879 1792 1075 1835 XVIII.

821 1885 871 1914 lN
907 1884 1131 1914 GALLAM.

252 1958 319 2000 Cu
331 1971 360 1998 M
387 1960 468 2000 tibi
490 1960 547 2000 sit
565 1959 720 2009 facies,
743 1959 796 2000 de
817 1973 904 2014 qua
925 1973 1003 2001 nec
1025 1960 1208 2002 foemina
1228 1962 1370 2014 possit

311 2027 496 2079 Dicere3
528 2041 627 2069 cum
648 2041 808 2082 corpus
828 2029 948 2069 nulla
965 2029 1100 2070 litura.
1120 2034 1267 2071 notet:

249 2096 338 2137 Cur
359 2101 403 2137 te
425 2100 515 2137 tam
536 2109 658 2137 rarus
680 2098 846 2151 cupiat,
868 2101 1126 2151 repetatque
1148 2097 1332 2147 fututor,

306 2164 484 2204 Miraris
498 2164 521 2204 ‘t
551 2164 708 2205 vitium
731 2170 803 2206 est
819 2178 907 2205 non
923 2156 1038 2214 leve,
1059 2165 1208 2216 Galla,
1229 2167 1325 2208 tibi.

246 2230 436 2274 Accessi
459 2232 632 2286 quoties
655 2231 712 2273 ad
734 2245 863 2286 opuS‚
881 2233 1125 2287 mixtisque
1146 2247 1369 2276 movemur
1680 2237 1708 2276 5

302 2300 587 2354 Inguinibus:
619 2314 786 2342 cunnus
806 2314 891 2342 non
914 2306 1046 2352 tacet,
1066 2302 1167 2356 ipsa
1187 2305 1324 2343 taces.

245 2368 310 2409 Di
327 2368 526 2409 facerent
546 2372 592 2409 ut
611 2372 658 2409 tu
676 2368 931 2422 loquereris,
953 2373 995 2410 et
1010 2370 1111 2423 ipse
1132 2373 1318 2412 taceret:

302 2436 515 2478 Offendor
536 2437 668 2478 cunni
691 2437 939 2489 garrulitate
961 2438 1040 2478 tui.

855 2534 1095 2548 mutuose

286 2581 304 2608 7
330 2578 513 2610 Pulmanni
528 2578 653 2610 codex:
679 2582 707 2610 et
725 2579 777 2610 ille
798 2582 927 2611 taceret.

905 2655 1044 2687 NOTAE

289 2722 304 2750 l
332 2719 381 2749 De
392 2729 452 2759 qua
462 2718 531 2758 nec]
545 2719 586 2750 Id
602 2724 666 2759 est,
678 2728 741 2751 nec
756 2720 822 2751 ulla
838 2719 946 2751 foemi-
1042 2726 1062 2754 2
1088 2723 1186 2754 Nulla
1201 2722 1315 2763 litura]
1341 2723 1416 2754 Nec
1432 2733 1517 2764 opus
1534 2729 1587 2755 est
1603 2728 1641 2755 ut
1656 2726 1702 2756 Ιο-

242 2779 284 2801 na
303 2774 415 2810 potest
434 2767 685 2802 deformitatem
703 2775 821 2802 notare
836 2771 868 2802 in
886 2776 945 2802 tuo
1000 2777 1114 2803 mento
1131 2782 1233 2813 rugas
1249 2774 1336 2804 uteri
1355 2774 1495 2813 condas,
1512 2785 1585 2815 qnae
1601 2776 1700 2806 nullae

243 2829 399 2861 corpore.
1001 2828 1090 2855 sunt.
1130 2823 1217 2854 Vide
1234 2823 1292 2855 lib.
1311 2833 1366 2855 111.
1382 2825 1479 2865 Epig.
1498 2827 1549 2856 42.
