1893 3225
527 268 935 300 EPIGRAMMATUM
972 268 1071 299 mn.
1106 269 1178 299 lx.
1486 260 1573 300 675

773 363 914 396 NOTAE
938 389 942 392 .

108 433 151 463 lia
174 431 330 463 formosis
360 431 410 463 his
436 431 574 473 pueris:
606 435 644 462 tu
672 439 765 469 vero,
793 440 813 461 o
867 430 978 462 ratius
994 430 1090 462 lib.1.
1111 430 1184 462 Sat.
1199 433 1250 461 10.
1266 429 1440 471 ‘Dumque
1454 428 1575 460 Diffin-

108 484 236 522 Gaiae,
249 493 387 524 magnos
404 482 507 514 libros
521 481 696 522 componis
722 481 813 512 simi·
869 480 921 521 git
947 480 1061 512 Rheni
1099 481 1226 512 luteum
1251 479 1381 520 caput,'
1411 482 1476 511 &c.
1522 481 1573 510 Ex

105 535 154 564 les
169 534 363 574 gigantibus
378 533 636 575 luteis,quicit0
648 538 811 573 pereunt:
869 541 936 572 quo
951 531 1028 562 loco
1050 531 1271 572 Epigramma
1295 530 1359 562 hoc
1384 529 1577 562 desumtum

108 595 250 624 magnus
269 586 359 616 enim
383 585 470 615 liber
487 593 645 624 magnum
677 583 813 615 malum.
871 583 1043 615 existimat
1062 583 1228 615 Heinsius
1244 583 1277 613 in
1294 582 1490 614 Horatium.

108 636 198 667 Vide
212 637 427 677 Epigramma
444 636 596 666 ultimum
614 634 674 666 lib.
691 643 729 673 1„
743 634 813 665 Ho-

543 808 605 838 DE
638 808 838 838 LUCANO
872 807 932 837 ΕΤ
965 808 1146 838 TULLO.

115 880 262 929 Quon
284 891 457 932 semper
479 878 675 931 Superos
696 878 837 919 invito
856 877 984 918 fratre
1003 878 1183 930 rogasti,

171 946 289 995 Hoc,
310 946 504 995 Lucane,
525 947 605 987 tibi
625 946 818 999 contigit,
840 950 940 986 ante
962 946 1087 987 mori.

114 1015 291 1055 Invidet
310 1014 384 1055 ille
407 1015 513 1056 tibi:
547 1015 728 1068 Stygias
748 1027 848 1055 nam
868 1014 1023 1055 Tullus
1044 1015 1102 1056 ad
1123 1014 1269 1055 undas

171 1083 386 1137 optabat,
412 1085 616 1136 quamvis
639 1084 699 1123 sit
718 1083 872 1133 minor,
894 1083 957 1123 ire
979 1083 1113 1136 prior.

113 1151 182 1192 Tu
205 1152 317 1192 colis
340 1151 538 1204 Elysios,
561 1151 840 1203 nemorisque
860 1146 1082 1191 habitator
1101 1150 1269 1191 amoeni
1558 1153 1585 1191 3

174 1220 282 1260 Esse
302 1225 376 1260 tuo
397 1219 583 1273 primum
607 1231 722 1259 nunc
745 1219 839 1258 sine
861 1217 991 1258 fratre
1011 1218 1157 1272 cupis.

119 1288 177 1329 Et
195 1288 234 1328 si
249 1287 344 1341 jam
363 1287 514 1328 nitidis
537 1287 733 1327 alternus
754 1286 872 1326 venit
891 1287 947 1326 ab
970 1287 1128 1336 astris3

176 1357 264 1397 Pro
287 1356 472 1397 Polluce
491 1368 642 1396 mones
664 1354 868 1405 Castora,
892 1368 944 1395 ne
965 1355 1128 1396 redeat.

161 1455 191 1486 0
210 1456 347 1494 Lucane,
371 1456 448 1495 quod
472 1465 592 1495 semper
607 1465 625 1485 α
643 1455 718 1486 Diis
732 1455 867 1495 petiisti,
887 1455 1011 1486 nolente
1029 1455 1149 1494 fratre⁷
1172 1457 1227 1486 hoc
1244 1456 1434 1496 impetrasti,
1457 1456 1585 1486 interire

113 1500 214 1539 prius.
259 1500 318 1530 Ille
332 1499 451 1529 invidet
467 1498 547 1529 tz'bz‘:
573 1499 679 1529 Tullus
694 1498 790 1536 enim,
813 1498 884 1528 licet
905 1499 947 1528 sit
955 1498 1080 1537 junior,
1102 1499 1243 1539 cupiebat
1255 1500 1343 1539 prior
1361 1503 1468 1538 petere
1492 1500 1589 1529 mulus

118 1541 258 1582 Stygias.
305 1542 351 1572 Τιι
365 1542 488 1571 liabitas
508 1541 643 1581 Elysios,
660 1544 688 1572 et
701 1551 781 1572 nunc
794 1542 927 1580 primum
945 1543 1065 1580 gaudes
1078 1552 1142 1572 esse
1159 1542 1256 1572 incola
1271 1542 1438 1581 voluptarii
1454 1542 1586 1572 nemoris

118 1585 184 1615 sine
203 1589 254 1615 tuo
263 1584 383 1622 fratre.
431 1584 515 1614 Etsi
529 1585 598 1621 jam
615 1584 680 1614 vice
694 1594 750 1614 sua
768 1584 854 1614 venit
869 1584 907 1614 ab
933 1584 1031 1614 astris
1056 1585 1241 1625 splendidis,
1263 1594 1367 1615 mones
1398 1585 1529 1615 Castor-11
1551 1596 1585 1615 nv

124 1630 302 1658 revertatur
315 1636 371 1667 pro
386 1627 526 1658 Polluce.

738 1677 974 1689 eeeeeeeeeeee

165 1727 182 1753 3
203 1724 296 1754 Modo
311 1727 433 1763 raptus,
448 1733 511 1764 pro
534 1733 605 1753 nam
623 1723 728 1754 Tullus
745 1723 901 1754 Pulman.
928 1724 1066 1763 Cetera,
1089 1732 1154 1754 nec
1178 1723 1399 1762 membranae,
1430 1734 1491 1755 nec
1514 1724 1588 1755 libri

123 1767 212 1807 typis
226 1767 392 1807 impressi,
409 1766 579 1797 minimam
596 1767 797 1797 varietatem
816 1767 974 1807 produnt.

781 1842 922 1874 NOTAE

165 1909 185 1937 2
209 1904 347 1945 Lucane]
372 1906 427 1936 De
443 1905 493 1935 his
511 1905 642 1936 (luobus
666 1904 829 1938 fratribus
888 1907 980 1937 vivos
1004 1911 1166 1937 maneat:
1184 1907 1257 1946 jam
1285 1907 1373 1937 enim
1399 1907 1519 1937 Pollux
1538 1918 1594 1937 ex-

125 1958 251 1989 dictum
266 1962 316 1988 est
332 1957 390 1988 lib.
408 1966 432 1988 1.
451 1957 550 1996 Epig.
579 1959 630 1987 33⁷.
648 1957 703 1988 ubi
719 1956 831 1988 Po'eta
886 1958 1000 1998 emplo
1018 1963 1076 1988 tuo
1089 1962 1202 1988 motus
1231 1957 1273 1987 ad
1304 1967 1446 1997 superos
1470 1959 1596 1988 reverti

118 2009 275 2048 jamillos
293 2007 425 2038 Castori
440 2012 474 2038 et
490 2007 623 2038 Polluci
637 2007 830 2039 alternatim
885 2018 952 2039 non
970 2009 1054 2047 vult,
1078 2007 1165 2038 sicut
1177 2013 1213 2039 et
1236 2013 1273 2038 tu
1297 2014 1410 2048 optas,
1427 2013 1465 2039 ut
1479 2009 1595 2039 'sullus

125 2059 320 2091 viventibus
337 2059 557 2099 compara-vit.
886 2064 1057 2100 perpetua
1067 2059 1143 2089 luce
1159 2058 1302 2090 fruatur.

168 2114 187 2141 8
213 2111 321 2142 Mones
345 2110 492 2150 Castora]
518 2110 566 2141 Ut
590 2110 724 2141 scilicet
742 2109 831 2141 inter

572 2316 638 2344 AD
673 2314 908 2353 QU1N'1'UM
943 2312 1174 2343 OVIDIUM.

243 2385 293 2424 S1
317 2384 460 2426 credis
481 2384 602 2432 mihi,
625 2383 804 2433 Quinte,
824 2381 962 2436 (quod
983 2377 1180 2433 mereris)

245 2452 451 2502 Natales,
475 2451 625 2500 Ovidi,
648 2457 746 2492 tuos
766 2450 963 2504 Apriles,

176 2560 206 2590 0
227 2561 342 2596 Quinte
369 2562 476 2601 Ouidi,
497 2562 525 2592 sz'
542 2562 618 2593 mihi·
633 2561 759 2593 adhibes
775 2561 887 2603 fidem,
909 2560 1008 2599 diligo
1031 2559 1193 2590 natalitias
1210 2562 1280 2589 tuas
1304 2558 1463 2589 Kalendas
1478 2558 1603 2597 Apriles

748 2632 987 2645 “masevo“

182 2681 258 2712 Hoc
270 2682 476 2721 epigramma
493 2681 524 2711 in
539 2680 706 2711 nonnullis
724 2679 924 2711 inscribitur
935 2679 987 2710 Ad
1003 2678 1154 2714 Quintum
1167 2688 1177 2708 .·
1194 2681 1231 2708 ut
1245 2677 1277 2708 in
1295 2676 1371 2708 Ald.
1385 2676 1482 2709 Jnnt.
1497 2676 1606 2707 Colin.

140 2724 265 2765 Delpli.
281 2726 405 2755 δία-1
427 2724 476 2754 Ne
492 2723 620 2754 moreris
633 2724 791 2754 Pulman.

800 2775 945 2807 NOTAE

181 2834 200 2861 2
227 2830 306 2861 Tuos
321 2829 461 2871 Apriles]
487 2830 541 2860 De
555 2829 684 2862 Quinto
697 2834 822 2869 actum,
844 2830 902 2861 lib.
920 2837 987 2861 vn.
1005 2829 1105 2870 Epig.
1122 2831 1175 2858 93.
