<?xml version="1.0" encoding="UTF-8"?>
<!DOCTYPE html PUBLIC "-//W3C//DTD XHTML 1.0 Transitional//EN"
    "http://www.w3.org/TR/xhtml1/DTD/xhtml1-transitional.dtd">
<html xmlns="http://www.w3.org/1999/xhtml" xml:lang="en" lang="en">
 <head>
  <title>
</title>
<meta http-equiv="Content-Type" content="text/html;charset=utf-8" />
  <meta name='ocr-system' content='tesseract 3.04.00' />
  <meta name='ocr-capabilities' content='ocr_page ocr_carea ocr_par ocr_line ocrx_word'/>
</head>
<body>
  <div class='ocr_page' id='page_1' title='image "./epigrammataexedi02martuoft_0331.png"; bbox 0 0 1893 3225; ppageno 0'>
   <div class='ocr_carea' id='block_1_1' title="bbox 0 1303 11 2288">
    <p class='ocr_par' dir='ltr' id='par_1_1' title="bbox 0 1303 11 2288">
     <span class='ocr_line' id='line_1_1' title="bbox 0 1303 11 2288; baseline 0 0"><span class='ocrx_word' id='word_1_1' title='bbox 0 1303 11 2288; x_wconf 95' lang='lat' dir='ltr'><strong> </strong></span> 
     </span>
    </p>
   </div>
   <div class='ocr_carea' id='block_1_2' title="bbox 2 1303 6 2321">
    <p class='ocr_par' dir='ltr' id='par_1_2' title="bbox 2 1303 6 2321">
     <span class='ocr_line' id='line_1_2' title="bbox 2 1303 6 2321; baseline 0 0"><span class='ocrx_word' id='word_1_2' title='bbox 2 1303 6 2321; x_wconf 95' lang='lat' dir='ltr'><strong> </strong></span> 
     </span>
    </p>
   </div>
   <div class='ocr_carea' id='block_1_3' title="bbox 2 1303 6 2321">
    <p class='ocr_par' dir='ltr' id='par_1_3' title="bbox 2 1303 6 2321">
     <span class='ocr_line' id='line_1_3' title="bbox 2 1303 6 2321; baseline 0 0"><span class='ocrx_word' id='word_1_3' title='bbox 2 1303 6 2321; x_wconf 95' lang='lat' dir='ltr'><strong> </strong></span> 
     </span>
    </p>
   </div>
   <div class='ocr_carea' id='block_1_4' title="bbox 2 1303 6 2321">
    <p class='ocr_par' dir='ltr' id='par_1_4' title="bbox 2 1303 6 2321">
     <span class='ocr_line' id='line_1_4' title="bbox 2 1303 6 2321; baseline 0 0"><span class='ocrx_word' id='word_1_4' title='bbox 2 1303 6 2321; x_wconf 95' lang='lat' dir='ltr'><strong> </strong></span> 
     </span>
    </p>
   </div>
   <div class='ocr_carea' id='block_1_5' title="bbox 3 1303 7 2321">
    <p class='ocr_par' dir='ltr' id='par_1_5' title="bbox 3 1303 7 2321">
     <span class='ocr_line' id='line_1_5' title="bbox 3 1303 7 2321; baseline 0 0"><span class='ocrx_word' id='word_1_5' title='bbox 3 1303 7 2321; x_wconf 95' lang='lat' dir='ltr'><strong> </strong></span> 
     </span>
    </p>
   </div>
   <div class='ocr_carea' id='block_1_6' title="bbox 4 1303 8 2321">
    <p class='ocr_par' dir='ltr' id='par_1_6' title="bbox 4 1303 8 2321">
     <span class='ocr_line' id='line_1_6' title="bbox 4 1303 8 2321; baseline 0 0"><span class='ocrx_word' id='word_1_6' title='bbox 4 1303 8 2321; x_wconf 95' lang='lat' dir='ltr'><strong> </strong></span> 
     </span>
    </p>
   </div>
   <div class='ocr_carea' id='block_1_7' title="bbox 0 1303 15 2418">
    <p class='ocr_par' dir='ltr' id='par_1_7' title="bbox 0 1303 15 2418">
     <span class='ocr_line' id='line_1_7' title="bbox 0 1303 15 2418; baseline 0 0"><span class='ocrx_word' id='word_1_7' title='bbox 0 1303 15 2418; x_wconf 95' lang='lat' dir='ltr'><strong> </strong></span> 
     </span>
    </p>
   </div>
   <div class='ocr_carea' id='block_1_8' title="bbox 0 2283 24 3225">
    <p class='ocr_par' dir='ltr' id='par_1_8' title="bbox 0 2283 24 3225">
     <span class='ocr_line' id='line_1_8' title="bbox 0 2283 24 3225; baseline 0 0"><span class='ocrx_word' id='word_1_8' title='bbox 0 2283 24 3225; x_wconf 95' lang='lat' dir='ltr'><strong> </strong></span> 
     </span>
    </p>
   </div>
   <div class='ocr_carea' id='block_1_9' title="bbox 522 262 1564 302">
    <p class='ocr_par' dir='ltr' id='par_1_9' title="bbox 522 262 1564 302">
     <span class='ocr_line' id='line_1_9' title="bbox 522 262 1564 302; baseline 0.005 -5"><span class='ocrx_word' id='word_1_9' title='bbox 522 266 922 297; x_wconf 71' lang='lat' dir='ltr'><strong>EPIGRAMMATUM</strong></span> <span class='ocrx_word' id='word_1_10' title='bbox 959 269 1052 300; x_wconf 75' lang='lat' dir='ltr'><strong>Lm.</strong></span> <span class='ocrx_word' id='word_1_11' title='bbox 1088 266 1157 297; x_wconf 80' lang='lat' dir='ltr'><strong>XI.</strong></span> <span class='ocrx_word' id='word_1_12' title='bbox 1480 262 1564 302; x_wconf 59' lang='lat'><strong>319</strong></span> 
     </span>
    </p>
   </div>
   <div class='ocr_carea' id='block_1_10' title="bbox 228 363 1564 1096">
    <p class='ocr_par' dir='ltr' id='par_1_10' title="bbox 228 363 1561 487">
     <span class='ocr_line' id='line_1_10' title="bbox 229 363 1561 415; baseline 0.002 -11"><span class='ocrx_word' id='word_1_13' title='bbox 229 363 332 405; x_wconf 84' lang='lat' dir='ltr'><strong>Hoc</strong></span> <span class='ocrx_word' id='word_1_14' title='bbox 356 364 560 405; x_wconf 82' lang='lat' dir='ltr'><strong>damnum</strong></span> <span class='ocrx_word' id='word_1_15' title='bbox 581 365 657 405; x_wconf 83' lang='lat' dir='ltr'><strong>tibi</strong></span> <span class='ocrx_word' id='word_1_16' title='bbox 679 377 763 404; x_wconf 87' lang='lat' dir='ltr'><strong>non</strong></span> <span class='ocrx_word' id='word_1_17' title='bbox 784 364 958 405; x_wconf 82' lang='lat' dir='ltr'><strong>videtur</strong></span> <span class='ocrx_word' id='word_1_18' title='bbox 979 379 1093 415; x_wconf 80' lang='lat' dir='ltr'><strong>esse,</strong></span> <span class='ocrx_word' id='word_1_19' title='bbox 1534 369 1561 407; x_wconf 79' lang='lat'><strong>5</strong></span> 
     </span>
     <span class='ocr_line' id='line_1_11' title="bbox 228 431 1125 487; baseline 0.001 -15"><span class='ocrx_word' id='word_1_20' title='bbox 228 432 276 472; x_wconf 81' lang='lat' dir='ltr'><strong>Si</strong></span> <span class='ocrx_word' id='word_1_21' title='bbox 300 432 416 486; x_wconf 88' lang='lat' dir='ltr'><strong>quod</strong></span> <span class='ocrx_word' id='word_1_22' title='bbox 439 431 584 472; x_wconf 79' lang='lat' dir='ltr'>Roma</span> <span class='ocrx_word' id='word_1_23' title='bbox 604 431 724 484; x_wconf 81' lang='lat' dir='ltr'><strong>legit,</strong></span> <span class='ocrx_word' id='word_1_24' title='bbox 746 433 931 484; x_wconf 84' lang='lat' dir='ltr'><strong>requirit</strong></span> <span class='ocrx_word' id='word_1_25' title='bbox 950 432 1125 487; x_wconf 75' lang='lat' dir='ltr'><strong>hospes,</strong></span> 
     </span>
    </p>

    <p class='ocr_par' dir='ltr' id='par_1_11' title="bbox 232 499 1040 553">
     <span class='ocr_line' id='line_1_12' title="bbox 232 499 1040 553; baseline 0.002 -14"><span class='ocrx_word' id='word_1_26' title='bbox 232 499 332 540; x_wconf 89' lang='lat' dir='ltr'><strong>Non</strong></span> <span class='ocrx_word' id='word_1_27' title='bbox 352 499 519 541; x_wconf 81' lang='lat' dir='ltr'><strong>deridet</strong></span> <span class='ocrx_word' id='word_1_28' title='bbox 540 512 691 553; x_wconf 83' lang='lat' dir='ltr'>eques,</span> <span class='ocrx_word' id='word_1_29' title='bbox 714 504 828 540; x_wconf 85' lang='lat' dir='ltr'><strong>tenet</strong></span> <span class='ocrx_word' id='word_1_30' title='bbox 848 504 1040 550; x_wconf 83' lang='lat' dir='ltr'><strong>senator,</strong></span> 
     </span>
    </p>

    <p class='ocr_par' dir='ltr' id='par_1_12' title="bbox 230 568 1031 622">
     <span class='ocr_line' id='line_1_13' title="bbox 230 568 1031 622; baseline -0.001 -14"><span class='ocrx_word' id='word_1_31' title='bbox 230 568 407 609; x_wconf 78' lang='lat' dir='ltr'><strong>Laudat</strong></span> <span class='ocrx_word' id='word_1_32' title='bbox 429 568 694 618; x_wconf 83' lang='lat' dir='ltr'>causidicus,</span> <span class='ocrx_word' id='word_1_33' title='bbox 716 568 853 622; x_wconf 69' lang='lat' dir='ltr'><strong>poeta</strong></span> <span class='ocrx_word' id='word_1_34' title='bbox 875 569 1031 622; x_wconf 71' lang='lat' dir='ltr'><strong>carpit,</strong></span> 
     </span>
    </p>

    <p class='ocr_par' dir='ltr' id='par_1_13' title="bbox 232 635 1288 690">
     <span class='ocr_line' id='line_1_14' title="bbox 232 635 1288 690; baseline 0 -15"><span class='ocrx_word' id='word_1_35' title='bbox 232 636 417 689; x_wconf 84' lang='lat' dir='ltr'>Propter</span> <span class='ocrx_word' id='word_1_36' title='bbox 437 641 478 677; x_wconf 88' lang='lat' dir='ltr'><strong>te</strong></span> <span class='ocrx_word' id='word_1_37' title='bbox 501 637 612 690; x_wconf 86' lang='lat' dir='ltr'><strong>perit</strong></span> <span class='ocrx_word' id='word_1_38' title='bbox 635 637 653 676; x_wconf 71' lang='lat'><strong>&#39;2</strong></span> <span class='ocrx_word' id='word_1_39' title='bbox 685 636 782 685; x_wconf 85' lang='lat' dir='ltr'><strong>hoc,</strong></span> <span class='ocrx_word' id='word_1_40' title='bbox 805 635 1000 686; x_wconf 82' lang='lat' dir='ltr'>Labulle,</span> <span class='ocrx_word' id='word_1_41' title='bbox 1022 649 1168 676; x_wconf 83' lang='lat' dir='ltr'><strong>verum</strong></span> <span class='ocrx_word' id='word_1_42' title='bbox 1191 637 1288 676; x_wconf 69' lang='lat' dir='ltr'><strong>est?</strong></span> 
     </span>
    </p>

    <p class='ocr_par' dir='ltr' id='par_1_14' title="bbox 230 703 1561 826">
     <span class='ocr_line' id='line_1_15' title="bbox 232 703 1561 758; baseline 0.001 -15"><span class='ocrx_word' id='word_1_43' title='bbox 232 703 334 744; x_wconf 90' lang='lat' dir='ltr'><strong>Hoc</strong></span> <span class='ocrx_word' id='word_1_44' title='bbox 350 704 586 758; x_wconf 79' lang='lat' dir='ltr'><strong>quisquam</strong></span> <span class='ocrx_word' id='word_1_45' title='bbox 608 703 735 752; x_wconf 81' lang='lat' dir='ltr'><strong>ferat,</strong></span> <span class='ocrx_word' id='word_1_46' title='bbox 756 708 806 743; x_wconf 82' lang='lat' dir='ltr'><strong>ut</strong></span> <span class='ocrx_word' id='word_1_47' title='bbox 826 703 904 744; x_wconf 85' lang='lat' dir='ltr'><strong>tibi</strong></span> <span class='ocrx_word' id='word_1_48' title='bbox 926 707 1099 744; x_wconf 87' lang='lat' dir='ltr'>tuorum</span> <span class='ocrx_word' id='word_1_49' title='bbox 1508 705 1561 744; x_wconf 86' lang='lat'><strong>10</strong></span> 
     </span>
     <span class='ocr_line' id='line_1_16' title="bbox 230 771 1007 826; baseline -0.001 -14"><span class='ocrx_word' id='word_1_50' title='bbox 230 772 298 812; x_wconf 81' lang='lat' dir='ltr'><strong>Sit</strong></span> <span class='ocrx_word' id='word_1_51' title='bbox 318 773 454 826; x_wconf 76' lang='lat' dir='ltr'>major</span> <span class='ocrx_word' id='word_1_52' title='bbox 472 785 675 813; x_wconf 86' lang='lat' dir='ltr'><strong>numerus</strong></span> <span class='ocrx_word' id='word_1_53' title='bbox 697 771 1007 825; x_wconf 82' lang='lat' dir='ltr'><strong>togatulorum‚</strong></span> 
     </span>
    </p>

    <p class='ocr_par' dir='ltr' id='par_1_15' title="bbox 230 839 1079 881">
     <span class='ocr_line' id='line_1_17' title="bbox 230 839 1079 881; baseline -0.005 0"><span class='ocrx_word' id='word_1_54' title='bbox 230 840 462 881; x_wconf 82' lang='lat' dir='ltr'><strong>Librorum</strong></span> <span class='ocrx_word' id='word_1_55' title='bbox 484 840 590 880; x_wconf 90' lang='lat' dir='ltr'><strong>mihi</strong></span> <span class='ocrx_word' id='word_1_56' title='bbox 611 840 668 880; x_wconf 84' lang='lat' dir='ltr'><strong>sit</strong></span> <span class='ocrx_word' id='word_1_57' title='bbox 689 840 831 879; x_wconf 90' lang='lat' dir='ltr'><strong>minor</strong></span> <span class='ocrx_word' id='word_1_58' title='bbox 852 851 1042 878; x_wconf 88' lang='lat' dir='ltr'><strong>meorum</strong></span> <span class='ocrx_word' id='word_1_59' title='bbox 1062 839 1079 877; x_wconf 63' lang='lat'>2</span> 
     </span>
    </p>

    <p class='ocr_par' dir='ltr' id='par_1_16' title="bbox 229 907 1067 961">
     <span class='ocr_line' id='line_1_18' title="bbox 229 907 1067 961; baseline -0.004 -12"><span class='ocrx_word' id='word_1_60' title='bbox 229 908 430 961; x_wconf 80' lang='lat' dir='ltr'>Triginta</span> <span class='ocrx_word' id='word_1_61' title='bbox 449 922 587 961; x_wconf 80' lang='lat' dir='ltr'><strong>prope</strong></span> <span class='ocrx_word' id='word_1_62' title='bbox 603 907 696 961; x_wconf 77' lang='lat' dir='ltr'><strong>jam</strong></span> <span class='ocrx_word' id='word_1_63' title='bbox 718 907 872 948; x_wconf 84' lang='lat' dir='ltr'><strong>diebus</strong></span> <span class='ocrx_word' id='word_1_64' title='bbox 895 919 983 947; x_wconf 79' lang='lat' dir='ltr'><strong>una</strong></span> <span class='ocrx_word' id='word_1_65' title='bbox 999 911 1067 947; x_wconf 85' lang='lat' dir='ltr'><strong>est</strong></span> 
     </span>
    </p>

    <p class='ocr_par' dir='ltr' id='par_1_17' title="bbox 232 974 1071 1030">
     <span class='ocr_line' id='line_1_19' title="bbox 232 974 1071 1030; baseline -0.004 -14"><span class='ocrx_word' id='word_1_66' title='bbox 232 976 380 1017; x_wconf 85' lang='lat' dir='ltr'><strong>Nobis</strong></span> <span class='ocrx_word' id='word_1_67' title='bbox 401 977 560 1030; x_wconf 82' lang='lat' dir='ltr'><strong>pagina</strong></span> <span class='ocrx_word' id='word_1_68' title='bbox 583 976 659 1017; x_wconf 81' lang='lat' dir='ltr'><strong>vix</strong></span> <span class='ocrx_word' id='word_1_69' title='bbox 680 980 861 1029; x_wconf 80' lang='lat' dir='ltr'><strong>peraeta</strong></span> <span class='ocrx_word' id='word_1_70' title='bbox 879 988 888 1015; x_wconf 92' lang='lat'>:</span> <span class='ocrx_word' id='word_1_71' title='bbox 922 974 986 1015; x_wconf 83' lang='lat' dir='ltr'><strong>sic</strong></span> <span class='ocrx_word' id='word_1_72' title='bbox 1006 974 1071 1024; x_wconf 65' lang='lat' dir='ltr'><strong>fit,</strong></span> 
     </span>
    </p>

    <p class='ocr_par' dir='ltr' id='par_1_18' title="bbox 230 1042 1564 1096">
     <span class='ocr_line' id='line_1_20' title="bbox 230 1042 1564 1096; baseline 0 -13"><span class='ocrx_word' id='word_1_73' title='bbox 230 1042 341 1083; x_wconf 89' lang='lat' dir='ltr'><strong>Cum</strong></span> <span class='ocrx_word' id='word_1_74' title='bbox 362 1056 536 1084; x_wconf 81' lang='lat' dir='ltr'><strong>coenare</strong></span> <span class='ocrx_word' id='word_1_75' title='bbox 557 1043 672 1084; x_wconf 89' lang='lat' dir='ltr'><strong>domi</strong></span> <span class='ocrx_word' id='word_1_76' title='bbox 693 1042 828 1096; x_wconf 70' lang='lat' dir='ltr'><strong>poeta</strong></span> <span class='ocrx_word' id='word_1_77' title='bbox 849 1055 933 1083; x_wconf 90' lang='lat' dir='ltr'><strong>non</strong></span> <span class='ocrx_word' id='word_1_78' title='bbox 954 1042 1059 1082; x_wconf 85' lang='lat' dir='ltr'><strong>vult.</strong></span> <span class='ocrx_word' id='word_1_79' title='bbox 1509 1045 1564 1084; x_wconf 83' lang='lat'><strong>15</strong></span> 
     </span>
    </p>
   </div>
   <div class='ocr_carea' id='block_1_11' title="bbox 113 1153 1566 1365">
    <p class='ocr_par' dir='ltr' id='par_1_19' title="bbox 113 1153 1566 1365">
     <span class='ocr_line' id='line_1_21' title="bbox 115 1153 1566 1193; baseline 0.001 -10"><span class='ocrx_word' id='word_1_80' title='bbox 115 1153 170 1183; x_wconf 81' lang='grc' dir='ltr'><em>Ιιοε</em></span> <span class='ocrx_word' id='word_1_81' title='bbox 185 1161 250 1184; x_wconf 83' lang='lat' dir='ltr'><strong>esse</strong></span> <span class='ocrx_word' id='word_1_82' title='bbox 263 1154 422 1190; x_wconf 78' lang='lat' dir='ltr'><strong>damnum,</strong></span> <span class='ocrx_word' id='word_1_83' title='bbox 445 1154 471 1183; x_wconf 75' lang='lat' dir='ltr'><strong>si</strong></span> <span class='ocrx_word' id='word_1_84' title='bbox 484 1156 611 1193; x_wconf 77' lang='lat' dir='ltr'><strong>propter</strong></span> <span class='ocrx_word' id='word_1_85' title='bbox 626 1157 656 1184; x_wconf 81' lang='lat' dir='ltr'><strong>te</strong></span> <span class='ocrx_word' id='word_1_86' title='bbox 668 1154 762 1193; x_wconf 72' lang='lat' dir='ltr'><strong>perit,</strong></span> <span class='ocrx_word' id='word_1_87' title='bbox 785 1155 864 1193; x_wconf 83' lang='lat' dir='ltr'><strong>quod</strong></span> <span class='ocrx_word' id='word_1_88' title='bbox 887 1153 963 1191; x_wconf 76' lang='lat' dir='ltr'><strong>legit</strong></span> <span class='ocrx_word' id='word_1_89' title='bbox 992 1153 1100 1192; x_wconf 82' lang='lat' dir='ltr'><strong>Romu,</strong></span> <span class='ocrx_word' id='word_1_90' title='bbox 1123 1153 1251 1192; x_wconf 76' lang='lat' dir='ltr'><strong>requirit</strong></span> <span class='ocrx_word' id='word_1_91' title='bbox 1268 1153 1385 1193; x_wconf 80' lang='lat' dir='ltr'><strong>hospes,</strong></span> <span class='ocrx_word' id='word_1_92' title='bbox 1408 1163 1464 1184; x_wconf 81' lang='lat' dir='ltr'><strong>nou</strong></span> <span class='ocrx_word' id='word_1_93' title='bbox 1482 1155 1566 1184; x_wconf 81' lang='lat' dir='ltr'><strong>deri-</strong></span> 
     </span>
     <span class='ocr_line' id='line_1_22' title="bbox 114 1195 1565 1236; baseline 0 -10"><span class='ocrx_word' id='word_1_94' title='bbox 114 1197 166 1226; x_wconf 75' lang='lat' dir='ltr'><strong>‹tet</strong></span> <span class='ocrx_word' id='word_1_95' title='bbox 182 1206 280 1236; x_wconf 73' lang='lat' dir='ltr'><strong>eques,</strong></span> <span class='ocrx_word' id='word_1_96' title='bbox 302 1199 385 1226; x_wconf 72' lang='lat' dir='ltr'><strong>tenet</strong></span> <span class='ocrx_word' id='word_1_97' title='bbox 400 1199 534 1235; x_wconf 77' lang='lat' dir='ltr'><strong>senator,</strong></span> <span class='ocrx_word' id='word_1_98' title='bbox 549 1196 658 1236; x_wconf 72' lang='lat' dir='ltr'><strong>probat</strong></span> <span class='ocrx_word' id='word_1_99' title='bbox 670 1197 854 1234; x_wconf 74' lang='lat' dir='ltr'><strong>causidicus,</strong></span> <span class='ocrx_word' id='word_1_100' title='bbox 870 1196 976 1235; x_wconf 79' lang='lat' dir='ltr'><strong>arguit</strong></span> <span class='ocrx_word' id='word_1_101' title='bbox 987 1196 1087 1235; x_wconf 74' lang='lat' dir='ltr'><strong>po&#39;e&#39;cu.</strong></span> <span class='ocrx_word' id='word_1_102' title='bbox 1134 1195 1164 1226; x_wconf 88' lang='lat' dir='ltr'>O</span> <span class='ocrx_word' id='word_1_103' title='bbox 1178 1196 1315 1233; x_wconf 76' lang='lat' dir='ltr'><strong>Labulle,</strong></span> <span class='ocrx_word' id='word_1_104' title='bbox 1338 1196 1435 1226; x_wconf 79' lang='lat' dir='ltr'><strong>hocne</strong></span> <span class='ocrx_word' id='word_1_105' title='bbox 1447 1206 1565 1236; x_wconf 82' lang='lat' dir='ltr'><strong>oequum</strong></span> 
     </span>
     <span class='ocr_line' id='line_1_23' title="bbox 113 1236 1566 1278; baseline 0.001 -10"><span class='ocrx_word' id='word_1_106' title='bbox 113 1236 186 1269; x_wconf 76' lang='lat' dir='ltr'><strong>est!</strong></span> <span class='ocrx_word' id='word_1_107' title='bbox 214 1239 428 1278; x_wconf 81' lang='lat' dir='ltr'><strong>Quisquamne</strong></span> <span class='ocrx_word' id='word_1_108' title='bbox 441 1239 581 1278; x_wconf 77' lang='lat' dir='ltr'><strong>patiatur</strong></span> <span class='ocrx_word' id='word_1_109' title='bbox 604 1240 669 1276; x_wconf 78' lang='lat' dir='ltr'><strong>hoc,</strong></span> <span class='ocrx_word' id='word_1_110' title='bbox 690 1243 724 1269; x_wconf 81' lang='lat' dir='ltr'><strong>ut</strong></span> <span class='ocrx_word' id='word_1_111' title='bbox 741 1239 852 1269; x_wconf 62' lang='lat' dir='ltr'><strong>habeus</strong></span> <span class='ocrx_word' id='word_1_112' title='bbox 867 1240 1010 1277; x_wconf 76' lang='lat' dir='ltr'><strong>majorem</strong></span> <span class='ocrx_word' id='word_1_113' title='bbox 1027 1248 1185 1268; x_wconf 78' lang='lat' dir='ltr'><strong>numerum</strong></span> <span class='ocrx_word' id='word_1_114' title='bbox 1210 1242 1330 1268; x_wconf 77' lang='lat' dir='ltr'><strong>tuorum</strong></span> <span class='ocrx_word' id='word_1_115' title='bbox 1347 1239 1566 1278; x_wconf 77' lang='lat' dir='ltr'><strong>togatulorum,</strong></span> 
     </span>
     <span class='ocr_line' id='line_1_24' title="bbox 113 1279 1560 1320; baseline 0.001 -9"><span class='ocrx_word' id='word_1_116' title='bbox 113 1292 169 1320; x_wconf 79' lang='lat' dir='ltr'><strong>ego</strong></span> <span class='ocrx_word' id='word_1_117' title='bbox 184 1292 254 1312; x_wconf 66' lang='lat' dir='ltr'><strong>vero</strong></span> <span class='ocrx_word' id='word_1_118' title='bbox 269 1281 395 1312; x_wconf 76' lang='lat' dir='ltr'><strong>habeam</strong></span> <span class='ocrx_word' id='word_1_119' title='bbox 409 1282 555 1312; x_wconf 75' lang='lat' dir='ltr'><strong>minorem</strong></span> <span class='ocrx_word' id='word_1_120' title='bbox 572 1291 706 1312; x_wconf 74' lang='lat' dir='ltr'><strong>meorum</strong></span> <span class='ocrx_word' id='word_1_121' title='bbox 721 1279 892 1312; x_wconf 71' lang='lat' dir='ltr'><strong>librorum?</strong></span> <span class='ocrx_word' id='word_1_122' title='bbox 914 1282 989 1311; x_wconf 76' lang='lat' dir='ltr'><strong>Jmn</strong></span> <span class='ocrx_word' id='word_1_123' title='bbox 1005 1285 1086 1311; x_wconf 77' lang='lat' dir='ltr'><strong>certe</strong></span> <span class='ocrx_word' id='word_1_124' title='bbox 1100 1282 1236 1320; x_wconf 80' lang='lat' dir='ltr'><strong>triginta</strong></span> <span class='ocrx_word' id='word_1_125' title='bbox 1252 1281 1355 1312; x_wconf 71' lang='lat' dir='ltr'><strong>diebus</strong></span> <span class='ocrx_word' id='word_1_126' title='bbox 1377 1282 1430 1312; x_wconf 74' lang='lat' dir='ltr'><strong>vix</strong></span> <span class='ocrx_word' id='word_1_127' title='bbox 1445 1281 1560 1312; x_wconf 72' lang='lat' dir='ltr'><strong>absolui</strong></span> 
     </span>
     <span class='ocr_line' id='line_1_25' title="bbox 117 1324 1101 1365; baseline -0.001 -11"><span class='ocrx_word' id='word_1_128' title='bbox 117 1334 208 1355; x_wconf 78' lang='lat' dir='ltr'><strong>unam</strong></span> <span class='ocrx_word' id='word_1_129' title='bbox 220 1326 367 1365; x_wconf 75' lang='lat' dir='ltr'><strong>paginam</strong></span> <span class='ocrx_word' id='word_1_130' title='bbox 378 1335 388 1355; x_wconf 92' lang='grc'><strong>.·</strong></span> <span class='ocrx_word' id='word_1_131' title='bbox 408 1324 512 1365; x_wconf 81' lang='lat' dir='ltr'><strong>sicfit,</strong></span> <span class='ocrx_word' id='word_1_132' title='bbox 535 1335 602 1355; x_wconf 86' lang='lat' dir='ltr'><strong>cum</strong></span> <span class='ocrx_word' id='word_1_133' title='bbox 614 1325 706 1365; x_wconf 73' lang='lat' dir='ltr'><strong>pu&#39;e‘tu</strong></span> <span class='ocrx_word' id='word_1_134' title='bbox 722 1335 780 1356; x_wconf 81' lang='lat' dir='ltr'><strong>non</strong></span> <span class='ocrx_word' id='word_1_135' title='bbox 795 1326 861 1355; x_wconf 80' lang='lat' dir='ltr'><strong>vult</strong></span> <span class='ocrx_word' id='word_1_136' title='bbox 876 1335 994 1355; x_wconf 81' lang='lat' dir='ltr'><strong>coenare</strong></span> <span class='ocrx_word' id='word_1_137' title='bbox 1009 1325 1101 1354; x_wconf 81' lang='lat' dir='ltr'><strong>domi.</strong></span> 
     </span>
    </p>
   </div>
   <div class='ocr_carea' id='block_1_12' title="bbox 119 1411 1567 1566">
    <p class='ocr_par' dir='ltr' id='par_1_20' title="bbox 119 1411 1567 1566">
     <span class='ocr_line' id='line_1_26' title="bbox 772 1411 910 1442; baseline 0 0"><span class='ocrx_word' id='word_1_138' title='bbox 772 1411 910 1442; x_wconf 82' lang='lat' dir='ltr'>NOTAE</span> 
     </span>
     <span class='ocr_line' id='line_1_27' title="bbox 159 1475 1567 1517; baseline 0.002 -10"><span class='ocrx_word' id='word_1_139' title='bbox 159 1480 179 1507; x_wconf 88' lang='lat'>8</span> <span class='ocrx_word' id='word_1_140' title='bbox 207 1476 304 1507; x_wconf 52' lang='lat' dir='ltr'><strong>Poeta</strong></span> <span class='ocrx_word' id='word_1_141' title='bbox 318 1476 434 1516; x_wconf 78' lang='lat' dir='ltr'><strong><em>carpit]</em></strong></span> <span class='ocrx_word' id='word_1_142' title='bbox 470 1475 588 1507; x_wconf 67' lang='lat' dir='ltr'><strong>Poetae</strong></span> <span class='ocrx_word' id='word_1_143' title='bbox 614 1476 703 1507; x_wconf 84' lang='lat' dir='ltr'><strong>enim</strong></span> <span class='ocrx_word' id='word_1_144' title='bbox 731 1475 813 1506; x_wconf 85' lang='lat' dir='ltr'><strong>invi·</strong></span> <span class='ocrx_word' id='word_1_145' title='bbox 868 1475 915 1506; x_wconf 88' lang='lat' dir='ltr'><strong>cit</strong></span> <span class='ocrx_word' id='word_1_146' title='bbox 932 1475 1118 1514; x_wconf 68' lang='lat' dir='ltr'><strong>Maecenas,</strong></span> <span class='ocrx_word' id='word_1_147' title='bbox 1146 1479 1180 1506; x_wconf 91' lang='lat' dir='ltr'><strong>te</strong></span> <span class='ocrx_word' id='word_1_148' title='bbox 1207 1485 1339 1517; x_wconf 84' lang='lat' dir='ltr'><strong>quoque</strong></span> <span class='ocrx_word' id='word_1_149' title='bbox 1367 1487 1483 1509; x_wconf 78' lang='lat' dir='ltr'><strong>verum</strong></span> <span class='ocrx_word' id='word_1_150' title='bbox 1514 1485 1567 1511; x_wconf 73' lang='lat' dir='ltr'><strong>est</strong></span> 
     </span>
     <span class='ocr_line' id='line_1_28' title="bbox 119 1525 1295 1566; baseline -0.001 -8"><span class='ocrx_word' id='word_1_151' title='bbox 119 1528 178 1558; x_wconf 80' lang='lat' dir='ltr'><strong>det</strong></span> <span class='ocrx_word' id='word_1_152' title='bbox 195 1527 307 1566; x_wconf 62' lang='lat' dir='ltr'><strong>poeta.</strong></span> <span class='ocrx_word' id='word_1_153' title='bbox 871 1526 979 1556; x_wconf 78' lang='lat' dir='ltr'>Tanto</span> <span class='ocrx_word' id='word_1_154' title='bbox 995 1525 1214 1565; x_wconf 55' lang='lat' dir='ltr'><strong>dissimilemf</strong></span> <span class='ocrx_word' id='word_1_155' title='bbox 1229 1529 1295 1558; x_wconf 65' lang='grc' dir='ltr'><strong>ἃς.</strong></span> 
     </span>
    </p>
   </div>
   <div class='ocr_carea' id='block_1_13' title="bbox 118 1576 1564 1669">
    <p class='ocr_par' dir='ltr' id='par_1_21' title="bbox 118 1576 1564 1669">
     <span class='ocr_line' id='line_1_29' title="bbox 163 1576 1564 1618; baseline 0.004 -10"><span class='ocrx_word' id='word_1_156' title='bbox 163 1581 182 1608; x_wconf 81' lang='grc'><strong>9</strong></span> <span class='ocrx_word' id='word_1_157' title='bbox 206 1578 277 1608; x_wconf 84' lang='lat' dir='ltr'><strong>Hoc</strong></span> <span class='ocrx_word' id='word_1_158' title='bbox 292 1587 397 1608; x_wconf 78' lang='lat' dir='ltr'><strong>verum</strong></span> <span class='ocrx_word' id='word_1_159' title='bbox 413 1577 473 1617; x_wconf 75' lang='lat' dir='ltr'><strong>est]</strong></span> <span class='ocrx_word' id='word_1_160' title='bbox 507 1576 561 1608; x_wconf 90' lang='lat' dir='ltr'><strong>An</strong></span> <span class='ocrx_word' id='word_1_161' title='bbox 578 1586 709 1618; x_wconf 83' lang='lat' dir='ltr'>aequnm</span> <span class='ocrx_word' id='word_1_162' title='bbox 739 1581 788 1607; x_wconf 78' lang='lat' dir='ltr'><strong>est</strong></span> <span class='ocrx_word' id='word_1_163' title='bbox 806 1576 817 1605; x_wconf 72' lang='grc' dir='ltr'><em>Ρ</em></span> <span class='ocrx_word' id='word_1_164' title='bbox 916 1579 955 1607; x_wconf 81' lang='grc'><strong>14</strong></span> <span class='ocrx_word' id='word_1_165' title='bbox 973 1576 1077 1617; x_wconf 79' lang='lat' dir='ltr'><strong><em>Sicfit</em></strong></span> <span class='ocrx_word' id='word_1_166' title='bbox 1090 1576 1168 1617; x_wconf 82' lang='lat' dir='ltr'><strong>[est]</strong></span> <span class='ocrx_word' id='word_1_167' title='bbox 1193 1577 1240 1608; x_wconf 82' lang='lat' dir='ltr'><strong>Ut</strong></span> <span class='ocrx_word' id='word_1_168' title='bbox 1262 1577 1480 1618; x_wconf 79' lang='lat' dir='ltr'><strong>negligantur</strong></span> <span class='ocrx_word' id='word_1_169' title='bbox 1495 1587 1564 1614; x_wconf 85' lang='lat' dir='ltr'><strong>stu-</strong></span> 
     </span>
     <span class='ocr_line' id='line_1_30' title="bbox 118 1625 1439 1669; baseline 0 -10"><span class='ocrx_word' id='word_1_170' title='bbox 118 1629 175 1659; x_wconf 65' lang='lat' dir='ltr'><strong>Sic</strong></span> <span class='ocrx_word' id='word_1_171' title='bbox 189 1627 376 1659; x_wconf 84' lang='lat' dir='ltr'><strong>Horatius:</strong></span> <span class='ocrx_word' id='word_1_172' title='bbox 415 1627 424 1644; x_wconf 91' lang='lat'>‘</span> <span class='ocrx_word' id='word_1_173' title='bbox 438 1627 491 1658; x_wconf 81' lang='lat' dir='ltr'><strong>An</strong></span> <span class='ocrx_word' id='word_1_174' title='bbox 517 1627 753 1669; x_wconf 84' lang='lat' dir='ltr'><strong>quodcumque</strong></span> <span class='ocrx_word' id='word_1_175' title='bbox 768 1626 816 1658; x_wconf 86' lang='lat' dir='ltr'><strong>fa·</strong></span> <span class='ocrx_word' id='word_1_176' title='bbox 874 1626 941 1666; x_wconf 84' lang='lat' dir='ltr'><strong>dia,</strong></span> <span class='ocrx_word' id='word_1_177' title='bbox 953 1625 1031 1657; x_wconf 88' lang='lat' dir='ltr'><strong>dum</strong></span> <span class='ocrx_word' id='word_1_178' title='bbox 1050 1631 1163 1657; x_wconf 85' lang='lat' dir='ltr'><strong>tecum</strong></span> <span class='ocrx_word' id='word_1_179' title='bbox 1179 1636 1313 1658; x_wconf 76' lang='lat' dir='ltr'><strong>coenare</strong></span> <span class='ocrx_word' id='word_1_180' title='bbox 1329 1629 1439 1669; x_wconf 86' lang='lat' dir='ltr'><strong>cupio.</strong></span> 
     </span>
    </p>
   </div>
   <div class='ocr_carea' id='block_1_14' title="bbox 707 1822 969 1940">
    <p class='ocr_par' dir='ltr' id='par_1_22' title="bbox 707 1822 969 1940">
     <span class='ocr_line' id='line_1_31' title="bbox 759 1822 926 1862; baseline 0 0"><span class='ocrx_word' id='word_1_181' title='bbox 759 1822 926 1862; x_wconf 87' lang='lat' dir='ltr'>XXV.</span> 
     </span>
     <span class='ocr_line' id='line_1_32' title="bbox 707 1910 969 1940; baseline 0 0"><span class='ocrx_word' id='word_1_182' title='bbox 707 1911 757 1940; x_wconf 89' lang='lat' dir='ltr'><strong>1N</strong></span> <span class='ocrx_word' id='word_1_183' title='bbox 794 1910 969 1940; x_wconf 73' lang='lat' dir='ltr'><strong>[ANUM.</strong></span> 
     </span>
    </p>
   </div>
   <div class='ocr_carea' id='block_1_15' title="bbox 124 1978 1209 2098">
    <p class='ocr_par' dir='ltr' id='par_1_23' title="bbox 124 1978 1209 2098">
     <span class='ocr_line' id='line_1_33' title="bbox 124 1978 1209 2031; baseline -0.002 -11"><span class='ocrx_word' id='word_1_184' title='bbox 124 1980 247 2020; x_wconf 62' lang='lat' dir='ltr'>ILLA</span> <span class='ocrx_word' id='word_1_185' title='bbox 270 1980 396 2020; x_wconf 84' lang='lat' dir='ltr'><strong>salax</strong></span> <span class='ocrx_word' id='word_1_186' title='bbox 418 1979 612 2028; x_wconf 90' lang='lat' dir='ltr'><strong>nimium,</strong></span> <span class='ocrx_word' id='word_1_187' title='bbox 631 1992 713 2019; x_wconf 88' lang='lat' dir='ltr'><strong>nec</strong></span> <span class='ocrx_word' id='word_1_188' title='bbox 734 1978 890 2031; x_wconf 81' lang='lat' dir='ltr'><strong>paucis</strong></span> <span class='ocrx_word' id='word_1_189' title='bbox 909 1982 1011 2019; x_wconf 77' lang='lat' dir='ltr'>nota</span> <span class='ocrx_word' id='word_1_190' title='bbox 1035 1978 1209 2031; x_wconf 86' lang='lat' dir='ltr'><strong>puellis,</strong></span> 
     </span>
     <span class='ocr_line' id='line_1_34' title="bbox 182 2045 1131 2098; baseline -0.003 -11"><span class='ocrx_word' id='word_1_191' title='bbox 182 2047 306 2088; x_wconf 80' lang='lat' dir='ltr'><strong>Stare</strong></span> <span class='ocrx_word' id='word_1_192' title='bbox 328 2046 436 2087; x_wconf 86' lang='lat' dir='ltr'><strong>Lino</strong></span> <span class='ocrx_word' id='word_1_193' title='bbox 457 2046 570 2087; x_wconf 83' lang='lat' dir='ltr'><strong>desit</strong></span> <span class='ocrx_word' id='word_1_194' title='bbox 590 2045 807 2086; x_wconf 79' lang='lat' dir='ltr'><strong>mentula:</strong></span> <span class='ocrx_word' id='word_1_195' title='bbox 839 2045 991 2098; x_wconf 82' lang='lat' dir='ltr'><strong>lingua</strong></span> <span class='ocrx_word' id='word_1_196' title='bbox 1010 2058 1131 2086; x_wconf 77' lang='lat' dir='ltr'><strong>cave.</strong></span> 
     </span>
    </p>
   </div>
   <div class='ocr_carea' id='block_1_16' title="bbox 167 2156 987 2273">
    <p class='ocr_par' dir='ltr' id='par_1_24' title="bbox 167 2156 987 2273">
     <span class='ocr_line' id='line_1_35' title="bbox 783 2156 920 2188; baseline 0.007 -1"><span class='ocrx_word' id='word_1_197' title='bbox 783 2156 920 2188; x_wconf 84' lang='lat' dir='ltr'><strong>NOTAE</strong></span> 
     </span>
     <span class='ocr_line' id='line_1_36' title="bbox 167 2231 987 2273; baseline -0.002 -9"><span class='ocrx_word' id='word_1_198' title='bbox 167 2237 187 2264; x_wconf 83' lang='lat'><strong>2</strong></span> <span class='ocrx_word' id='word_1_199' title='bbox 211 2232 333 2272; x_wconf 82' lang='lat' dir='ltr'><strong>Lingua</strong></span> <span class='ocrx_word' id='word_1_200' title='bbox 349 2231 434 2271; x_wconf 74' lang='lat' dir='ltr'><strong>cave]</strong></span> <span class='ocrx_word' id='word_1_201' title='bbox 459 2232 556 2273; x_wconf 83' lang='lat' dir='ltr'><strong>Epig.</strong></span> <span class='ocrx_word' id='word_1_202' title='bbox 578 2234 631 2263; x_wconf 77' lang='lat'><strong>78.</strong></span> <span class='ocrx_word' id='word_1_203' title='bbox 649 2232 705 2263; x_wconf 80' lang='lat' dir='ltr'><strong>lib.</strong></span> <span class='ocrx_word' id='word_1_204' title='bbox 720 2241 743 2263; x_wconf 86' lang='lat'><strong>1.</strong></span> <span class='ocrx_word' id='word_1_205' title='bbox 760 2236 795 2263; x_wconf 87' lang='lat' dir='ltr'><strong>et</strong></span> <span class='ocrx_word' id='word_1_206' title='bbox 818 2235 869 2263; x_wconf 78' lang='lat'><strong>02.</strong></span> <span class='ocrx_word' id='word_1_207' title='bbox 887 2231 987 2263; x_wconf 79' lang='lat' dir='ltr'><strong>infra.</strong></span> 
     </span>
    </p>
   </div>
   <div class='ocr_carea' id='block_1_17' title="bbox 496 2423 1213 2557">
    <p class='ocr_par' dir='ltr' id='par_1_25' title="bbox 496 2423 1213 2557">
     <span class='ocr_line' id='line_1_37' title="bbox 753 2423 949 2466; baseline 0.005 -1"><span class='ocrx_word' id='word_1_208' title='bbox 753 2423 949 2466; x_wconf 91' lang='lat' dir='ltr'><strong>XXVI.</strong></span> 
     </span>
     <span class='ocr_line' id='line_1_38' title="bbox 496 2525 1213 2557; baseline 0.003 -3"><span class='ocrx_word' id='word_1_209' title='bbox 496 2526 561 2555; x_wconf 86' lang='lat' dir='ltr'><strong>AD</strong></span> <span class='ocrx_word' id='word_1_210' title='bbox 594 2525 957 2555; x_wconf 72' lang='lat' dir='ltr'>&#39;rELESPHoRUM</span> <span class='ocrx_word' id='word_1_211' title='bbox 994 2527 1051 2556; x_wconf 89' lang='lat' dir='ltr'><strong>PU</strong></span> <span class='ocrx_word' id='word_1_212' title='bbox 1062 2527 1213 2557; x_wconf 83' lang='lat' dir='ltr'><strong>ERUM.</strong></span> 
     </span>
    </p>
   </div>
   <div class='ocr_carea' id='block_1_18' title="bbox 135 2602 1298 2724">
    <p class='ocr_par' dir='ltr' id='par_1_26' title="bbox 135 2602 1298 2724">
     <span class='ocr_line' id='line_1_39' title="bbox 135 2602 1298 2659; baseline 0.003 -16"><span class='ocrx_word' id='word_1_213' title='bbox 135 2602 173 2643; x_wconf 93' lang='grc' dir='ltr'><strong>Ο</strong></span> <span class='ocrx_word' id='word_1_214' title='bbox 199 2613 309 2642; x_wconf 80' lang='lat' dir='ltr'><strong>Mffll</strong></span> <span class='ocrx_word' id='word_1_215' title='bbox 332 2606 454 2655; x_wconf 82' lang='lat' dir='ltr'>grata</span> <span class='ocrx_word' id='word_1_216' title='bbox 474 2604 614 2657; x_wconf 84' lang='lat' dir='ltr'><strong>quies,</strong></span> <span class='ocrx_word' id='word_1_217' title='bbox 636 2617 662 2645; x_wconf 92' lang='lat'>0</span> <span class='ocrx_word' id='word_1_218' title='bbox 681 2603 852 2653; x_wconf 78' lang='lat' dir='ltr'><strong>blanda,</strong></span> <span class='ocrx_word' id='word_1_219' title='bbox 873 2604 1158 2659; x_wconf 86' lang='lat' dir='ltr'><strong>Telesphore,</strong></span> <span class='ocrx_word' id='word_1_220' title='bbox 1181 2619 1298 2656; x_wconf 85' lang='lat' dir='ltr'>cura,</span> 
     </span>
     <span class='ocr_line' id='line_1_40' title="bbox 193 2670 1119 2724; baseline 0.004 -14"><span class='ocrx_word' id='word_1_221' title='bbox 193 2670 348 2720; x_wconf 83' lang='lat' dir='ltr'><strong>Qualis</strong></span> <span class='ocrx_word' id='word_1_222' title='bbox 369 2671 412 2710; x_wconf 89' lang='lat' dir='ltr'><strong>in</strong></span> <span class='ocrx_word' id='word_1_223' title='bbox 435 2671 642 2723; x_wconf 80' lang='lat' dir='ltr'><strong>amplexu</strong></span> <span class='ocrx_word' id='word_1_224' title='bbox 664 2684 748 2712; x_wconf 90' lang='lat' dir='ltr'><strong>non</strong></span> <span class='ocrx_word' id='word_1_225' title='bbox 766 2671 850 2711; x_wconf 88' lang='lat' dir='ltr'><strong>fuit</strong></span> <span class='ocrx_word' id='word_1_226' title='bbox 872 2675 971 2712; x_wconf 81' lang='lat' dir='ltr'><strong>ante</strong></span> <span class='ocrx_word' id='word_1_227' title='bbox 990 2685 1090 2713; x_wconf 87' lang='lat' dir='ltr'><strong>meo</strong></span> <span class='ocrx_word' id='word_1_228' title='bbox 1109 2687 1119 2724; x_wconf 89' lang='grc'>;</span> 
     </span>
    </p>
   </div>
   <div class='ocr_carea' id='block_1_19' title="bbox 739 2767 972 2780">
    <p class='ocr_par' dir='ltr' id='par_1_27' title="bbox 739 2767 972 2780">
     <span class='ocr_line' id='line_1_41' title="bbox 739 2767 972 2780; baseline 0.004 -2"><span class='ocrx_word' id='word_1_229' title='bbox 739 2767 972 2780; x_wconf 59' lang='lat' dir='ltr'><strong>eeeeeeeeeeee</strong></span> 
     </span>
    </p>
   </div>
   <div class='ocr_carea' id='block_1_20' title="bbox 181 2822 1573 2863">
    <p class='ocr_par' dir='ltr' id='par_1_28' title="bbox 181 2822 1573 2863">
     <span class='ocr_line' id='line_1_42' title="bbox 181 2822 1573 2863; baseline -0.001 -8"><span class='ocrx_word' id='word_1_230' title='bbox 181 2823 336 2863; x_wconf 79' lang='lat' dir='ltr'><strong>Thelesph.</strong></span> <span class='ocrx_word' id='word_1_231' title='bbox 352 2822 431 2854; x_wconf 86' lang='lat' dir='ltr'><strong>edd.</strong></span> <span class='ocrx_word' id='word_1_232' title='bbox 443 2822 540 2854; x_wconf 87' lang='lat' dir='ltr'>Junt.</span> <span class='ocrx_word' id='word_1_233' title='bbox 556 2827 591 2854; x_wconf 87' lang='lat' dir='ltr'><strong>et</strong></span> <span class='ocrx_word' id='word_1_234' title='bbox 607 2823 748 2855; x_wconf 82' lang='lat' dir='ltr'>Farnab.</span> <span class='ocrx_word' id='word_1_235' title='bbox 775 2824 910 2855; x_wconf 85' lang='lat' dir='ltr'><strong>Puerum</strong></span> <span class='ocrx_word' id='word_1_236' title='bbox 923 2824 1083 2855; x_wconf 86' lang='lat' dir='ltr'><strong>omittunt</strong></span> <span class='ocrx_word' id='word_1_237' title='bbox 1102 2824 1178 2855; x_wconf 83' lang='lat' dir='ltr'><strong>edd.</strong></span> <span class='ocrx_word' id='word_1_238' title='bbox 1205 2827 1287 2856; x_wconf 84' lang='lat' dir='ltr'><strong>vett.</strong></span> <span class='ocrx_word' id='word_1_239' title='bbox 1311 2827 1345 2855; x_wconf 88' lang='lat' dir='ltr'><strong>et</strong></span> <span class='ocrx_word' id='word_1_240' title='bbox 1363 2823 1573 2855; x_wconf 78' lang='lat' dir='ltr'><strong>Farnab.-6</strong></span> 
     </span>
    </p>
   </div>
  </div>
 </body>
</html>
