1893 3225
261 265 346 307 898
752 274 799 301 M.
832 272 942 302 vm..
978 274 1250 304 MARTlAms

261 369 340 410 Nil
362 374 508 410 tamen
528 368 705 409 omnino
726 373 915 421 praestas
936 369 1064 411 mihi:
1096 375 1308 420 mortuus,
1329 371 1490 426 inquis,
1687 375 1714 414 5

319 437 555 490 Accipiam
572 437 682 477 bene
705 441 770 478 te:
801 437 863 477 nil
885 438 988 478 volo
1009 451 1017 478 :
1049 438 1125 478 sed
1148 451 1335 479 morere.

257 545 306 566 res
321 537 378 573 est,
400 544 491 574 quam
506 533 576 572 agis
595 533 660 564 sine
675 543 733 572 me,
757 537 786 563 et
801 533 886 564 sileo.
935 534 1146 565 Nihilominus
1161 534 1240 565 nihil
1258 544 1386 575 prorsus
1412 536 1506 566 donas
1522 535 1620 572 mihi‚·
1649 537 1711 568 De-

255 578 396 616 functum,
419 578 478 615 ais,
503 576 576 607 bene
591 576 745 616 excipiam
761 580 800 607 te.
848 576 941 607 Nihil
955 580 1024 616 peto
1038 588 1048 613 ;
1073 580 1105 607 at
1120 587 1236 617 pereas.

926 662 1066 693 NOTAE

303 718 322 746 6
347 714 410 746 Sed
422 715 553 755 morere]
571 716 618 746 Ut
632 724 752 756 nempe
770 716 964 756 promissam
985 717 1063 747 mihi
1082 721 1172 748 tuam
1191 717 1427 748 haereditatem
1444 717 1620 757 accipiam.

922 823 1053 864 XLI.

836 912 886 941 IN
921 912 1139 942 'rte-CAM.

264 979 375 1021 NON
399 982 481 1029 est,
503 978 673 1028 Tucca,
696 978 820 1029 satis,
842 979 962 1032 quod
984 993 1033 1020 es
1054 981 1236 1033 gulosus
1255 996 1263 1022 :

320 1047 377 1088 Et
396 1047 484 1088 dici
505 1047 647 1099 cupis,
667 1051 712 1087 et
729 1046 857 1100 cupis
878 1047 1034 1089 videri.

307 1147 338 1180 Ο
356 1147 465 1187 Tucca,
489 1157 548 1178 non
562 1147 675 1189 sufficit
690 1149 770 1187 quod
784 1157 816 1179 es
836 1149 935 1180 helluo
947 1161 957 1180 :
981 1152 1011 1180 et
1028 1149 1075 1181 ris
1091 1149 1207 1188 haberi,
1231 1153 1259 1181 et
1276 1150 1322 1181 tis
1339 1150 1451 1182 videri.

915 1255 1076 1297 XLII.

635 1346 698 1374 DE
733 1345 1081 1375 CAnms'rRA'ro
1118 1347 1176 1375 ET
1209 1346 1352 1375 ΑΕΗΘ.

267 1415 538 1456 BARBATUS
560 1413 701 1465 rigido
723 1413 876 1466 nupsit
898 1412 1182 1453 Callistratus
1205 1413 1332 1462 Afro,

325 1483 429 1523 Hac
453 1495 543 1535 qua
559 1482 654 1533 lege
677 1481 772 1522 viro
795 1481 958 1520 nubere
983 1481 1106 1533 virgo
1131 1481 1262 1522 solet.

265 1550 521 1591 Praeluxere
542 1548 680 1597 faces,
704 1548 904 1588 velarunt
926 1546 1131 1588 flammea
1155 1549 1328 1589 vultus:

320 1616 417 1658 Nec
440 1621 516 1657 tua
538 1615 772 1656 defuerunt
786 1615 936 1663 verba,
955 1614 1188 1663 Thalasse,
1210 1616 1309 1656 tibi.

267 1685 362 1726 Dos
383 1684 515 1725 etiam
537 1683 655 1723 dicta
672 1687 766 1723 est:
799 1681 990 1722 noudum
1012 1683 1107 1733 tibi,
1132 1683 1294 1734 Roma,
1315 1684 1493 1726 videtur
1691 1685 1720 1725 5

325 1753 430 1794 Hoc
454 1751 570 1793 satis
588 1751 605 1791 T
638 1756 858 1804 expectas
877 1751 1087 1804 numquid
1110 1756 1158 1793 ut
1179 1757 1223 1792 et
1245 1754 1418 1805 pariat?

928 1834 1069 1865 NOTAE

308 1894 326 1922 1
351 1888 526 1928 Barbatus]
586 1888 679 1919 Huic
718 1887 967 1928 Epigrammati

263 1941 434 1982 ingenium
465 1944 501 1970 et
530 1939 588 1969 lux
616 1949 635 1969 a
657 1939 729 1969 Sat.
747 1947 789 1969 11.
810 1937 966 1970 Juvenal.

266 2002 315 2023 vs.
330 1994 401 2022 134.
425 1989 515 2021 Vide
530 1994 566 2020 et
585 1989 741 2020 Tacitum
758 1998 820 2020 xv.
844 1988 966 2020 Annal.

263 2052 329 2084 quo
356 2041 456 2072 modo
486 2041 580 2073 Nero
608 2040 815 2080 Pythagorae
839 2040 965 2080 nupsit.

266 2092 382 2132 Rigido
395 2090 491 2130 Afro]
514 2090 720 2121 Mutoniato.

309 2147 327 2175 3
353 2143 465 2182 Faces]
498 2142 696 2182 Nuptiales,
723 2151 797 2183 quoe
816 2142 965 2183 quinque

265 2204 326 2235 pro
344 2203 484 2225 numero
505 2197 623 2233 partus
652 2193 824 2224 naturali:
858 2193 909 2222 vel
933 2193 966 2223 in

264 2245 425 2276 honorem
466 2243 613 2284 quinque
657 2244 834 2281 Deorum;
872 2243 967 2274 Jovis

266 2295 386 2334 adulti,
399 2293 543 2327 Junonis
560 2293 699 2332 adultae,
715 2293 872 2332 Veneris,
885 2292 967 2322 Sua-

266 2344 365 2386 delae,
382 2346 519 2378 Lucinae
533 2343 804 2386 praeferebantur
819 2353 838 2374 a
854 2343 967 2384 pueris

1024 1888 1176 1928 patrimis
1195 1893 1228 1919 et
1244 1887 1410 1919 matrimis
1426 1886 1514 1928 apud
1530 1887 1720 1920 Romanos:

1023 1948 1042 1968 a
1066 1948 1197 1979 sponsae
1217 1944 1324 1970 matre
1341 1939 1430 1979 apud
1448 1939 1600 1969 Graecos.
1634 1938 1723 1970 Vide

1023 2000 1097 2030 quae
1116 1990 1301 2021 Farnabius
1319 1990 1360 2021 ad
1377 1990 1518 2020 Senecae
1543 1988 1717 2020 Thebaida

1023 2049 1073 2071 vs,
1089 2042 1164 2070 263.
1181 2045 1217 2070 et
1232 2042 1306 2071 507.
1352 2038 1526 2078 Flammea]
1558 2039 1724 2070 Flamme-

1023 2100 1076 2120 um
1093 2096 1166 2121 erat
1183 2091 1412 2121 velamentum
1439 2091 1568 2121 luteum
1589 2099 1651 2121 ceu
1668 2100 1721 2121 ru-

1022 2139 1132 2178 beum,
1150 2150 1214 2182 quo
1230 2151 1317 2172 nova
1342 2144 1447 2181 nupta
1468 2140 1651 2180 tegebatur
1667 2150 1724 2180 pu-

1023 2190 1112 2222 doris
1129 2191 1260 2231 gratia:
1286 2192 1339 2222 vel
1352 2191 1384 2222 in
1406 2190 1623 2231 subjectionis
1638 2200 1723 2230 sym-

1024 2241 1158 2272 bolum:
1190 2241 1249 2273 lib.
1267 2251 1317 2273 xl.
1336 2242 1436 2282 Epig.
1453 2244 1506 2271 73.

1064 2296 1083 2323 4
1110 2292 1264 2331 Thatasse,
1277 2292 1351 2332 tibi]
1390 2291 1595 2332 Nuptiarum
1612 2291 1721 2331 Deus,

1023 2342 1083 2374 lib.
1101 2351 1127 2374 1.
1147 2342 1244 2383 Epig.
1258 2345 1309 2374 36.

908 2445 1094 2486 XLIII.

811 2534 862 2564 lN
896 2535 1179 2565 SABELLUM.

383 2603 654 2645 FACUNDOS
676 2601 781 2642 mihi
803 2601 857 2642 de
879 2600 1129 2643 libidinosis

380 2672 544 2725 Legisti
564 2670 763 2719 nimium,
786 2670 979 2719 Sabelle,
1003 2683 1178 2710 versus:

383 2739 554 2791 Quales
575 2751 656 2779 nec
680 2738 861 2791 Didymi
883 2738 1028 2778 sciunt
1048 2739 1222 2791 puellae,

1072 2823 1108 2834 Ν

311 2871 330 2899 3
365 2869 518 2909 Dindymi
542 2869 653 2910 vulgg.
691 2867 819 2910 Dyszimi
850 2869 922 2899 vult
950 2868 1100 2909 Scaliger
1131 2868 1172 2899 ad
1216 2867 1459 2899 Catullum-*5
1486 2866 1593 2897 Seriv.
1635 2865 1715 2906 legit
