1893 3225
507 270 915 302 EPIGRAMMATUM
952 272 1048 301 nin.
1082 272 1187 301 v111.
1478 264 1562 303 579

111 370 172 411 At
193 369 297 410 mihi
318 369 430 410 cella
450 368 594 417 datur,
615 379 703 407 non
723 371 822 407 tota
844 366 998 407 clausa
1020 365 1222 417 fenestra,
1536 370 1563 407 s»

168 436 222 478 In
243 451 331 490 qua
351 450 429 478 nec
452 436 620 476 Boreas
640 434 738 487 ipse
759 445 934 474 manere
956 433 1070 474 velit.

112 504 187 546 Sic
208 505 408 547 habitare
428 503 560 557 jubes
582 507 768 543 veterem
791 499 984 542 crudelis
1005 502 1195 543 amicum
1211 503 1230 542 ’ἓ

169 572 355 614 Arboris
375 585 476 625 ergo
498 576 584 613 tuae
604 572 733 612 tutior
753 570 923 623 hospes
945 582 1037 611 ero.

111 693 227 715 renam.
273 683 337 715 Sed
359 684 434 714 cella
450 684 526 715 mihi
547 682 722 714 conceditur
736 682 881 720 fenestra
902 692 962 713 non
991 682 1093 713 clausu
1115 691 1155 712 ex
1176 681 1259 712 omni
1270 684 1375 722 parte,
1391 683 1424 714 in
1438 693 1496 723 qua
1509 694 1563 715 nec

111 727 227 766 Aquilo
248 727 320 757 velit
335 727 486 758 habiture.
531 726 561 757 Ο
586 726 762 765 inhumane,
778 736 820 756 un
848 726 982 765 imperas
1003 725 1048 756 sic
1072 724 1214 756 habitare
1232 724 1394 766 antiquum
1407 726 1538 758 amicum
1551 726 1567 758 ἱ)

109 769 212 808 ‘igitur
226 770 361 801 securius
372 768 546 801 diversabor
557 770 639 809 apud
652 772 737 800 tuam
751 768 901 799 arborem.

767 848 907 881 NOTAE

155 918 176 945 6
192 915 232 946 In
247 925 306 955 qua
321 924 375 946 nec
390 913 526 954 Boreas]
540 914 622 945 Tam
639 912 815 954 frigidum,
908 917 928 945 8
949 913 1081 945 Arboris
1095 913 1185 955 ergo]
1222 913 1460 957 Undequaque
1476 916 1567 948 euim

112 967 237 1008 inquit,
250 965 329 996 mihi
343 966 532 997 cubiculum
548 964 687 1003 dedisti,
700 970 738 996 ut
750 974 814 996 nec
867 968 968 996 tectae
985 969 1021 996 et
1036 965 1174 996 munitae
1187 970 1286 997 erant
1296 965 1434 998 arbores
1449 965 1567 998 adver-

113 1017 242 1048 Boreas
259 1021 438 1048 ventorum
460 1015 696 1057 frigidissimus
721 1016 756 1047 iu
772 1024 813 1046 eo
867 1025 923 1047 sus
936 1014 1053 1058 frigus.

112 1067 264 1100 habitare
278 1067 456 1098 sustineat.

618 1272 685 1302 AD
721 1272 1064 1302 DOMlTlANUM.

115 1342 233 1383 DUM
256 1353 372 1381 nova
393 1339 639 1381 Pannonici
659 1344 857 1381 narratur
877 1339 1016 1393 gloria
1036 1340 1157 1391 belli,

171 1408 325 1449 Omnis
345 1412 389 1448 et
407 1407 462 1448 ad
482 1407 689 1448 reducem
709 1407 815 1448 dum
835 1407 935 1448 litat
954 1420 1031 1448 ara
1049 1407 1078 1448 J
1083 1421 1211 1450 ovem
1229 1423 1240 1461 ;

116 1476 204 1516 Dat
223 1475 428 1528 populus,
451 1474 525 1515 dat
545 1479 692 1527 gratus
714 1487 864 1528 eques,
886 1474 960 1514 dat
978 1474 1108 1516 thura
1128 1482 1328 1526 senatus,

171 1541 228 1583 Et
249 1542 392 1583 ditant
413 1542 567 1583 Latias
587 1542 717 1584 tertia
736 1542 852 1583 dona
873 1543 1026 1583 tribus.

159 1651 247 1682 Dum
262 1661 372 1682 novum
392 1652 481 1682 decus
499 1650 570 1682 belli
585 1651 762 1682 Pannonici
785 1651 968 1692 celebratur,
984 1655 1015 1683 et
1026 1652 1196 1694 dnmfiunt
1215 1653 1371 1695 sacrificia
1383 1655 1415 1685 in
1431 1656 1569 1687 omnibus

115 1695 236 1734 templis
259 1704 314 1734 pro
339 1694 419 1725 Jove
447 1704 567 1725 reverso
583 1704 594 1731 ,·
614 1696 755 1735 populus,
777 1705 864 1735 eques
886 1705 1011 1734 memor,
1033 1700 1069 1726 et
1094 1699 1218 1726 senatus
1232 1696 1398 1728 incendunt
1419 1698 1522 1736 thura,
1539 1703 1569 1730 et

114 1746 240 1768 munera
262 1737 356 1768 tertia
381 1738 565 1777 locupletant
589 1737 691 1768 tribus
719 1737 856 1774 Latius3
882 1737 982 1768 Roma
1005 1738 1169 1769 celebrabit
1191 1739 1285 1770 etiam
1300 1739 1353 1771 hos
1366 1744 1498 1772 secretos
1512 1743 1570 1773 tri-

728 1811 969 1822 ouer-namn

159 1867 173 1895 1
201 1863 318 1895 Codex
330 1863 529 1896 Pulmanni:
552 1869 732 1897 numeratur
746 1867 850 1905 gloria
866 1865 961 1902 belli‚·
985 1870 1021 1896 et
1046 1866 1095 1897 sic
1112 1866 1198 1907 legit
1223 1868 1401 1900 Schrevel.
1446 1869 1485 1900 In
1504 1869 1570 1900 Pa-

116 1907 220 1938 latino
236 1906 372 1938 codice:
394 1911 543 1939 narratur
565 1909 673 1947 rorigo
687 1908 787 1954 belli„
812 1909 904 1940 Hinc
932 1909 1122 1940 Scriverius
1139 1911 1229 1950 conj.
1252 1912 1336 1942 lorea
1362 1921 1423 1952 pro
1452 1913 1569 1942 laurea.

116 1949 316 1991 Rutgersius
339 1949 515 1981 divinabat
544 1952 682 1990 raurica,
710 1961 774 1983 non
798 1952 961 1982 damnans
991 1956 1103 1983 tamen
1132 1953 1295 1984 Scriverii
1326 1955 1569 1995 conjecturam.

114 1992 196 2024 Ant.
212 1992 255 2022 de
267 1993 362 2033 Rooy
377 1993 566 2034 proposuit,
585 1995 710 2026 adorea.
758 1995 847 2026 Vide
877 1995 971 2026 Fest.
994 1994 1028 2024 in
1053 1995 1063 2012 ‘
1081 1994 1243 2035 Adorea‚’
1264 1996 1377 2038 ibique
1402 1998 1568 2037 Scalige—

113 2038 134 2066 4
160 2036 204 2066 Et
219 2036 314 2066 litant
329 2036 433 2066 Latiae
445 2036 544 2068 codd.
557 2037 640 2068 Vat.
658 2042 694 2068 et
712 2038 866 2069 Florent.
913 2038 956 2068 Et
979 2038 1086 2069 dicant
1108 2038 1217 2070 Latini
1239 2039 1421 2080 legendum
1451 2046 1573 2072 censet

114 2078 308 2110 Theodorus
319 2079 508 2110 Mamilius.
557 2080 601 2110 Et
617 2081 723 2111 dicant
739 2081 842 2111 Latiae
869 2084 931 2112 tres
952 2081 1017 2111 tria
1037 2082 1118 2111 dona
1140 2081 1354 2121 D'Orleans;
1378 2092 1476 2124 quem
1494 2083 1571 2113 vide

116 2121 150 2152 in
166 2122 248 2153 Var.
265 2121 378 2153 Notis.
425 2122 471 2152 Et
497 2122 604 2154 ditant
626 2123 738 2154 Latias
761 2125 796 2155 in
825 2123 902 2155 edd.
933 2128 1019 2154 vett.
1066 2124 1110 2155 Et
1127 2124 1229 2156 ditant
1245 2125 1349 2156 Latia>
1361 2126 1471 2158 codex
1489 2127 1573 2157 Pul-

770 2220 914 2252 NOTAE

160 2287 178 2315 1
204 2283 390 2324 Pannonici]
427 2283 504 2316 Hoc
531 2287 596 2325 est,
620 2285 818 2324 Sarmatici3
872 2284 916 2315 t'is
932 2287 969 2315 et
989 2283 1092 2315 Dacis
1117 2285 1385 2326 triumphaverat
1412 2287 1576 2319 Domitia·

115 2334 200 2365 licet
227 2335 404 2366 Pannonia
428 2335 471 2365 sit
497 2336 591 2375 regio
617 2336 686 2367 alia
706 2346 725 2367 a
741 2337 818 2367 Sar·
871 2343 946 2373 mlS,
963 2338 1065 2375 atque
1088 2333 1139 2366 ita
1158 2335 1232 2375 jam
1257 2336 1309 2367 bis
1332 2338 1458 2378 populo
1484 2339 1574 2370 dona

117 2384 234 2423 matia,
262 2384 306 2415 de
336 2384 458 2426 quibus
491 2386 567 2417 vide
599 2386 815 2417 Cluverium:
871 2383 1119 2423 distribuerat;
1146 2384 1219 2425 jam
1247 2395 1341 2426 vero,
1358 2387 1503 2419 victoria
1533 2389 1575 2420 de

118 2439 244 2475 tamen,
257 2440 296 2467 ut
315 2436 476 2477 arbitror,
490 2438 700 2469 Pannoniam
716 2438 819 2470 sumit
871 2434 1035 2466 Sarmatis
1047 2440 1237 2476 reportata,
1249 2437 1351 2468 tertio
1362 2447 1501 2470 munere
1518 2450 1576 2480 po-

117 2485 229 2516 Poeta
244 2496 305 2526 pro
328 2486 509 2518 Sarmatia.
523 2488 619 2519 Suet,
636 2488 670 2518 in
686 2489 820 2520 Domit.
873 2486 988 2526 pulum
1005 2485 1158 2525 donavit,
1172 2487 1264 2517 illurn
1277 2488 1405 2530 quippe
1419 2491 1576 2521 convivio

120 2545 195 2574 cap.
222 2538 254 2566 6.
304 2537 383 2568 ‘De
409 2538 519 2569 Cattis
547 2538 717 2580 Dacisque
741 2544 821 2580 post
874 2535 1024 2576 excepit.
1054 2536 1142 2566 Vide
1155 2537 1257 2578 Epig.
1274 2537 1442 2571 50.infra.
1467 2541 1574 2572 Geor-

119 2585 212 2616 varia
248 2586 364 2625 praelia
398 2587 570 2628 duplicem
618 2588 822 2630 triumphum
875 2588 948 2628 gius
978 2587 1115 2619 Merula
1142 2589 1244 2629 legit:
1280 2591 1325 2622 Et
1350 2591 1448 2623 libant
1472 2592 1575 2624 Latiae

122 2635 213 2675 egit:
237 2634 278 2665 de
293 2635 452 2667 Sarmatis
471 2638 619 2669 lauream
640 2639 741 2670 modo
758 2639 819 2671 Ca·
874 2638 971 2670 tertia
1006 2639 1085 2670 dona
1111 2640 1224 2681 tribus,
1259 2641 1323 2672 hoe
1356 2650 1420 2681 est,
1452 2643 1577 2683 inquit,

123 2685 265 2725 pitolino
280 2685 360 2716 Jovi
377 2688 517 2719 retulit!
553 2690 607 2720 De
623 2699 690 2731 qua
704 2690 821 2722 laurea
874 2689 990 2728 urbes,
1018 2693 1054 2720 et
1077 2690 1206 2731 Oppida
1238 2702 1313 2732 quae
1348 2692 1478 2724 habent
1513 2694 1572 2734 jus

122 2735 176 2766 hic
192 2736 342 2776 loquitur
358 2736 478 2768 Poeta.
874 2742 1045 2782 Latiijam
1062 2744 1163 2774 tertio
1179 2743 1371 2775 sacrificant
1395 2754 1456 2785 pro
1471 2746 1574 2776 tertia

168 2785 342 2826 Narratur]
367 2786 445 2825 Alii,
459 2793 646 2822 numeratur.
874 2793 1016 2825 victoria
1039 2793 1081 2826 de
1099 2794 1259 2827 Sarmatis
1282 2795 1399 2827 relata.
1447 2795 1571 2826 Videat

167 2840 185 2868 4
204 2837 246 2868 Et
262 2837 364 2869 ditant
382 2837 505 2878 Latias]
528 2840 587 2870 Bis
600 2840 671 2880 jam
685 2841 726 2873 de
739 2842 817 2873 Cat·
875 2845 995 2875 lector.
