1893 3225
242 215 327 255 744
718 222 763 252 u.
787 221 849 250 VA
861 221 898 251 L.
935 221 1208 252 MARTlAhls

1667 320 1693 358 (Β

242 320 505 360 Exclamare
526 319 650 367 libet,
673 331 758 359 uon
779 324 849 358 est
869 317 941 359 hic
964 319 1179 371 improbe,
1200 330 1288 358 non
1312 323 1381 358 est

299 387 471 428 Piscis:
502 386 635 427 homo
657 391 744 427 est:
775 386 1015 434 hominem,
1039 384 1308 435 Calliodore,
1330 397 1478 426 voras.

239 504 341 540 caput.
387 501 573 531 Exclamare
586 500 691 539 juvat,
713 500 745 531 Ο
772 499 919 540 improbe,
942 509 1002 530 uon
1021 502 1067 529 est
1090 499 1157 539 hoc,
1177 509 1238 530 non
1260 502 1306 530 est
1318 499 1428 541 piscis,
1449 498 1534 529 homo
1556 502 1614 530 est.
1661 498 1692 529 Ο

244 543 431 583 Calliodore,
446 544 587 575 exsorbes
605 543 768 575 hominem.

848 604 1087 615 eeeeeeeeeeee

237 653 389 682 vest—3
406 651 478 682 Non
492 650 567 682 cod.
582 650 828 682 Pulmann.—6
846 650 946 681 Cenas
958 650 1038 681 Vat.
1087 651 1195 680 Comes
1211 648 1285 680 cod.
1298 648 1478 680 Pulmann.
1504 649 1549 679 Et
1561 648 1694 689 quidam

240 694 305 725 Ms.
323 699 360 726 ut
378 693 525 734 videtur,
541 703 595 735 ap.
613 693 879 734 Beverlandrrm,
895 693 951 734 qui
967 694 1014 724 sic
1031 693 1157 724 habet:
1181 692 1190 708 ‘
1208 692 1318 722 Comes
1333 690 1396 721 M.’

898 767 1036 799 NOTAE

280 837 300 865 6
337 833 502 865 Hominem
517 833 620 874 voras]
638 832 714 866 Hoc
728 838 791 874 est,
807 843 942 865 servum
967 843 1066 875 quem
1085 832 1330 871 vendidisti,ut
1344 841 1474 863 emeres
1498 832 1649 863 mullum.

852 983 1085 1026 XXXII.

377 1076 440 1105 DE
494 1074 712 1104 ιΜΑριΝΕ
749 1074 797 1105 Μ.
825 1073 1056 1113 ANTONH,
1090 1074 1156 1104 AD
1191 1071 1543 1103 cAEmrmNmi.

244 1140 367 1182 HAEc
398 1141 505 1182 mihi
527 1154 628 1195 quae
651 1141 810 1182 colitur
827 1141 959 1182 violis
980 1141 1170 1194 pictura,
1192 1141 1413 1194 rosisque,

294 1207 424 1259 Quos
445 1210 605 1251 referat
628 1210 790 1260 vultus,
815 1209 1082 1258 Caeditiane‚
1106 1211 1270 1262 rogas?

235 1275 360 1317 Talis
380 1281 473 1318 erat
494 1277 680 1319 Marcus
703 1277 858 1318 mediis
880 1277 1099 1318 Antonius
1120 1278 1247 1317 annis

293 1343 492 1387 Primus:
525 1346 567 1386 in
588 1347 671 1387 hoc
689 1346 903 1400 juvenem
926 1359 975 1386 se
995 1345 1116 1386 videt
1135 1358 1207 1386 ore
1230 1358 1377 1385 senex.

237 1410 326 1452 Ars
348 1414 513 1454 utinam
533 1427 695 1463 mores,
719 1414 1004 1466 animumque
1024 1411 1224 1464 effingere
1243 1416 1399 1466 posset
1416 1412 1424 1451 !
1668 1426 1695 1449 ι)

292 1479 523 1523 Pulchrior
539 1483 583 1522 in
606 1482 730 1523 terris
751 1481 879 1522 nulla
898 1480 1067 1523 tabella
1087 1480 1207 1521 soret.

279 1590 309 1622 Ο
331 1591 507 1632 Coeciliane,
528 1592 688 1632 quaerisne
704 1602 793 1633 quam
801 1592 920 1630 faciem
943 1591 1101 1631 exprimat
1116 1592 1181 1622 haec
1193 1592 1327 1632 pictura,
1344 1601 1436 1632 quiam
1463 1600 1589 1622 veneror
1605 1590 1694 1621 violis

234 1638 264 1664 et
278 1635 377 1665 rosis?
401 1635 486 1666 Talis
501 1639 567 1666 erat
583 1636 713 1667 BIarcus
723 1635 885 1666 Antonius
898 1635 1027 1666 Primus
1031 1634 1166 1674 florente
1178 1639 1287 1665 oetate:
1310 1645 1404 1666 senem
1414 1644 1445 1665 se
1460 1635 1541 1664 videt
1549 1634 1695 1672 juvenem

234 1678 267 1707 in
283 1677 337 1708 hoc
352 1679 448 1709 vultu.
498 1679 628 1710 Utinam
644 1688 699 1710 ars
712 1679 811 1709 valeat
827 1679 999 1719 exprimere
1014 1688 1113 1709 mores
1129 1681 1158 1709 et
1175 1678 1329 1710 mentem!
1352 1679 1438 1708 nulla
1453 1677 1566 1708 tabella
1581 1678 1613 1707 in
1630 1680 1692 1707 ter-

234 1720 279 1750 ris
295 1724 373 1751 esset
381 1720 564 1758 formosior.

846 1783 1082 1795 aeeaeeuoeoeo‘

276 1828 381 1858 ,Marci
398 1827 476 1859 edd.
498 1827 670 1859 Selii-evol.
687 1828 802 1859 Maitt.
825 1827 968 1859 Farnab.
1014 1829 1064 1859 M.
1082 1827 1212 1858 Antonii
1232 1827 1335 1857 Primi
1352 1826 1406 1857 ed.
1424 1825 1595 1856 Barbouii.
1613 1825 1694 1857 Edi-

234 1875 286 1901 tor
304 1870 429 1910 Delph.
446 1870 524 1901 dum
542 1870 706 1911 reliquum
725 1870 860 1900 titulum
877 1871 1014 1910 Imilce,
1041 1872 1050 1887 ‘
1065 1871 1170 1901 Primi
1184 1870 1192 1883 '
1217 1869 1401 1900 Romanice
1420 1870 1620 1909 inscriptum
1635 1880 1691 1900 ex-

232 1913 337 1944 hibet.
366 1914 417 1944 Ad
432 1913 470 1943 C.
487 1914 651 1944 omittunt
664 1912 742 1943 Ald.
754 1913 851 1945 Junt.
869 1914 981 1945 Colin.
1011 1914 1064 1945 Ad
1078 1914 1282 1945 Caecilz'anum
1299 1918 1377 1952 post
1390 1913 1398 1929 ‘
1411 1912 1550 1943 Antonii
1566 1911 1574 1923 ’
1591 1912 1695 1943 habet

232 1955 297 1987 Ed.
316 1956 396 1987 Par.
412 1958 507 1987 1617.
525 1965 599 1996 quae
617 1956 704 1986 hanc
721 1956 925 1996 scripturam
944 1957 1166 1997 amplectitur
1188 1965 1322 1997 quoque
1347 1957 1379 1985 in
1397 1966 1446 1987 vs.
1469 1958 1500 1985 2
1529 1955 1577 1986 ita
1601 1959 1637 1986 ut
1661 1956 1694 1986 in

232 1999 290 2029 illo
307 2008 354 2030 vs.
381 1998 484 2029 etiam
502 1997 580 2030 Ald.
598 1998 697 2030 Junt.
725 1999 837 2030 Colin.
866 2000 923 2029 sed
950 2000 1018 2031 ΜΞ.
1044 2000 1224 2030 Pulrnanni
1255 1998 1504 2030 &nmina—3
1527 1999 1536 2014 ‘
1553 1999 1606 2029 Ita
1629 1998 1694 2028 dis-

234 2041 413 2115 tgidguend.
442 2051 507 2073 non
523 2052 563 2073 m.
580 2041 621 2073 A.
637 2042 728 2073 annis
740 2053 750 2073 .-
767 2042 896 2073 Primus
912 2043 944 2073 in
960 2042 1039 2074 hoc.'
1053 2043 1205 2074 Gronov.
1223 2042 1411 2074 Posteriori
1428 2051 1522 2073 ruore
1540 2047 1695 2082 pungunt

232 2094 250 2116 e
304 2108 311 2115 n
328 2089 415 2116 vett·
1643 2103 1646 2106 ⁴

894 2139 1033 2170 NOTAE

275 2207 294 2234 3
322 2204 407 2235 Talis
417 2203 502 2244 erat]
527 2204 582 2235 De
600 2214 666 2245 quo
677 2203 823 2235 diximus
836 2205 933 2244 Epig.
1034 2209 1051 2235 5
1077 2203 1140 2235 Ars
1153 2204 1289 2243 utinam]
1313 2204 1430 2233 Virtus
1443 2202 1545 2241 enim,
1559 2202 1585 2232 si
1600 2202 1695 2243 pingi

236 2257 309 2286 100.
324 2254 383 2286 lib.
399 2263 451 2286 lx.
469 2259 504 2285 et
517 2255 618 2296 Epig.
633 2258 684 2286 23.
700 2265 814 2295 supra,
830 2265 934 2286 annos
991 2261 1119 2296 posset,
1144 2253 1458 2286 vehementissimos
1484 2254 1532 2283 sui
1560 2262 1692 2284 amores

233 2305 304 2345 ejus
321 2305 543 2346 computavit.
989 2306 1169 2336 excitaret.

831 2467 1091 2510 XXXIII.

643 2558 710 2587 Ar)
749 2558 1021 2588 MUNATHJM
1058 2558 1280 2587 GALLUM.

241 2625 542 2666 SIMPLIGIOR
565 2627 745 2680 priscis,
769 2625 946 2668 Munati
967 2626 1112 2675 Galle,
1133 2626 1330 2674 Sabinis,

295 2692 567 2748 Cecropium
589 2706 772 2748 superas
796 2695 872 2747 qui
894 2695 1094 2735 bonitate
1119 2706 1290 2744 sencm3

282 2805 312 2835 Ο
333 2806 462 2836 Νωηαιί
486 2806 588 2845 Galle,
605 2806 656 2845 qui
672 2807 831 2838 candidior
855 2806 992 2847 arztiquis
1008 2805 1134 2837 Sabinis
1149 2806 1246 2836 vincis
1267 2805 1421 2845 probitate
1435 2814 1537 2835 senem
1562 2804 1693 2835 Atheni-
