1893 3225
232 229 315 270 558
708 239 758 268 M.
792 237 905 268 VAL.
938 236 1212 268 „uA-erms

404 331 530 383 Quas
552 336 600 372 tu
618 337 787 374 nectere
808 331 1037 381 candidas,
1060 331 1139 372 sed
1155 331 1273 381 olim,

403 401 479 442 Sic
502 405 544 441 te
566 414 737 455 semper
759 405 876 442 amet
895 400 1066 451 Venus,
1087 403 1319 441 memento.

231 510 304 542 quos
319 503 352 531 tu
363 501 511 531 memento
526 501 647 531 nectere
659 509 763 540 canos,
778 503 811 530 at
823 500 909 538 olim,
925 499 968 530 sic
980 509 1099 540 semper
1107 499 1229 539 placeas
1249 496 1371 529 Veneri.

890 575 1030 607 NOTAE

276 645 296 672 2
320 639 530 680 Apollinaris]
552 640 604 670 De
622 639 757 680 quolib.
773 648 821 671 ιν.
832 640 935 680 Epig.
992 639 1052 671 sed
1083 639 1198 671 multis
1227 638 1349 670 abhinc
1371 636 1478 668 annis.
1524 636 1580 669 Sic
1596 641 1693 677 optat

235 695 287 723 87.
334 691 484 722 Felicem
498 700 606 721 rosam
621 690 819 731 dixit‚quod
832 689 937 730 Apol·
992 690 1102 721 Poe‘ta
1119 691 1174 721 diu
1191 690 1306 720 vivere
1320 688 1566 728 Apollinarem.

235 742 348 772 linaris
365 751 478 771 (tomas
494 740 748 771 circumdatura
765 745 864 771 esset.
1034 744 1054 772 4
1078 741 1173 772 Amet
1194 739 1312 779 Venus]
1336 739 1399 771 Cui
1415 738 1574 770 dedicata
1589 747 1636 769 es,

280 795 298 823 3
318 792 487 830 Candidus,
500 792 552 821 sed
565 790 654 831 olim]
669 790 744 822 Hoc
757 795 822 831 est,
834 801 936 822 cauas

922 899 1029 941 XC.

776 978 844 1008 AD
876 978 1151 1008 CRETICUM.

235 1048 263 1089 J
269 1057 432 1088 ACTAT
452 1046 716 1099 inaequalem
737 1045 893 1087 Matho
915 1059 983 1087 me
1004 1046 1167 1086 fecisse
1190 1045 1416 1087 libellum:

292 1115 342 1157 Si
361 1128 509 1156 verum
529 1117 608 1163 est,
629 1113 786 1154 laudat
807 1113 1004 1154 carmina
1025 1117 1182 1154 nostra
1205 1113 1377 1155 Matho.

236 1183 457 1237 AEquales
478 1183 633 1223 scribit
650 1181 786 1222 libros
808 1180 1023 1223 Calvinus
1043 1186 1085 1223 et
1108 1182 1285 1223 Umber.

295 1251 500 1306 AEqualis
520 1250 629 1290 liber
647 1253 729 1299 est,
752 1249 935 1299 Cretice,
957 1249 1034 1302 qui
1054 1249 1197 1290 malus
1219 1253 1296 1290 est.

280 1350 391 1382 Matho
403 1350 557 1390 proedicat
580 1359 627 1379 me
642 1350 799 1389 scripsisse
815 1348 928 1379 librum
943 1349 1125 1389 inoequalem
1141 1360 1151 1380 .·
1174 1349 1202 1379 si
1221 1358 1326 1379 verum
1341 1351 1398 1387 est,
1416 1347 1530 1378 Matho
1545 1357 1696 1378 commen-

235 1395 290 1425 dat
307 1403 387 1425 meos
399 1403 512 1424 versus.
559 1392 707 1423 Calvinus
719 1396 748 1422 et
775 1392 888 1423 Umber
903 1396 1081 1432 componunt
1100 1391 1216 1422 libellos
1227 1392 1370 1432 (equales.
1403 1391 1434 1422 O
1450 1391 1580 1430 Critice,
1595 1401 1697 1430 a’qua-

237 1438 276 1468 Iz's
291 1440 337 1468 est
347 1436 424 1466 liber
439 1437 490 1476 qui
506 1436 604 1466 malus
620 1439 676 1467 est.

845 1486 1087 1497 “memte

278 1535 330 1564 Ad
349 1533 503 1563 Criticum
525 1531 604 1562 Ald.
635 1531 731 1562 Junt.
750 1531 860 1562 Colin.
879 1531 1010 1572 Gryph.
1031 1532 1187 1562 Pulman.
1205 1531 1322 1561 Plant.
1345 1529 1485 1562 Junian.
1505 1530 1612 1561 Lana.
1630 1532 1694 1560 Sec.

239 1577 290 1607 Ad
306 1576 469 1606 Creticum
498 1575 530 1604 iu
559 1574 677 1604 codice
709 1574 986 1604 Florentium—3
1014 1575 1184 1604 Cala-ianus
1212 1573 1321 1604 codex
1343 1573 1536 1603 Tliuan.—4
1575 1572 1696 1603 Critice

236 1620 269 1649 in
298 1618 376 1649 Ald.
403 1618 501 1649 Junt.
533 1617 645 1647 Coliu.
674 1616 807 1657 Gryph.
832 1616 989 1647 Pulman.
1016 1616 1130 1647 Plant.
1147 1617 1286 1649 suniau.
1303 1616 1411 1656 Lang.
1438 1618 1503 1646 &c.
1574 1615 1694 1645 Cretice

239 1661 346 1693 codex
364 1659 594 1692 Florentinus.

898 1702 1043 1733 NOTAE

281 1772 296 1800 1
324 1767 450 1808 Matho]
474 1769 530 1799 De
547 1777 612 1809 quo
633 1766 706 1807 jain
735 1766 864 1798 dictum
880 1766 939 1798 lib.
996 1776 1076 1806 ergo
1105 1766 1243 1808 aeqnalis
1273 1765 1380 1797 malus
1411 1771 1474 1805 est,
1501 1765 1580 1805 quia
1608 1765 1702 1795 Mar·

238 1832 290 1855 Π.
307 1822 406 1863 Epig.
423 1825 475 1852 80.
998 1818 1086 1848 tialis
1119 1817 1250 1857 judicio
1290 1825 1460 1857 nunquam
1495 1816 1580 1847 liber
1609 1821 1698 1846 totus

280 1876 299 1904 4
324 1871 572 1912 AEqualisliberj
596 1871 709 1901 Malus
723 1870 890 1912 est,quia‚
903 1874 941 1901 ut
997 1868 1178 1899 bonusest.

238 1924 325 1954 dixit
344 1921 527 1954 Poe'talib.
551 1931 575 1952 1.
607 1921 706 1961 Epig.
738 1924 788 1953 17.
817 1921 850 1951 in
875 1931 941 1952 uno
1043 1918 1164 1948 Cretice
1193 1916 1344 1958 [Criiice]
1370 1917 1508 1956 Legunt
1539 1917 1594 1947 alii
1628 1917 1703 1946 Fre-

237 1973 324 2004 libro
341 1972 495 2013 quaedam
519 1976 596 2002 sunt
613 1972 712 2010 bona,
736 1977 769 2002 et
786 1972 941 2013 quandam
996 1968 1079 2009 tice,
1096 1974 1134 2000 ut
1149 1968 1194 2000 sit
1210 1978 1331 2000 nomen
1345 1968 1528 2009 proprium.

238 2022 435 2061 mediocria,
471 2022 570 2063 plura
609 2032 689 2053 vero
719 2023 827 2053 mala:
855 2022 943 2054 liber

906 2130 1038 2172 XCI.

752 2211 819 2240 AD
862 2209 1186 2240 JUVENALEM.

241 2277 316 2318 DE
336 2281 484 2318 nostro
505 2278 694 2319 facunde
713 2278 793 2319 tibi
813 2278 843 2319 J
848 2279 1048 2319 uvenalis
1071 2277 1216 2330 agello

297 2344 605 2386 Saturnalitias
623 2347 854 2395 mittimus,
878 2359 999 2395 ecee,
1022 2357 1176 2385 nuces.

239 2411 404 2453 Cetera
422 2413 603 2455 lascivis
625 2414 810 2455 donavit
829 2427 962 2468 poma
981 2413 1145 2467 puellis

298 2479 500 2520 Mentula
521 2481 722 2522 custodis
742 2482 974 2522 luxuriosa
996 2480 1097 2522 Dei.

858 2568 1097 2580 eeeeeeeeeeee

285 2614 302 2642 1
325 2609 487 2642 Juvebalis
501 2610 599 2643 Junt.
613 2621 667 2642 an.
684 2614 778 2644 1512.
824 2612 962 2652 Cetera,
978 2611 1072 2642 nulla
1087 2616 1139 2642 est
1156 2609 1313 2642 lectionis
1327 2612 1487 2642 varietas.

897 2687 1041 2718 NOTAE

284 2753 303 2781 2
326 2749 562 2789 Saturnalicias,
577 2750 647 2790 ξω]
671 2750 802 2782 Quibus
818 2751 946 2782 luditur
1043 2754 1063 2782 4
1088 2750 1325 2790 Mentula‚3‚-c.]
1350 2751 1430 2791 Ipse
1445 2750 1606 2791 Priapus.
1627 2750 1706 2783 Lib.

242 2801 276 2832 in
293 2800 540 2833 Saturnalibus.
565 2800 640 2833 Lib.
656 2810 691 2832 v.
708 2801 809 2842 Epig.
827 2804 879 2833 31.
1000 2812 1025 2834 1.
1039 2801 1141 2843 Epig.
1157 2802 1210 2831 36.
1225 2806 1261 2832 et
1275 2800 1334 2832 lib.
1352 2810 1400 2832 w.
1420 2801 1519 2842 Epig.
1531 2804 1583 2833 49.
1598 2807 1632 2833 et
1647 2805 1701 2833 73.
