1893 3225
261 223 346 263 992

739 235 788 263 Μ.
822 235 935 264 VAL.
969 236 1246 265 MAR'rtALts

912 329 942 359 N
949 327 1052 359 OTAE

303 396 444 436 Tessera]
467 397 643 427 Vitruvius
667 396 725 428 lib.
743 407 777 428 v.
821 398 829 413 ‘
844 397 959 428 Cubus

258 454 310 478 est
323 457 443 488 corpus
461 457 501 477 ex
518 457 576 478 sex
595 447 755 478 lateribus
773 448 896 489 aequali
913 449 958 478 la·

256 498 402 529 titudine
424 499 640 538 planitierum
663 498 879 539 quadratum.
924 499 959 530 Is

255 558 330 578 cum
352 553 403 579 est
423 550 552 589 Jactus,
577 559 675 590 quam
702 550 736 580 in
753 554 884 590 partem
909 550 958 580 in-

255 599 386 637 cubuit,
412 599 491 629 dum
519 604 572 630 est
599 599 762 640 intactus,
784 599 958 630 immotam

255 649 357 680 babet
374 650 570 680 stationem:
597 651 647 680 uti
673 655 751 681 suut
770 650 872 681 etiam
890 656 955 681 tes-

253 710 349 738 serae,
365 710 449 741 quas
461 701 495 732 in
512 702 608 732 alveo
633 700 957 741 ludentesjaciunt.’

255 751 452 782 Macrobius
477 751 535 782 lib.
558 761 597 782 11.
620 761 697 792 cap.
713 754 744 782 2.
789 753 798 769 ‘
815 752 959 783 Tessera

255 802 380 834 Graeco
397 803 532 833 nomine
548 801 643 836 κύβος
658 802 874 842 appellatur.¹

1058 402 1072 429 l
1103 399 1174 429 Non
1212 400 1271 429 sim
1304 410 1430 431 nurnero
1465 401 1540 441 pur]
1579 402 1719 433 Duabus

1013 449 1101 480 enim
1129 450 1282 480 tribusve
1317 451 1469 489 tesseris,
1495 456 1639 493 quatuor
1663 463 1719 484 au-

1014 505 1083 530 tem
1112 500 1153 530 ad
1185 500 1357 532 minimum
1386 502 1477 541 talis,
1493 502 1721 533 contendeba-

1014 556 1068 580 tur
1093 550 1125 580 in
1153 551 1225 581 acie
1248 551 1383 582 lusoria.
1431 552 1659 592 Calcagniuus
1677 553 1719 584 de

1013 601 1175 632 Tesseris.
1221 601 1307 631 Vide
1326 602 1384 632 lib.
1402 611 1484 633 xm.
1502 603 1603 643 Epig.
1623 606 1652 634 1.

1055 653 1074 681 2
1099 650 1205 688 Major
1221 650 1303 690 alea]
1329 651 1405 682 Hoc
1429 657 1495 691 est,
1514 652 1593 683 dum
1609 654 1722 694 major

1013 701 1160 740 pecunia
1187 710 1262 731 meo
1285 700 1377 740 ludo,
1405 711 1504 743 quam
1529 703 1605 734 talis
1629 713 1720 735 coni-

1014 751 1205 782 mittantur.

912 938 1053 980 XVI.

826 1027 1135 1058 TURRIGULA.

255 1095 378 1145 QUAE
399 1098 483 1136 scit
502 1098 778 1149 compositos
800 1109 956 1138 manus
976 1098 1181 1151 improba
1203 1097 1376 1138 mittere
1399 1097 1547 1146 talos,

313 1162 359 1202 Si
383 1176 460 1216 per
481 1176 548 1203 me
568 1164 703 1213 misit,
725 1164 787 1205 nil
811 1164 897 1205 nisi
920 1170 1026 1206 vota
1047 1165 1172 1206 facit.

294 1272 407 1303 Manus
422 1272 526 1303 dolosa
548 1272 660 1312 quoerit
676 1273 784 1311 jacere
798 1274 878 1304 talos
900 1275 1102 1315 compositos:
1123 1275 1150 1305 si
1173 1285 1229 1315 per
1253 1285 1299 1306 me
1318 1275 1412 1314 jecit,
1438 1275 1519 1306 nihil
1533 1275 1622 1314 facit
1650 1276 1713 1306 uis-z·

249 1319 331 1346 vota.

861 1369 1075 1381 emnem
1080 1370 1097 1381 ο

293 1427 307 1453 l
332 1423 389 1455 Sic
405 1423 481 1455 cod.
510 1423 649 1454 Beverl.
662 1428 698 1454 et
719 1423 773 1454 ed.
794 1423 896 1454 Barb.
921 1423 1069 1455 Consule
1087 1423 1171 1455 Not.
1188 1424 1335 1456 van-2
1361 1425 1454 1456 Feret
1466 1425 1533 1457 Ms.
1552 1426 1690 1457 Beverl.

907 1509 1051 1541 NOTAE

293 1571 472 1612 Turricula]
495 1572 580 1604 Quae
597 1580 719 1612 nempe
744 1572 884 1603 inventa
899 1576 954 1603 est

246 1622 288 1653 ad
314 1622 467 1653 vitandas
485 1621 614 1652 inludo
642 1622 788 1653 talorum
813 1620 952 1653 fraudes

247 1679 492 1705 xetetetoruui.
536 1673 624 1704 Vide
642 1673 700 1704 lib.
717 1683 766 1704 1v.
784 1673 951 1714 Epig.14.

291 1727 306 1754 1
335 1723 544 1764 Compositos]
577 1723 758 1755 Aleatores
786 1724 875 1755 enim
903 1725 953 1756 ita

246 1776 278 1805 iu
305 1784 401 1806 manu
424 1775 510 1806 talos
532 1780 756 1815 componunt⁷
780 1780 817 1806 ut
833 1780 952 1816 optata

1008 1577 1137 1613 puncta
1156 1578 1360 1613 appareant.

1049 1625 1070 1654 2
1095 1623 1132 1654 Si
1145 1633 1202 1664 per
1218 1623 1280 1663 me]
1301 1624 1337 1655 Si
1355 1633 1415 1664 per
1432 1633 1499 1662 me,
1517 1624 1713 1656 turriculam

1007 1683 1142 1714 nempe,
1166 1683 1208 1704 ex
1233 1684 1299 1716 qua
1315 1683 1375 1705 seu
1399 1683 1506 1715 pyrgo
1521 1684 1597 1706 cum
1614 1675 1712 1706 emit·

1007 1729 1127 1755 tuntur
1155 1725 1229 1763 tali,
1245 1725 1355 1756 nullus
1380 1724 1458 1756 dolo
1480 1725 1538 1757 sed
1565 1724 1712 1757 fortunae

1007 1780 1139 1806 tantum
1152 1775 1246 1807 locus
1261 1780 1327 1807 est.

894 1908 1061 1950 XVII.

739 1998 869 2028 'rAssU
881 1998 939 2027 LA
975 1998 1206 2029 LUSORIA.

246 2069 343 2110 ch
365 2068 472 2109 mihi
491 2069 562 2109 bis
584 2080 694 2108 seno
715 2072 966 2109 numeratur
985 2072 1155 2109 tessera
1177 2072 1362 2122 puncto:

303 2137 512 2178 Calculus
534 2136 607 2177 hic
624 2136 796 2189 gemino
815 2135 1007 2176 discolor
1025 2136 1154 2177 hoste
1173 2136 1299 2190 perit.

286 2249 352 2279 Hic
366 2258 487 2279 numero
509 2252 655 2280 tesseram
670 2248 828 2279 duodecim
841 2247 989 2286 punctis:
1011 2247 1061 2277 hic
1083 2248 1215 2278 discolor
1234 2247 1366 2277 calculus
1385 2245 1521 2276 vincitur
1543 2255 1561 2275 α
1582 2245 1704 2284 gemino

243 2292 338 2322 hosce.

879 2341 974 2353 ooooo

978 2341 1094 2352 cccccc

289 2402 303 2430 1
328 2398 481 2430 Primum
498 2397 541 2429 ab
554 2398 653 2429 initio
669 2398 850 2439 legendum
867 2407 885 2428 e
897 2397 964 2429 Ms.
980 2397 1052 2428 Huc
1067 2397 1144 2427 mihi
1157 2397 1266 2437 inquit
1283 2395 1434 2427 Gronov.

895 2477 1037 2511 NOTAE

286 2549 302 2576 l
328 2545 394 2576 Hic
417 2544 511 2585 mihi]
534 2544 576 2575 In
603 2544 721 2575 tabula
744 2544 876 2575 scilicet
891 2543 940 2573 lu-

239 2598 340 2636 soria,
357 2607 432 2638 quae
450 2602 653 2628 tesserarum
681 2600 718 2627 et
734 2596 942 2627 calculorum

238 2649 318 2679 ludo
331 2647 516 2679 serviebat.

283 2700 344 2731 Bis
364 2700 449 2741 seno]
474 2699 619 2731 Duabus
638 2699 775 2730 tesseris
792 2708 885 2739 saepe
898 2699 943 2729 lu-

240 2750 407 2788 debatur3
432 2755 468 2782 et
491 2760 566 2782 cum
593 2751 627 2781 in
653 2750 761 2781 altera
777 2754 880 2790 atque
898 2750 942 2780 al-

242 2807 314 2833 tera
342 2801 456 2833 forent
482 2811 539 2833 sex
572 2806 709 2841 puncta,
739 2807 943 2842 punctorum

997 2541 1176 2572 duodecim
1216 2551 1346 2572 summa
1382 2540 1603 2572 reddebatur.
1649 2541 1705 2573 Sic

998 2594 1225 2634 Calcagniuus
1238 2593 1280 2623 de
1295 2593 1459 2624 Tesseris.

1040 2649 1059 2676 2
1086 2644 1247 2685 Calculus]
1270 2644 1338 2678 Qui
1362 2654 1381 2674 a
1396 2644 1529 2675 duobus
1546 2644 1620 2675 aliis
1634 2644 1702 2676 dis-

998 2696 1165 2727 coloribus
1183 2695 1414 2727 circumdatus
1429 2695 1576 2735 peribat.
1616 2695 1703 2726 Vide

999 2748 1057 2779 lib.
1073 2757 1137 2779 vu.
1157 2747 1255 2788 Epig.
1272 2749 1324 2779 72.
1338 2751 1372 2778 et
1391 2747 1491 2788 Epig.
1509 2749 1562 2779 20.
1579 2746 1681 2778 iufra.
