1893 3225
732 230 777 258 Μ.
813 229 923 260 vAh.

959 229 1237 259 MARTIAMS

931 365 1100 407 XXV.

875 457 940 487 DE
975 456 1151 486 MUCIO.

289 523 344 564 ΙΝ
372 524 591 565 matutina
610 537 746 579 nuper
766 530 999 580 spectatus
1019 538 1149 565 arena

350 590 544 642 Mucius,
566 592 781 645 imposuit
802 592 878 646 qui
899 605 980 633 sua
999 593 1196 634 membra
1214 592 1345 643 focis,

289 657 336 698 Si
358 659 534 713 patiens
554 659 775 714 sortisque
797 659 876 700 tibi
898 659 1124 713 durusque
1147 660 1332 710 videtur,

347 723 635 768 Abderitanae
656 732 837 781 pectora
854 728 1000 781 plebis
1020 728 1172 769 habes.

292 793 412 835 Nam
434 808 535 836 cum
555 795 728 836 dicatur
749 796 901 836 tunica
920 802 1139 849 praesente
1161 796 1368 846 molesta,
1720 795 1748 834 5

347 861 437 904 Ure
455 876 631 905 manum
648 877 658 905 :
688 863 791 917 plus
812 868 880 905 est
896 863 1056 913 dicere,
1084 864 1183 906 Non
1202 864 1333 905 facio.

332 968 443 1009 Nuper
458 969 491 1000 in
509 979 603 1000 arena
617 979 706 1000 mane
728 972 885 1010 spectatus
898 974 951 1001 est
978 970 1115 1010 Mucius,
1139 971 1191 1010 qui
1207 970 1345 1001 admovit
1352 969 1495 1010 flammis
1509 978 1579 999 suos
1593 972 1699 999 artus:
1721 969 1749 999 si

286 1011 448 1043 existimas
469 1012 558 1043 illum
586 1014 770 1053 patientem,
799 1016 829 1044 et
852 1012 983 1052 fortem,
1014 1017 1045 1044 et
1073 1015 1197 1053 «lurum,
1221 1013 1314 1045 habes
1343 1023 1394 1043 cor
1420 1013 1520 1052 plebis
1534 1011 1750 1043 Abderitanae.

291 1055 377 1086 Nam
398 1065 466 1086 cum
487 1055 611 1086 dicatur
632 1059 784 1096 praesente
806 1056 914 1088 tunica
939 1057 1078 1096 molesta,
1102 1067 1158 1087 ure
1180 1066 1326 1088 manum.-
1341 1055 1491 1094 fortioris
1510 1059 1556 1086 est
1582 1054 1683 1086 animi
1700 1064 1749 1085 re-

293 1099 455 1139 spondere,
470 1098 564 1130 Nolo.

908 1151 1140 1164 eeeeeeeee

332 1197 350 1224 5
376 1194 543 1226 Molestum
565 1194 641 1226 cod.
664 1195 844 1227 Pulmann.
870 1195 1020 1227 Tunicam
1045 1197 1182 1228 videtur
1210 1196 1334 1238 legisse
1352 1196 1632 1228 Camerinus—6
1657 1195 1749 1225 Nune

294 1236 340 1268 id.
355 1237 434 1268 cod.
457 1247 520 1278 pro
538 1238 623 1269 Non.

947 1282 979 1314 N
985 1281 1089 1314 O'rAE

331 1343 383 1375 De
399 1344 522 1386 Illucio]
559 1346 747 1378 Scriverius
774 1347 871 1388 legit,
891 1348 928 1379 de
948 1349 996 1379 rei

286 1395 437 1436 supplicio
463 1396 518 1427 sub
546 1407 675 1437 persona
709 1397 813 1428 Mucii
837 1398 997 1438 Scoevoloe,

289 1445 333 1477 de
355 1456 422 1488 quo
443 1446 520 1478 vide
547 1448 605 1480 lib.
630 1457 655 1480 1.
673 1449 773 1489 Epig.
799 1451 851 1479 22.
875 1453 911 1480 et
934 1448 996 1480 lib.

289 1506 369 1528 v111.
385 1497 486 1538 Epig.
500 1500 554 1529 30.

333 1551 350 1578 1
376 1547 416 1578 In
430 1549 602 1589 matutina]
627 1549 764 1590 Duplex
781 1560 847 1581 uno
863 1550 919 1581 die
935 1560 991 1582 ex-

288 1598 472 1631 hibebatur
505 1600 754 1640 spectaculum,
783 1610 882 1632 mane
918 1611 993 1633 cum

290 1649 410 1681 bestiis
436 1649 635 1690 pugnabant
665 1650 885 1690 gladiatores,
918 1656 996 1692 post

290 1699 469 1731 meridiem
500 1710 581 1731 vero
607 1700 630 1731 ii
667 1701 723 1742 qui
759 1701 999 1742 superfuerant

291 1750 382 1785 iuter
411 1760 448 1782 se
479 1750 702 1782 dimicabant.
747 1751 932 1783 Suetonius
964 1752 997 1783 in

291 1802 435 1834 Claudio
451 1812 527 1843 cap.
542 1805 596 1833 34.
624 1802 667 1833 de
689 1801 739 1833 his
761 1801 836 1833 fuse
864 1803 997 1844 Lipsius

294 1853 352 1884 lib.
364 1862 406 1884 11.
420 1852 560 1883 Saturn.
575 1862 651 1893 cap.
666 1855 718 1883 15.

333 1907 353 1935 4
377 1903 596 1944 Abderitanae]
626 1902 704 1935 Hoc
719 1907 783 1944 est,
796 1903 939 1935 stolidus
952 1914 999 1936 es.

1051 1347 1193 1379 Abdera
1208 1347 1290 1378 urbs
1315 1347 1484 1386 Tlrraciae,
1507 1347 1601 1387 cujus
1628 1346 1750 1376 incolae

1049 1398 1127 1429 ooeli
1144 1398 1227 1429 vitio
1239 1397 1280 1428 ad
1295 1398 1461 1428 insaniam
1477 1396 1636 1438 propensi
1650 1401 1750 1427 sunt:

1048 1449 1118 1480 illic
1135 1454 1249 1480 autem
1266 1453 1366 1480 natus
1386 1449 1614 1487 Democritus,
1629 1447 1671 1478 de
1688 1457 1753 1488 qno

1047 1500 1170 1532 Juven.
1205 1500 1276 1531 Sat.
1305 1509 1355 1531 VI.
1398 1499 1409 1516 ⁴
1436 1499 1541 1540 Cujus
1571 1497 1754 1539 prudentia

1049 1554 1228 1591 monstrat,
1256 1550 1411 1581 Summos
1450 1559 1548 1590 posse
1586 1548 1690 1588 viros,
1718 1553 1755 1580 et

1049 1611 1171 1642 magna
1183 1602 1342 1642 exempla
1352 1601 1504 1641 daturos,
1517 1601 1708 1632 Vervecum
1720 1600 1755 1631 in

1051 1653 1164 1693 patria
1186 1662 1367 1694 crassoque
1384 1652 1445 1683 sub
1463 1652 1542 1683 abire
1559 1650 1677 1683 uascL'

1094 1708 1112 1735 5
1141 1704 1258 1735 Tunica
1289 1703 1460 1744 praesente]
1504 1703 1600 1743 Pice,
1629 1701 1755 1742 resina,

1051 1754 1244 1795 ceterisque
1272 1753 1482 1785 flammarum
1504 1753 1672 1785 alimentis
1695 1753 1755 1783 im-

1053 1804 1136 1836 buta
1153 1805 1290 1844 tunica3
1327 1815 1427 1846 quam
1456 1805 1598 1836 induere
1614 1809 1755 1835 coactus

1052 1854 1185 1896 fuisset,
1202 1856 1229 1887 si
1256 1866 1389 1887 manum
1418 1855 1618 1888 comburere
1638 1855 1754 1896 jussus

1052 1907 1230 1937 noluisset.

927 2021 1124 2065 XXVI.

811 2113 875 2142 DF.

910 2114 1077 2144 MORTE
1112 2115 1249 2144 VAR1.

295 2177 459 2228 VARE,
483 2178 759 2220 Paraetonias
782 2178 913 2221 Latia
932 2181 1067 2222 modo
1089 2182 1176 2223 vite
1198 2195 1275 2235 per
1294 2182 1428 2223 urbes

353 2246 399 2288 N
403 2246 556 2297 ubilis,
578 2250 620 2287 et
641 2250 817 2288 centum
838 2247 931 2289 dux
947 2249 1227 2291 memorande
1247 2249 1384 2300 viris3

339 2346 371 2378 Ο
394 2345 486 2388 trare,
505 2348 596 2388 paulo
617 2351 690 2379 ante
708 2349 849 2380 Romana
864 2351 928 2379 rite
942 2349 1077 2389 insignis
1097 2359 1153 2389 per
1173 2349 1263 2380 urbes
1278 2349 1426 2390 AEgypti,
1453 2352 1484 2380 et
1499 2349 1564 2380 dux
1577 2348 1757 2380 celebrande

908 2420 1145 2431 memento

339 2462 391 2494 De
410 2462 492 2495 Varo
509 2463 589 2495 edd.
608 2468 692 2496 vett.
712 2469 748 2496 et
763 2465 953 2506 Delph.-—l
978 2463 1049 2496 Alii
1069 2466 1233 2505 parethon.
1258 2470 1293 2496 et
1310 2466 1492 2498 Paraethon.
1515 2466 1524 2483 ‘
1542 2465 1634 2497 Ante
1650 2466 1752 2506 vulgo

298 2506 478 2546 legebatur
501 2507 611 2539 Latias
625 2509 711 2539 modo
725 2508 799 2546 rite,
824 2507 968 2549 inepte.’
992 2508 1150 2539 Schrevel.
1196 2509 1307 2540 Latias
1326 2520 1365 2540 m.
1382 2510 1445 2542 vite
1461 2509 1516 2541 ed.
1533 2509 1643 2542 Paris.
1657 2512 1752 2540 1617.

955 2583 1098 2615 NOTAE

342 2649 359 2677 l
384 2646 598 2687 Paraetonias]
633 2647 863 2679 Paraetouium
879 2651 914 2679 et
932 2648 998 2679 Pe-

296 2697 418 2728 lusium
435 2697 501 2728 duo
513 2707 641 2729 cornua
653 2698 792 2739 AEgypti
807 2702 907 2729 vocat
922 2699 997 2730 Flo·

298 2757 368 2787 rus,
382 2752 419 2779 ut
436 2747 541 2779 refert
556 2748 721 2781 Ortelius.

298 2799 532 2832 dieiturhodie
545 2799 729 2832 secundum
742 2799 873 2841 aliquos
888 2800 997 2831 Portu-

1053 2701 1127 2732 dius
1141 2701 1199 2732 lib.
1216 2711 1269 2733 lx.
1287 2702 1373 2732 Met.

765 2750 998 2781 Par-:etonium
1053 2752 1310 2793 Mareoticaque
1326 2762 1417 2791 arva,
1433 2750 1671 2793 pharumque!

1054 2649 1165 2689 Russa,
1180 2649 1365 2681 secundum
1387 2650 1468 2681 alios
1491 2650 1624 2681 Berlon.
1671 2650 1755 2681 Ovi·

1416 2704 1424 2719 ⁵
1442 2700 1503 2741 Isi,
1515 2701 1759 2741 Paraetonium,

1097 2802 1190 2833 Latia
1206 2802 1285 2843 vite]
1321 2804 1406 2835 Qua}
1423 2806 1497 2833 erat
1513 2801 1641 2842 insigne
1666 2801 1754 2831 Cen-
