1893 3225
487 261 891 292 EPIGRAMMATUM
931 260 1022 290 1213.
1056 261 1164 291 viu.
1459 248 1543 290 (5³29

89 357 212 398 Fecit
235 355 514 410 Hyperborei
535 357 778 398 celebrator
801 356 937 397 Stella
958 355 1188 409 triumphi:

144 426 182 467 Ο
202 427 368 480 pudor!
401 440 428 467 o
448 428 589 481 pietas
608 426 616 466 !
648 431 694 466 et
714 429 839 479 putat
858 438 957 465 esse
979 437 1150 477 parum.

88 493 193 535 Non
216 494 277 534 illi
295 495 405 535 satis
426 499 495 535 est
515 495 689 535 turbato
711 492 915 534 sordidus
938 504 1043 532 auro
1513 491 1540 531 5

145 561 355 612 Hermus,
377 567 423 603 et
445 562 668 615 Hesperio
690 561 765 614 qui
785 564 912 601 sonat
932 560 1038 600 orbo
1058 557 1221 612 Tagus.

88 629 242 670 Omnis
262 631 393 671 habet
415 643 496 670 sua
517 630 635 670 dona
657 629 768 678 dies,
788 641 867 670 nec
889 628 1007 668 linea
1028 627 1156 668 dives

144 696 324 749 Cessat3
357 698 460 738 etin
477 698 692 752 populum
711 696 851 737 multa
872 695 1030 749 rapina
1052 694 1185 736 cadit.

88 765 221 806 Nunc
244 766 422 807 veniunt
443 765 600 807 subitis
622 765 795 805 lasciva
815 763 1080 804 numismata
1100 762 1285 804 nimbis:

143 832 277 874 Nunc
300 834 377 874 dat
399 837 622 888 spectatas
644 837 812 875 tessera
831 832 952 884 larga
971 831 1100 872 feras.
1484 831 1540 872 10

84 944 260 983 Phlegroea,
279 956 350 985 quos
362 949 430 977 tuos
445 949 563 985 optaret
579 956 688 986 pompa
710 945 832 984 Indica,
848 954 866 975 o
883 944 1025 975 Bacche.-
1051 943 1079 973 Ο
1093 941 1216 983 pudor!
1242 942 1270 972 0
1286 940 1408 979 pietas!
1431 944 1461 971 et
1477 951 1541 971 cre-

83 988 129 1018 dit
146 997 209 1018 esse
221 998 341 1028 parum.
389 990 442 1019 Illi
457 1000 514 1019 non
530 990 642 1030 sufficit
661 990 798 1019 Hermus
813 987 956 1018 turbidus
971 997 1046 1018 auro
1062 987 1173 1022 mixto,
1201 995 1254 1016 nec
1275 984 1377 1023 Tagus
1393 984 1446 1024 qui
1460 987 1540 1014 stre-

80 1031 129 1069 pit
145 1030 216 1061 orbe
237 1031 400 1071 Hesperio.
448 1033 557 1062 Omnis
572 1033 636 1062 dies
649 1032 739 1062 habet
754 1041 810 1061 sua
826 1040 967 1068 munera,
989 1039 1043 1060 nec
1059 1030 1143 1059 dives
1165 1028 1246 1058 linea
1271 1030 1380 1064 cessat,
1396 1030 1426 1057 et
1442 1028 1540 1058 multa

83 1072 260 1113 diripienda
276 1075 444 1105 mittuntur
460 1075 491 1104 in
506 1075 661 1114 populum.
707 1075 797 1105 Nunc
809 1074 916 1104 lascivi
932 1072 1050 1104 nummi
1065 1074 1255 1111 sparguntur
1269 1070 1438 1110 repentinis
1460 1070 1539 1099 nim-

82 1115 130 1145 bis
141 1126 155 1153 ,⁰
176 1126 256 1147 nunc
277 1117 422 1159 munifica
444 1121 560 1148 tessera
574 1119 668 1148 dunat
681 1120 835 1158 spectatas
842 1116 944 1154 seras.
995 1116 1139 1147 Votum—es
1154 1124 1214 1145 non
1229 1113 1378 1144 eoehibz‘toe
1393 1113 1540 1144 laetantur

738 1190 972 1202 eeeeeeeeeeee

81 1232 279 1265 landus.—8
301 1233 342 1264 In
371 1233 570 1274 quibusdam
597 1233 676 1265 edd.
708 1238 794 1265 vett.
816 1234 912 1264 multa
928 1233 1018 1264 ruina
1031 1231 1137 1268 cadit;
1162 1230 1195 1261 in
1213 1230 1298 1270 aliis,
1315 1230 1412 1260 mulla
1426 1230 1540 1270 pruina

81 1275 241 1308 cadit.—9
264 1277 357 1308 Nunc
371 1277 497 1308 veniunt
511 1277 606 1308 subiti
619 1277 733 1308 lasciva
750 1277 936 1308 numismata
951 1275 1047 1307 nimbi
1062 1285 1104 1306 ex
1121 1273 1303 1305 veterrimo
1316 1272 1433 1304 codice
1445 1273 1543 1303 Vati-

738 1351 883 1384 NOTAE

83 1417 138 1449 chi
163 1426 237 1448 cum
268 1417 327 1449 illa
350 1417 511 1449 Herculis
536 1418 678 1450 victoria
702 1427 781 1449 con·-
1023 1415 1089 1447 Alii
1106 1415 1230 1446 lineam
1246 1412 1386 1444 divitem
1404 1416 1540 1443 sumunt

835 1417 970 1449 masius.

75 1468 193 1509 junxit
207 1468 308 1499 etiam
321 1468 421 1499 Silius
434 1469 490 1500 lib.
503 1478 528 1500 1.
545 1471 554 1486 ‘
568 1469 686 1501 Qualis
701 1468 780 1500 odo-

81 1518 162 1550 ratis
179 1517 389 1550 descendens
409 1518 512 1549 Liber
526 1518 567 1549 ab
584 1518 679 1550 Indis
698 1518 779 1559 Egit

82 1569 281 1610 pampineos
316 1568 461 1599 fraenata
488 1568 612 1609 tigride
640 1578 778 1607 currus;

83 1619 156 1650 Aut
178 1629 255 1650 cum
283 1619 480 1659 Phlegraeos
511 1618 669 1650 confecta
693 1620 781 1650 mole

84 1669 240 1710 gigantes
254 1669 401 1701 Incessit
415 1670 542 1711 campis
556 1674 699 1711 tangens
715 1671 783 1711 Ty·

82 1720 225 1751 rinthius
242 1718 356 1752 astra!

125 1774 144 1801 5
169 1770 243 1800 Non
269 1767 332 1810 illi]
366 1769 480 1810 Tagus
507 1769 631 1801 fluvius
658 1770 781 1811 Hispa-

83 1821 160 1861 niae,
204 1821 352 1852 Hermus
386 1831 465 1852 vero
504 1821 620 1862 Lydiae
658 1830 777 1853 arenas

83 1880 203 1902 aureas
233 1871 371 1910 vehunt,
399 1881 474 1912 quae
501 1872 615 1903 Stellae
632 1871 781 1903 liberali·

84 1921 146 1953 tati
163 1931 229 1953 non
246 1920 454 1953 sufficerent.

126 1975 144 2003 7
171 1972 281 2003 Omnis
297 1972 403 2012 habet]
427 1971 785 2004 Ludicelebrabantur

83 2033 146 2064 per
175 2023 290 2064 plures
313 2023 401 2062 dies,
424 2022 546 2064 quibus
575 2023 717 2063 singulis
748 2024 782 2055 in

84 2073 245 2114 populum
258 2083 398 2104 munera
413 2073 671 2113 spargebantur.
701 2071 783 2104 Sue-

83 2124 194 2155 tonius
225 2133 301 2163 cap.
327 2126 378 2155 11.
394 2123 428 2153 in
453 2123 612 2155 Nerone:
637 2125 784 2164 ‘Sparsa

84 2179 120 2205 et
137 2173 263 2214 populo
280 2173 421 2204 missilia
437 2173 584 2204 omnium
598 2182 709 2204 rerum
723 2181 785 2214 per

84 2234 200 2257 omnes
222 2224 314 2254 dies:
343 2223 476 2264 singula
500 2224 651 2264 quotidie
682 2225 786 2256 millia

85 2275 195 2306 avium
223 2275 388 2315 cujusque
418 2275 567 2315 generis,
605 2276 786 2318 multiplex

85 2335 204 2366 penus,
239 2329 378 2356 tesserae
403 2324 647 2367 frumentariae,
671 2328 785 2366 vestis,

88 2386 219 2414 aurum,
241 2379 432 2415 argeutum,
450 2386 602 2416 gemmae,
625 2377 786 2417 margari-

86 2431 145 2465 tae,
156 2426 279 2457 tabulae
295 2426 410 2466 pictae,
425 2427 785 2471 mancipia‚jumenta,

88 2482 192 2518 atque
209 2477 311 2507 etiam
326 2482 513 2508 mansuetae
527 2477 631 2517 ferae3
647 2479 785 2510 novissi-

86 2538 139 2559 me
151 2537 261 2565 naveS,
275 2526 511 2567 insulae‚agri.'
537 2528 614 2559 Hoc
630 2529 704 2560 loco
721 2530 782 2561 uti-

87 2584 141 2610 tur
168 2576 343 2608 Turnebus
370 2577 426 2609 lib.
457 2587 564 2610 xxm.
596 2589 672 2620 cap.
690 2584 721 2613 9.
745 2586 783 2612 ut

86 2631 266 2669 sequentes
294 2636 407 2657 versus
432 2629 596 2668 explicet,
620 2631 687 2661 Nec
703 2632 782 2663 linea

87 2679 184 2710 dives.
228 2677 313 2716 Ego,
336 2676 457 2717 inquit,
471 2678 677 2719 interpretor
692 2691 782 2721 gem-

87 2738 157 2760 mus
187 2731 223 2758 et
251 2727 464 2766 margaritas,
480 2737 600 2770 resque
616 2732 782 2770 pretiosas

87 2778 121 2808 in
148 2778 251 2815 linea,
274 2776 364 2817 quod
387 2785 450 2816 ego
479 2777 610 2811 Gallice
635 2781 782 2823 explico,

79 2829 151 2871 filet
162 2829 199 2860 de
208 2828 318 2871 perles.
350 2827 408 2858 Sic
424 2827 526 2859 etiam
544 2831 695 2871 explicat
710 2832 781 2863 Sal-

835 1477 897 1508 pro
920 1466 1041 1498 ordine
1074 1464 1324 1502 subselliorum,
1349 1466 1384 1493 et
1411 1472 1471 1503 pro
1489 1471 1541 1493 or-

835 1517 970 1548 chestra
1001 1516 1036 1547 in
1068 1525 1136 1556 qua
1171 1513 1355 1555 spectabat
1382 1513 1539 1544 Senatus.

834 1568 972 1609 Lipsius
1004 1568 1037 1598 in
1068 1566 1154 1598 notis
1176 1565 1218 1596 ad
1242 1564 1412 1595 Raderum
1429 1564 1537 1595 missis

836 1620 883 1650 sic
896 1618 1062 1659 explicat,
1086 1621 1124 1648 ut
1147 1615 1253 1647 refert
1277 1616 1351 1656 ipse
1363 1614 1537 1646 Raderus:

837 1672 846 1688 ‘
860 1669 966 1709 Mihi:
981 1669 1121 1710 iuquit,‘
1133 1667 1311 1698 videbatur
1323 1665 1401 1696 linea
1414 1675 1475 1705 pro
1487 1675 1539 1696 or-

836 1720 915 1752 dine
936 1719 1172 1750 subselliorum
1189 1716 1369 1757 capienda‚
1385 1720 1420 1747 et
1437 1715 1540 1746 inter-

836 1771 999 1813 pretabar
1025 1781 1090 1801 uon
1109 1770 1214 1801 solum
1232 1769 1391 1809 populum
1407 1767 1538 1798 habere

837 1822 928 1864 quod
942 1822 1083 1862 caperet
1096 1821 1129 1851 in
1148 1819 1341 1858 missilibus,
1357 1818 1416 1849 sed
1429 1824 1462 1849 et
1478 1819 1540 1849 Se-

836 1877 963 1903 natum.
1000 1871 1098 1903 Dz'ves
1114 1871 1218 1910 igitur
1243 1869 1323 1900 linea
1339 1868 1537 1900 orchestra!

841 1923 926 1954 Haec
938 1921 1110 1953 sententia
1124 1922 1237 1962 placet
1253 1920 1410 1957 Rader03
1437 1920 1540 1960 po'eta

839 1974 939 2011 enim,
973 1972 1097 2013 inquit,
1134 1971 1271 2002 videtur
1308 1970 1444 2002 consilio
1473 1970 1540 2001 dis-

840 2023 980 2055 tinxisse
996 2022 1173 2064 popularia
1191 2022 1231 2053 ab
1247 2022 1434 2062 orchestra,
1462 2031 1540 2052 cum

836 2073 1004 2114 subjecit:
1029 2077 1059 2104 et
1090 2074 1122 2103 z'n
1147 2073 1292 2113 populum
1308 2072 1405 2102 multa
1429 2071 1541 2112 rapina

837 2126 934 2157 cadit.
978 2124 1034 2155 Sic
1063 2123 1206 2154 Ovidius
1232 2123 1264 2153 in
1292 2121 1473 2153 Amoribus
1502 2122 1541 2152 li·

837 2185 936 2206 neam
955 2174 1082 2215 accipit
1100 2183 1161 2214 pro
1178 2173 1298 2204 ordine
1324 2172 1512 2203 sedentium
1530 2182 1538 2203 :

841 2226 850 2243 ‘
865 2225 956 2258 Quid
975 2224 1104 2255 frustra
1124 2222 1273 2264 refugis?
1297 2223 1387 2264 cogit
1414 2233 1473 2253 nos
1501 2222 1540 2252 li-

840 2274 1035 2316 neajungi.’
1082 2275 1222 2306 Lineam
1239 2274 1380 2305 divitem
1394 2273 1540 2304 libenter

841 2327 1050 2367 explicarem
1077 2324 1288 2364 schedulam,
1304 2324 1337 2355 in
1354 2334 1421 2366 qua
1432 2324 1539 2365 scrip-

841 2381 913 2407 tum
941 2379 1034 2406 esset
1058 2374 1136 2415 quid
1154 2374 1355 2414 pretiosum,
1372 2374 1461 2415 quod
1487 2384 1537 2404 re-

839 2427 967 2459 ferenti
983 2426 1179 2457 schedulam
1195 2425 1379 2456 donaretur
1394 2436 1402 2456 :
1425 2425 1458 2455 in
1475 2429 1538 2455 tes-

840 2480 925 2510 seris
942 2488 1023 2509 vero
1040 2487 1098 2507 seu
1114 2475 1257 2517 globulis
1271 2475 1390 2516 ligneis
1407 2475 1537 2515 scripta

839 2534 938 2561 erant
948 2529 1093 2560 ferarum
1105 2527 1254 2565 nomina,
1267 2536 1341 2567 quae
1355 2526 1536 2557 distribue·

839 2581 963 2612 bantur
984 2578 1197 2620 rapientibus
1225 2581 1384 2607 tesseras.
1424 2576 1476 2607 De
1500 2576 1535 2606 li-

837 2641 900 2662 nea
924 2629 1183 2670 margaritarum
1199 2627 1309 2666 agitur
1336 2627 1411 2666 lege
1430 2635 1534 2656 xxvl.

834 2681 869 2712 ff.
886 2681 946 2712 ‘ad
964 2681 1073 2720 legem
1087 2675 1295 2716 Falcidiam:
1322 2676 1444 2716 etlege
1462 2675 1537 2705 ulti-

836 2741 891 2763 ma
914 2729 951 2762 ff.
980 2729 1047 2760 ‘de
1074 2737 1169 2767 auro,
1200 2729 1354 2766 argento,
1381 2725 1534 2763 mundo:

836 2783 902 2863 &09-
938 2831 1031 2862 Nunc
1059 2826 1200 2866 veniunt]
1237 2827 1265 2857 E
1291 2826 1368 2857 loeo
1409 2833 1530 2864 nempe
