1893 3225
280 215 364 258 930
751 227 798 255 M.
834 225 946 256 vAL.
980 226 1251 257 MARTIAMS

812 462 878 491 AD
911 460 1197 490 CHARINUM.

388 530 536 581 QUOD
559 530 665 571 lana
683 533 819 583 caput
840 530 1008 582 alligas,
1028 528 1232 578 Charine,

391 599 493 640 Non
513 610 642 640 aures
662 598 756 646 tibi,
777 596 854 638 sed
874 596 1022 637 dolent
1044 596 1210 650 capilli.

315 692 346 724 Ο
366 693 513 733 Charine,
534 694 614 735 quod
629 693 700 724 lana
716 692 796 732 tegis
810 695 914 732 caput,
935 701 996 722 non
1018 701 1118 730 aures,
1141 692 1193 720 sed
1209 700 1302 722 comae
1320 690 1378 722 tibi
1395 692 1509 722 dolent.

925 777 1069 809 NOTAE

313 845 333 874 2
356 843 417 874 Sed
437 844 539 875 dolent
559 843 679 884 capilli]
703 843 833 875 Quibus
851 852 967 874 cares:
1026 842 1114 883 tegis
1131 842 1219 874 lana.

266 892 329 926 hoc
346 898 414 926 est:
440 895 490 926 Te
506 893 634 926 calvitii
649 893 768 935 pudet,
784 893 875 935 quod
890 892 968 924 ideo

927 1007 1059 1049 XCI.

832 1099 860 1128 D
872 1099 894 1127 Ε
929 1098 1100 1128 MARoN
1113 1098 1152 1127 E.

266 1167 372 1208 PRO
393 1180 509 1218 sene,
533 1165 611 1208 sed
632 1166 762 1217 clare,
783 1169 933 1207 votum
956 1166 1085 1207 Maro
1106 1165 1213 1206 fecit
1235 1165 1393 1215 amico,

318 1234 401 1276 Cui
421 1235 564 1288 gravis
587 1238 630 1275 et
650 1233 825 1275 fervens
845 1234 1133 1275 hemitritaeus
1157 1237 1268 1282 erat,

260 1302 309 1344 Si
331 1302 508 1356 Stygias
530 1314 645 1354 aeger
660 1313 744 1341 non
763 1300 844 1341 iret
863 1301 1023 1341 missus
1046 1300 1101 1340 ad
1120 1300 1278 1350 undas,

316 1369 380 1412 Ut
400 1369 583 1411 caderet
602 1381 761 1421 magno
783 1369 958 1409 victima
977 1373 1102 1421 grata
1123 1368 1152 1409 J
1157 1368 1242 1409 ovi.

259 1437 502 1492 Coeperunt
524 1440 686 1478 certam
707 1434 870 1480 medici
893 1435 1112 1488 spondere
1134 1435 1340 1475 salutem.
1687 1444 1716 1475 ί)

312 1506 383 1548 Ne
403 1509 557 1547 votum
586 1504 750 1553 solvat,
771 1516 887 1544 nunc
908 1502 1038 1544 Maro
1058 1506 1164 1544 vota
1183 1502 1304 1543 facit.

297 1611 392 1642 Maro
407 1611 541 1650 suscepit
555 1614 659 1641 votum
681 1619 737 1650 pro
761 1619 843 1649 sene,
867 1610 920 1640 secl
936 1609 1034 1639 amico
1060 1619 1145 1647 caro,
1167 1610 1220 1649 qui
1243 1607 1401 1640 laborabat
1420 1607 1512 1647 gravi
1532 1610 1562 1638 et
1575 1608 1716 1647 ferventi

252 1654 451 1693 hemitritaeo,
473 1654 501 1684 si
524 1657 662 1693 ‹vgrotus
678 1663 738 1683 non
754 1656 832 1683 esset
849 1653 961 1683 missus
984 1653 1023 1682 ml
1038 1654 1135 1682 undas
1151 1652 1294 1692 Stygias,
1315 1655 1349 1682 ut
1365 1651 1490 1682 victima
1505 1652 1715 1683 immolaretur

250 1701 346 1736 grata
370 1697 444 1728 Jovz‘
469 1706 591 1735 magna.
643 1696 758 1726 Medici
783 1698 939 1736 caeperunt
968 1695 1148 1734 promittere
1171 1699 1287 1726 certam
1313 1695 1453 1726 salutem.
1500 1693 1594 1725 Nune
1620 1695 1713 1726 IIIaro

252 1741 383 1781 suscipit
396 1743 481 1780 vota,
503 1749 540 1770 ne
555 1740 653 1770 solvat
666 1742 782 1770 votum.

293 1849 309 1877 1
337 1847 418 1878 Caro
434 1845 513 1877 edd.
528 1849 614 1877 vett.
630 1849 667 1876 et
678 1844 796 1876 Maitt.
812 1853 875 1884 pro
890 1846 983 1883 clare,
1001 1844 1091 1886 quod
1107 1844 1208 1876 habet
1223 1844 1298 1876 cod.
1312 1844 1511 1876 Beve1·l.-—3
1541 1844 1618 1876 Nem
1635 1849 1711 1877 esset

250 1889 333 1921 edd.
351 1893 439 1921 vett.
461 1889 593 1920 Umbras
607 1888 684 1919 cod.
701 1887 841 1920 Beverl.

921 1939 1061 1973 NOTAE
1165 1979 1170 1983 ι

291 2011 308 2038 l
336 2006 442 2047 Clare]
467 2007 516 2038 Ut
531 2015 656 2046 nempe
672 2014 775 2036 senex
792 2015 884 2045 aeger
900 2015 956 2036 au-
1054 2009 1073 2036 6
1099 2005 1148 2037 Ne
1185 2008 1288 2036 votum
1309 2004 1423 2046 solvat]
1449 2005 1599 2046 Propter
1622 2006 1710 2046 quod

245 2061 455 2102 diret,cujus
467 2059 704 2091 haereditatem
715 2057 877 2098 captabat
890 2058 955 2088 iste
1010 2055 1118 2087 haeres
1132 2055 1307 2087 institutus
1321 2054 1432 2086 fuerat
1448 2066 1467 2087 a
1490 2065 1583 2087 sene.

244 2113 355 2145 Maro.
1057 2106 1136 2137 Vota
1151 2105 1252 2145 facit]
1275 2106 1324 2137 Ut
1340 2106 1502 2137 moriatur
1528 2115 1645 2146 senex,
1667 2115 1710 2137 ne

286 2168 307 2196 2
331 2159 572 2201 Hemitritaeus]
611 2158 732 2190 Febris
768 2163 819 2190 est
857 2158 952 2190 semi·
1008 2156 1246 2189 haereditatem
1263 2157 1334 2198 ejus
1351 2157 1496 2188 amittat.

249 2214 416 2253 tertiana;
438 2212 497 2244 lib.
515 2221 556 2244 11.
571 2210 671 2252 Epig.
684 2212 738 2241 41.

898 2295 1055 2336 XCII.

794 2385 844 2414 IN
881 2384 1017 2414 MAGU
1031 2383 1181 2412 LLAM.

355 2454 626 2495 COMMUNIS
649 2453 732 2494 tibi
753 2466 854 2493 eum
877 2453 987 2500 viro,
1011 2450 1226 2503 Magalla,

354 2521 466 2563 Cum
488 2521 546 2563 sit
562 2520 769 2570 lectulus,
793 2523 835 2560 et
857 2519 914 2559 sit
931 2518 1151 2567 exoletus,

353 2589 517 2641 Quare,
539 2589 610 2629 dic
632 2588 755 2638 mihi,
776 2601 863 2629 non
886 2588 942 2628 sit
962 2591 1003 2627 et
1023 2585 1250 2627 minister?

353 2658 564 2712 Suspiras
583 2670 592 2698 :
622 2657 732 2697 ratio
751 2660 830 2706 est,
853 2656 984 2696 times
1006 2655 1220 2708 lagenam.

903 2742 1044 2774 NOTAE

291 2803 309 2831 3
335 2798 452 2839 Quare]
476 2798 544 2831 Cur
557 2808 620 2829 non
637 2802 671 2829 et
689 2796 859 2829 communi
873 2795 978 2828 uteris
996 2795 1199 2836 pocillatore
1217 2795 1227 2816 ἓ
